4192 6398
200 353 311 411 53⁸7

1384 354 1737 412 DOMINICA
1778 354 1824 412 V
1865 353 2468 423 QUADRAGESIMAE.

3526 312 3630 413 s38

209 477 368 538 servi
407 477 565 548 regis
598 479 672 533 ad
694 493 830 534 eum
867 500 878 538 :
916 480 1128 537 Omnia
1162 495 1560 554 quaecumque
1596 481 1878 554 praecepit
1907 481 1953 536 A
1985 481 2041 538 lii
2075 498 2306 554 eorum,
2329 482 2646 538 Achimaas
2668 481 2823 537 ﬁlius
2849 482 3060 547 Sadoc,
3084 485 3140 537 et
3158 483 3441 539 Jonathas
3469 483 3629 538 ﬁlius

211 567 506 623 Dominus
537 575 736 622 noster
766 583 887 639 rex,
922 568 1170 624 libenter
1200 571 1552 643 exequimur
1581 570 1728 625 servi
1762 571 1866 624 tui.

212 661 502 725 Egressus
533 665 621 710 est
644 672 783 725 ergo
813 674 935 723 rex,
970 666 1023 712 et
1053 659 1330 714 universa
1353 661 1568 714 domus
1595 660 1746 730 ejus,
1780 676 1877 730 pe-

213 745 393 800 dibus
413 744 536 799 suis
567 763 580 803 :
612 752 666 799 et
691 745 925 818 reliquit
947 763 1046 802 rex
1073 747 1278 803 decem
1301 747 1577 803 mulieres
1600 747 1876 802 concubi-

212 850 322 890 nas
353 833 434 889 ad
472 834 926 891 custodiendam
952 836 1223 892 domum.
1250 840 1532 907 Egressus
1553 853 1652 892 rex
1673 844 1727 890 et
1749 852 1876 892 om-

213 921 306 979 nis
339 922 519 978 Israel
563 923 820 995 pedibus
853 924 994 990 suis,
1029 927 1178 981 stetit
1224 927 1431 998 procul
1478 944 1513 982 a
1571 927 1774 990 domo,
1825 933 1878 980 et

213 1011 478 1068 universi
507 1012 660 1066 servi
683 1013 810 1082 ejus
828 1013 1221 1070 ambulabant
1246 1016 1414 1085 juxta
1444 1031 1603 1083 eum,
1628 1015 1876 1086 etlegio-

215 1115 319 1156 nes
339 1099 592 1170 Cerethi,
625 1106 680 1156 et
710 1101 990 1170 Phelethi,
1026 1107 1082 1159 et
1111 1119 1320 1159 omnes
1352 1105 1567 1159 (lethaei
1589 1111 1877 1176 pugnato-

215 1206 306 1247 res
335 1188 541 1253 validi,
566 1189 826 1244 sexcenti
850 1191 976 1255 viri,
1014 1191 1118 1263 qui
1160 1193 1343 1247 secuti
1377 1208 1513 1247 eum
1540 1193 1772 1247 fuerant
1805 1192 1877 1246 de

217 1279 359 1336 Geth
392 1278 647 1350 pedites,
673 1279 1090 1349 praecedebant
1115 1295 1336 1350 regem.
1369 1282 1522 1336 Dixit
1548 1289 1746 1336 autem
1775 1297 1878 1336 rex

217 1368 292 1423 ad
326 1367 497 1422 Ethai
533 1366 840 1422 Gethaeum
877 1385 888 1422 :
917 1371 1027 1423 Cur
1073 1369 1241 1424 venis
1294 1370 1609 1425 nobiscum
1634 1371 1661 1426 ?
1691 1385 1881 1424 rever-

219 1461 355 1522 tere,
390 1461 446 1510 et
482 1455 692 1510 habita
727 1472 864 1510 cum
904 1471 1061 1526 rege,
1110 1458 1252 1529 quia
1305 1459 1655 1530 peregrinus
1697 1474 1778 1521 es,
1827 1462 1881 1513 et

219 1560 496 1616 egressus
533 1561 594 1600 es
622 1545 694 1599 de
721 1544 853 1600 loco
878 1551 996 1602 tuo.
1035 1547 1411 1612 Herivenisti,
1441 1556 1494 1602 et
1519 1547 1695 1602 hodie
1723 1563 1881 1602 com-

218 1635 454 1708 pelleris
486 1633 815 1689 nobiscum
849 1635 1048 1704 egredi
1072 1635 1100 1689 Ῡ
1130 1651 1240 1705 ego
1272 1642 1471 1692 autem
1501 1637 1715 1692 vadam
1759 1652 1879 1707 quo

221 1725 405 1780 iturus
425 1739 594 1778 sum:
621 1729 928 1790 revertere,
949 1725 1200 1781 etreduc
1219 1731 1413 1781 tecum
1431 1726 1636 1781 fratres
1656 1730 1806 1790 tuos,
1828 1730 1881 1780 et

1985 574 2269 630 Abiatliar
2305 589 2314 627 :
2354 577 2409 627 et
2439 570 2675 626 mittetis
2696 586 2801 641 per
2823 586 2925 625 eos
2957 571 3032 625 ad
3060 587 3154 624 me
3178 587 3356 626 omne
3379 572 3631 627 verbum

1985 663 2148 734 quod
2180 661 2502 716 audieritis.
2535 660 2809 714 Veniente
2836 675 2976 729 ergo
3010 659 3182 714 Chusi
3220 661 3412 714 amico
3445 661 3631 714 David

1986 753 2045 806 in
2074 752 2394 812 civitatem,
2418 748 2705 804 Absalom
2732 763 2967 820 quoque
2989 749 3292 816 ingressus
3325 752 3410 802 est
3437 748 3634 802 Hieru-

1987 839 2191 903 salem,
2221 843 2276 893 et
2307 837 2652 908 Achitophel
2691 853 2826 890 cum
2856 851 2945 891 eo.
2980 836 3149 906 (Cap.
3191 839 3334 904 xv1).
3365 834 3633 910 Cumque

1987 928 2175 983 David
2207 927 2512 982 transisset
2544 925 2856 996 paululum
2888 925 3108 980 montis
3131 923 3432 991 verticem,
3452 938 3635 994 appa-

1986 1017 2102 1073 ruit
2134 1016 2276 1073 Siba
2316 1031 2463 1086 puer
2489 1014 2879 1085 Miphiboseth
2909 1015 2969 1068 in
3000 1028 3315 1068 occursum
3338 1012 3466 1082 ejus
3496 1027 3635 1068 cum

1987 1105 2225 1161 duobus
2239 1104 2443 1166 asinis,
2459 1103 2560 1175 qui
2577 1103 2800 1158 onerati
2820 1101 3271 1158 erantducentis
3296 1100 3637 1171 panibus,et

1987 1201 2225 1249 centum
2246 1193 2571 1262 alligaturis
2593 1209 2718 1246 uvas
2731 1207 2946 1263 passaa,
2973 1195 3028 1246 et
3044 1195 3282 1245 centum
3299 1187 3516 1243 massis
3535 1203 3638 1258 pa-

1986 1284 2309 1350 latharum,
2333 1287 2387 1336 et
2409 1281 2646 1336 duobus
2667 1279 2895 1334 utribus
2914 1279 3056 1334 vini.
3076 1278 3295 1334 Etdixit
3315 1292 3417 1332 rex
3437 1276 3590 1331 Sibaa
3619 1292 3631 1331 :

1990 1373 2138 1440 Quid
2165 1373 2269 1427 sibi
2293 1369 3140 1441 voluntbmc‘mesponditque
3165 1367 3346 1423 Siba:
3387 1365 3638 1421 Domine

1988 1464 2060 1518 mi
2091 1479 2192 1518 rex
2219 1461 2433 1526 :Asini,
2464 1459 2798 1514 domesticis
2826 1459 2980 1530 regis
2999 1463 3060 1513 ut
3084 1457 3358 1514 sedeant:
3384 1461 3639 1526 etpanes

1990 1556 2045 1606 et
2074 1550 2351 1622 palathaa.
2386 1548 2463 1604 ad
2504 1548 2869 1602 vescendum
2899 1546 3095 1618 pueris
3117 1545 3228 1600 tuis
3259 1561 3270 1600 :
3304 1543 3511 1598 vinum
3535 1557 3639 1598 au-

1991 1643 2130 1701 tem,
2163 1645 2224 1691 ut
2246 1637 2411 1692 bibat
2432 1635 2630 1706 siquis
2655 1635 2930 1690 defecerit
2949 1634 3007 1688 in
3030 1633 3282 1688 deserto.
3312 1634 3376 1686 Et
3398 1631 3475 1685 ait
3494 1645 3595 1685 rex
3624 1647 3636 1685 :

1991 1727 2098 1782 Ubi
2120 1731 2210 1781 est
2234 1726 2390 1780 ﬁlius
2423 1723 2649 1778 domini
2675 1723 2756 1778 tui
2780 1724 2807 1779 ?
2831 1721 3272 1793 Responditque
3295 1719 3436 1776 Siba
3463 1718 3588 1787 regi
3624 1734 3635 1773 :

223 1813 507 1868 Dominus
536 1812 709 1867 faciet
748 1817 942 1868 tecum
975 1813 1443 1870 misericordiam
1467 1821 1522 1870 et
1552 1814 1875 1879 veritatem,
1919 1833 1961 1888 Β
1990 1815 2292 1870 Reinansit
2334 1815 2391 1868 in
2442 1811 2827 1878 Hierusalem,
2871 1811 3075 1866 dicens
3108 1827 3124 1864 :
3155 1809 3338 1864 Hodie
3376 1807 3642 1862 restituet

226 1902 366 1973 quia
380 1901 692 1956 ostendisti
712 1903 963 1970 gratiam
986 1902 1262 1958 etfidem.
1292 1903 1681 1975 Etrespondit
1712 1903 1876 1958 Ethai

228 1991 362 2059 regi,
391 1990 598 2045 dicens
627 2006 639 2045 :
670 1989 819 2045 Vivit
839 1991 1145 2058 Dominus,
1176 1993 1381 2048 etvivit
1405 1992 1686 2047 dominus
1709 2009 1878 2048 meus

222 2095 318 2135 rex
351 2096 363 2134 :
392 2079 680 2150 quoniam
697 2078 756 2134 in
773 2095 1157 2152 quocumque
1177 2081 1308 2137 loco
1330 2081 1512 2137 fueris
1534 2081 1776 2136 domine
1796 2080 1877 2136 mi

217 2183 336 2237 rex,
364 2168 487 2222 sive
524 2167 585 2222 in
608 2175 817 2233 morte,
851 2168 969 2224 sive
999 2169 1058 2224 in
1082 2169 1222 2235 vita,
1251 2169 1331 2224 ibi
1356 2169 1460 2225 erit
1482 2185 1687 2226 servus
1715 2176 1871 2225 tuus.

219 2258 276 2310 Et
322 2256 400 2311 ait
435 2256 634 2311 David
694 2256 858 2311 Ethai
894 2273 906 2312 :
938 2257 1105 2328 Veni,
1154 2262 1209 2312 et
1263 2259 1464 2313 transi.
1511 2261 1573 2312 Et
1611 2257 1877 2313 transivit

218 2345 380 2401 Ethai
410 2346 712 2410 Gethaaus,
745 2353 799 2400 et
824 2361 948 2415 rex,
979 2352 1034 2402 et
1074 2362 1284 2402 omnes
1314 2347 1441 2413 viri,
1476 2349 1578 2419 qui
1637 2364 1772 2404 cuin
1806 2363 1876 2403 eo

219 2442 396 2500 erant,
422 2442 479 2490 et
504 2434 737 2506 reliqua
761 2434 1098 2491 multitudo.
1127 2438 1470 2508 Omnesque
1487 2436 1712 2492 ﬂebant
1731 2452 1877 2492 voce

218 2537 457 2589 magna,
508 2526 565 2576 et
597 2522 912 2576 universus
943 2523 1206 2594 populus
1237 2523 1532 2580 transibat
1563 2540 1572 2578 :
1609 2540 1709 2579 rex
1738 2538 1878 2578 vero

217 2610 1108 2681 transgrediebaturtorrentem
1135 2614 1386 2676 Cedron,
1421 2618 1476 2668 et
1503 2617 1752 2668 cunctus
1777 2628 1879 2683 po-

219 2701 390 2772 pulus
408 2699 734 2756 incedebat
760 2706 971 2756 contra
993 2701 1150 2756 viam
1183 2701 1372 2766 olivae,
1393 2717 1528 2773 quae
1545 2701 1781 2773 respicit
1802 2701 1878 2756 ad

222 2791 550 2847 desertum.
575 2790 737 2846 Venit
765 2795 965 2845 autem
995 2791 1187 2847 Sadoc
1216 2791 1515 2854 sacerdos,
1542 2796 1596 2846 et
1617 2789 1878 2846 universi

223 2881 427 2936 Levitis
458 2895 607 2936 cum
625 2895 714 2945 eo,
745 2883 1048 2951 portantes
1067 2894 1261 2935 arcam
1294 2879 1532 2934 fcederis
1562 2878 1682 2945 Dei,
1704 2883 1761 2934 et
1781 2879 1878 2934 de-

220 2976 771 3041 posueruntarcam
805 2969 906 3023 Dei
937 2985 952 3023 :
986 2973 1041 3024 et
1074 2967 1654 3033 ascenditAbiathar,
1687 2968 1878 3023 donec

222 3059 492 3132 expletus
517 3063 672 3114 esset
691 3059 888 3114 omnis
905 3057 1294 3130 populus,qui
1314 3073 1586 3128 egressus
1599 3056 1788 3113 fuerat
1805 3057 1878 3112 de

223 3150 472 3205 civitate.
509 3151 573 3203 Et
598 3148 738 3204 dixit
766 3164 869 3204 rex
896 3148 974 3203 ad
1000 3148 1192 3204 Sadoc
1227 3163 1237 3202 :
1271 3151 1524 3220 Reporta
1545 3163 1746 3203 arcam
1776 3146 1877 3202 Dei
1910 3175 1954 3234 ο

223 3239 279 3294 in
298 3240 516 3296 urbem
551 3257 563 3291 :
592 3239 638 3293 si
662 3239 942 3294 invenero
962 3238 1213 3308 gratiam
1237 3238 1296 3293 in
1315 3238 1501 3294 oculis
1527 3237 1770 3301 Domini,
1795 3254 1880 3292 re-

225 3328 400 3385 ducet
429 3344 551 3396 me,
581 3327 924 3384 etostendet
957 3327 1104 3383 mibi
1141 3343 1294 3393 eam,
1335 3333 1391 3383 et
1426 3326 1878 3383 tabernaculum

225 3434 425 3473 suum.
461 3418 520 3474 Si
545 3423 744 3473 autem
767 3417 1149 3473 dixeritmibi
1185 3438 1196 3470 :
1239 3420 1365 3473 Non
1391 3417 1591 3490 places
1624 3420 1879 3488 :prresto

227 3521 384 3577 sum,
415 3507 596 3563 faciat
621 3508 783 3578 quod
807 3507 1034 3562 bonum
1069 3510 1158 3562 est
1184 3522 1384 3562 coram
1419 3523 1499 3562 se.
1531 3509 1596 3562 Et
1616 3507 1880 3562 dixitrex

226 3593 303 3650 ad
329 3595 524 3652 Sadoc
543 3595 913 3651 sacerdotem
949 3611 960 3648 :
992 3597 1034 3651 Ο
1054 3595 1261 3650 videns
1281 3600 1571 3651 revertere
1592 3595 1650 3650 in
1680 3595 1879 3650 civita-

225 3688 341 3740 tem
373 3684 435 3742 in
464 3699 611 3754 pace
641 3700 652 3739 :
687 3689 744 3740 et
776 3684 1089 3739 Achimaas
1114 3683 1271 3738 filius
1320 3689 1476 3750 tuus,
1517 3688 1572 3740 et
1599 3685 1881 3740 Jonathas

225 3771 383 3826 ﬁlius
406 3771 713 3842 Abiathar,
744 3772 866 3827 duo
888 3772 992 3827 filii
1017 3772 1218 3836 vestri,
1250 3772 1716 3828 sintvobiscum.
1737 3776 1882 3828 Ecce

228 3875 343 3928 ego
376 3858 717 3914 abscondar
742 3860 801 3913 in
831 3858 1260 3930 compestribus
1287 3860 1523 3926 deserti,
1557 3861 1746 3915 donec
1785 3877 1882 3916 ve-

223 3949 350 4004 niat
384 3962 586 4002 sermo
616 3964 651 4003 a
689 3948 856 4004 vobis
883 3949 1155 4003 indicans
1205 3948 1373 4002 mihi.
1417 3951 1886 4019 Reportaverunt

226 4051 370 4104 ergo
405 4035 602 4091 Sadoc
633 4043 688 4092 et
708 4037 993 4092 Abiathar
1015 4051 1217 4091 arcam
1247 4036 1345 4090 Dei
1377 4036 1433 4090 in
1471 4036 1835 4091 Hierusalem
1871 4054 1881 4092 :

225 4131 281 4182 et
317 4126 782 4181 manseruntibi.
815 4129 991 4180 Porro
1024 4126 1212 4180 David
1257 4124 1626 4180 ascendebat
1665 4125 1885 4179 clivum

228 4214 551 4279 olivarum,
582 4215 874 4270 scandens
907 4219 961 4270 et
999 4214 1170 4280 flens,
1217 4212 1396 4268 nudis
1435 4211 1694 4284 pedibus
1734 4213 1888 4268 ince-

231 4304 401 4370 dens,
432 4308 490 4359 et
511 4309 718 4376 Operto
770 4304 961 4375 capite
993 4321 1003 4359 :
1037 4303 1141 4358 sed
1174 4310 1227 4358 et
1249 4303 1445 4358 omnis
1470 4302 1753 4374 populus,
1785 4303 1890 4375 qui

233 4398 360 4448 erat
405 4408 544 4448 cum
594 4408 684 4459 eo,
735 4399 940 4464 Operto
977 4393 1162 4464 capite
1223 4391 1585 4446 ascendebat
1621 4391 1884 4462 plorans.

236 4482 591 4538 Nunciatum
611 4487 702 4538 est
723 4486 924 4536 autem
955 4480 1164 4545 David,
1185 4479 1349 4552 quod
1373 4479 1714 4550 Achitophel
1737 4486 1888 4536 esset

237 4572 293 4626 in
309 4570 728 4642 conjuratione
752 4587 885 4625 cum
906 4569 1487 4641 Absalom.Dixitque
1502 4569 1718 4624 David:
1743 4571 1889 4626 Infa-

241 4665 357 4726 tua,
398 4677 631 4732 quaeso,
666 4661 912 4716 Domine
943 4658 1256 4715 consilium
1293 4657 1663 4731 Achitophel.
1719 4664 1890 4717 Cum-

241 4765 352 4820 que
385 4749 728 4806 ascenderet
757 4749 945 4805 David
975 4748 1382 4804 summitatem
1415 4749 1654 4811 montis,
1687 4749 1747 4804 in
1768 4767 1889 4822 quo

244 4837 594 4894 adoraturus
616 4843 738 4894 erat
769 4838 1113 4905 Dominum,
1143 4852 1278 4892 ecce
1306 4837 1558 4891 occurrit
1588 4837 1637 4892 ei
1671 4839 1889 4895 Chusai

245 4928 564 4992 Arachites,
617 4927 802 4982 scissa
853 4931 1031 4991 veste,
1081 4931 1135 4980 et
1164 4930 1317 4980 terra
1350 4925 1527 4997 pleno
1565 4927 1779 4998 capite.
1827 4932 1890 4984 Et

245 5014 382 5071 dixit
413 5019 464 5072 ei
501 5016 682 5073 David
715 5031 726 5069 :
764 5015 819 5071 Si
853 5016 1077 5070 veneris
1106 5030 1365 5079 mecum,
1389 5015 1501 5071 eris
1535 5016 1679 5071 mibi
1702 5018 1886 5084 oneri,

249 5105 294 5158 si
328 5113 528 5163 autem
561 5105 622 5160 in
649 5107 944 5160 civitatem
970 5105 1304 5172 revertaris,
1352 5109 1408 5160 et
1441 5105 1658 5160 dixeris
1703 5107 1890 5162 Absa-

246 5191 359 5250 lom
395 5213 405 5252 :
451 5199 667 5253 Servus
708 5199 842 5249 tuus
903 5210 1057 5260 sum,
1100 5209 1200 5248 rex
1232 5210 1242 5248 2
1280 5198 1474 5265 patere
1513 5211 1599 5249 me
1649 5196 1843 5250 vivere
1876 5214 1888 5249 :

247 5281 390 5340 sicut
416 5286 498 5341 fui
526 5301 732 5341 servus
765 5284 1067 5355 patristui,
1091 5283 1171 5338 sic
1193 5299 1294 5338 ero
1324 5299 1527 5338 servus
1560 5288 1693 5339 tuus
1727 5306 1739 5340 :
1770 5286 1893 5340 dis-

248 5371 466 5444 sipabis
493 5374 809 5430 consilium
840 5372 1207 5444 Achitophel.
1241 5372 1432 5428 Habes
1464 5380 1663 5429 autem
1698 5380 1890 5429 tecum

245 5459 429 5519 Sadoc
473 5468 529 5520 et
571 5462 856 5518 Abiathar
908 5462 1292 5518 sacerdotes:
1326 5464 1381 5516 et
1411 5477 1589 5518 omne
1638 5461 1892 5519 verbum

246 5554 656 5626 quodcumque
669 5551 925 5609 audieris
939 5553 999 5608 in
1012 5553 1185 5608 domo
1198 5550 1375 5621 regis,
1396 5549 1686 5607 indicabis
1702 5552 1893 5609 Sadoc

249 5645 300 5697 et
319 5641 605 5702 Abiathar
623 5640 1054 5700 sacerdotibus.
1082 5643 1228 5699 Sunt
1245 5640 1406 5698 enim
1423 5656 1560 5697 cum
1584 5641 1667 5697 eis
1687 5641 1808 5698 duo
1827 5642 1892 5697 ﬁ-

1989 1905 2132 1960 mibi
2172 1904 2388 1958 domus
2422 1901 2600 1956 Israel
2635 1916 2888 1970 regnum
2919 1900 3104 1971 patris
3153 1898 3288 1953 mei.
3343 1899 3406 1950 Et
3435 1896 3516 1950 ait
3543 1910 3640 1950 rex

1991 1993 2141 2050 Sibae
2175 2011 2187 2047 :
2231 1995 2352 2046 Tua
2383 1990 2501 2044 sint
2526 1989 2730 2044 omnia
2771 2005 2906 2058 quae
2948 1988 3186 2043 fuerunt
3225 1983 3637 2056 Miphiboseth.

1988 2081 2256 2151 Dixitque
2279 2080 2445 2135 Siba:
2468 2077 2736 2148 Oro,ut3
2753 2078 2856 2147 17
2878 2076 3179 2131 inveniam
3199 2073 3453 2143 gratiam
3475 2070 3638 2142 apud

1986 2168 2306 2233 te,domine
2325 2167 2406 2223 mi
2427 2183 2548 2222 rex.
2572 2166 2734 2221 Venit
2755 2179 2896 2234 ergo
2913 2180 3014 2218 rex
3038 2162 3220 2218 David
3236 2176 3426 2233 usque
3447 2160 3637 2215 Bahuo

1982 2260 2097 2315 rim
2126 2274 2144 2314 :
2181 2262 2236 2314 et
2275 2273 2408 2312 ecce
2435 2254 2850 2326 egrediebatur
2879 2253 3017 2308 inde
3047 2252 3133 2306 vir
3173 2251 3246 2306 de
3279 2248 3637 2318 cognatione

1985 2348 2202 2404 domus
2235 2345 2394 2409 Saul,
2437 2345 2684 2400 nomine
2729 2343 2940 2407 Semei,
2977 2341 3138 2397 filius
3172 2343 3320 2396 Gera
3353 2338 3636 2410 procede-

1985 2437 2207 2509 batque
2224 2435 2557 2506 egrediens,
2575 2437 2628 2488 et
2644 2431 3061 2496 maledicebat,
3081 2428 3472 2499 mittebatque
3495 2427 3639 2498 lapi-

1987 2527 2092 2583 des
2121 2530 2326 2582 contra
2358 2523 2563 2592 David,
2609 2529 2665 2578 et
2684 2526 2891 2577 contra
2919 2521 3228 2576 universos
3259 2533 3458 2572 servos
3479 2515 3635 2585 regis

1990 2615 2171 2672 David
2195 2633 2206 2670 :
2225 2613 2420 2669 omnis
2439 2617 2639 2667 autem
2659 2609 2941 2682 pOpulus,
2958 2613 3013 2664 et
3029 2607 3286 2663 universi
3300 2605 3636 2670 bellatores,

1991 2705 2246 2761 adextro
2268 2707 2324 2757 et
2351 2717 2386 2756 a
2404 2699 2641 2754 sinistro
2664 2697 3010 2766 latereregis
3029 2694 3405 2752 incedebant.
3439 2694 3521 2748 Ita
3539 2707 3642 2747 au-

1987 2797 2106 2849 tem
2128 2790 2486 2863 loquebatur
2512 2787 2702 2844 Semei
2720 2802 2858 2841 cum
2881 2785 3259 2840 malediceret
3277 2782 3397 2850 regi
3424 2798 3436 2836 :
3475 2784 3642 2850 Egre-

1988 2881 2148 2950 dere,
2177 2879 2455 2950 egredere
2484 2878 2570 2932 vir
2589 2876 2976 2945 sanguinum,
2997 2879 3054 2929 et
3075 2874 3165 2927 vir
3192 2871 3393 2927 Belial.
3431 2868 3640 2924 Reddi.

1989 2969 2072 3024 dit
2089 2969 2190 3024 tibi
2210 2967 2489 3023 Dominus
2507 2965 2841 3020 universum
2857 2962 3206 3031 sanguinem
3220 2960 3428 3013 domus
3454 2956 3592 3013 Saul
3625 2973 3636 3012 :

1989 3057 2275 3130 quoniam
2293 3053 2562 3110 invasisti
2588 3067 2838 3122 regnum
2860 3066 2968 3121 pro
2983 3065 3068 3114 eo,
3092 3053 3146 3104 et
3168 3047 3330 3102 dedit
3349 3045 3638 3101 Dominus

1987 3162 2240 3216 regnum
2259 3145 2319 3199 in
2343 3159 2528 3198 manu
2547 3139 2831 3196 Absalom
2847 3138 2950 3193 filii
2968 3138 3051 3194 tui
3085 3153 3095 3192 :
3122 3141 3178 3192 et
3199 3151 3332 3191 ecce
3356 3135 3640 3206 premunt

1989 3244 2040 3292 te
2073 3235 2234 3291 mala
2265 3240 2387 3302 tua,
2409 3230 2696 3303 quoniam
2731 3229 2820 3282 vir
2845 3226 3206 3297 sanguinum
3240 3241 3322 3280 es.
3355 3223 3510 3278 Dixit
3536 3237 3639 3277 au-

1990 3330 2108 3382 tem
2128 3322 2330 3380 Abisai
2352 3321 2506 3376 ﬁlius
2527 3318 2739 3376 Servizn
2758 3317 2881 3387 regi
2906 3334 2917 3371 ε
2940 3323 3132 3381 Quare
3153 3312 3450 3369 maledicit
3468 3310 3641 3366 canis

1989 3415 2083 3470 hic
2117 3412 2438 3468 moriturus
2455 3408 2706 3464 domino
2737 3422 2870 3461 meo
2887 3405 3057 3474 regi?
3079 3402 3322 3466 vadam,
3352 3406 3407 3456 et
3432 3416 3646 3471 ampu-

1990 3504 2132 3560 tabo
2163 3506 2342 3573 caput
2369 3499 2518 3569 ejus.
2543 3501 2608 3552 Et
2633 3496 2714 3552 ait
2743 3511 2845 3551 rex
2879 3511 2891 3549 :
2919 3492 3071 3560 Quid
3101 3491 3244 3547 mihi
3278 3495 3333 3545 et
3359 3488 3531 3545 vobis
3562 3491 3647 3544 est

1991 3592 2092 3648 ﬁlii
2111 3591 2330 3647 Sarviaa
2354 3588 2381 3643 ?
2403 3586 2674 3643 dimittite
2697 3601 2858 3650 eum,
2891 3588 2954 3638 ut
2970 3581 3291 3638 maledicat
3322 3595 3335 3633 :
3357 3576 3645 3633 Dominus

1991 3683 2148 3737 enim
2182 3678 2464 3752 praecepit
2489 3676 2540 3731 ei
2563 3674 3024 3731 utmalediceret
3051 3669 3242 3727 David
3269 3687 3281 3722 :
3314 3671 3368 3724 et
3393 3667 3529 3739 quis
3560 3669 3648 3721 est

1992 3772 2096 3842 qui
2126 3769 2344 3826 audeat
2364 3767 2576 3830 dicere,
2611 3779 2796 3836 quare
2829 3763 2910 3818 sic
2942 3760 3182 3816 fecerit?
3209 3758 3273 3813 Et
3288 3757 3368 3813 ait
3390 3772 3488 3811 rex
3515 3753 3647 3809 Abi-

1993 3860 2099 3923 sai,
2138 3863 2193 3915 et
2224 3855 2514 3913 universis
2542 3853 2727 3909 servis
2751 3854 2873 3906 suis
2915 3869 2927 3909 :
2962 3853 3106 3905 Ecce
3142 3848 3299 3902 ﬁlius
3325 3861 3514 3914 meus,
3541 3842 3647 3914 qui

1995 3963 2271 4017 egressus
2293 3951 2378 4000 est
2404 3944 2478 3998 de
2510 3950 2674 3998 utero
2704 3956 2850 4005 meo,
2885 3939 3098 4010 quaerit
3115 3936 3380 3991 animam
3406 3949 3600 3988 meam
3625 3946 3637 3985 :

1995 4039 2223 4107 quanto
2252 4033 2443 4101 magis
2460 4031 2555 4084 hic
2577 4029 2732 4083 filius
2761 4027 2971 4082 Jemini
2993 4023 3305 4080 maledicet
3339 4021 3484 4076 mihi
3503 4020 3531 4076 ‘?
3552 4019 3644 4073 di-

1997 4122 2204 4179 mittite
2226 4137 2383 4184 eum,
2403 4123 2466 4173 ut
2483 4117 2799 4172 maledicat
2809 4116 2828 4186 j
2841 4119 2979 4169 uxta
2992 4115 3356 4184 praeceptum
3371 4107 3605 4162 Domini
3631 4124 3643 4165 :

1999 4211 2048 4266 si
2075 4211 2221 4266 forte
2251 4207 2528 4279 respiciat
2559 4205 2844 4260 Dominus
2885 4202 3272 4257 afﬂictionem
3312 4212 3510 4252 meam
3542 4211 3558 4249 :
3593 4198 3651 4250 et

1998 4300 2210 4357 reddat
2233 4297 2376 4353 mihi
2407 4295 2693 4351 Dominus
2716 4293 2945 4348 bonum
2969 4306 3077 4362 pro
3096 4287 3511 4344 maledictione
3533 4285 3647 4340 hac

1999 4391 2308 4446 hodierna.
2328 4383 2689 4442 Ambulabat
2711 4383 2910 4454 itaque
2938 4379 3122 4436 David
3145 4377 3360 4434 etsocii
3391 4376 3516 4447 ejus
3537 4391 3644 4447 per

2000 4479 2159 4534 viam
2183 4494 2316 4532 cum
2347 4492 2435 4532 eo.
2473 4473 2664 4531 Semei
2705 4478 2924 4535 autem,
2952 4485 3058 4541 per
3078 4469 3292 4540 jugum
3324 4464 3544 4521 montis
3575 4480 3647 4520 ex

2001 4568 2199 4633 latere,
2258 4570 2464 4621 contra
2508 4563 2674 4618 illum
2728 4559 3130 4631 gradiebatur,
3173 4555 3558 4619 maledicens,
3594 4557 3650 4609 et

2001 4657 2241 4711 mittens
2257 4652 2485 4726 lapides
2499 4652 2811 4706 adversum
2824 4664 2972 4711 eum,
2992 4654 3315 4715 terramque
3336 4656 3646 4714 spargens.

2003 4746 2170 4801 Venit
2192 4746 2390 4816 itaque
2410 4758 2512 4797 rex
2531 4740 2740 4809 David,
2757 4746 2811 4792 et
2834 4738 3141 4791 universus
3155 4732 3412 4804 populus
3426 4746 3563 4785 cum
3577 4745 3648 4785 eo

1997 4830 2594 4898 lassus,etrefocillati
2614 4835 2750 4883 sunt
2779 4826 2880 4882 ibi.
2899 4823 3188 4880 Absalom
3210 4826 3403 4877 autem
3431 4825 3486 4874 et
3520 4835 3647 4874 om-

1999 4925 2090 4980 nis
2121 4921 2381 4995 populus
2408 4921 2539 4990 ejus
2578 4916 2828 4987 ingressi
2867 4918 3005 4969 sunt
3027 4909 3416 4975 Hierusalem,
3454 4907 3560 4964 sed
3593 4911 3650 4966 et

2000 5009 2506 5084 Achitophelcum
2529 5023 2624 5063 eo.
2665 5017 2734 5067 nn.
2775 5005 2983 5059 Amen.

2071 5104 2369 5171 Hymnus.
2404 5098 2596 5154 Noctis
2639 5103 2890 5166 tempus,
2922 5093 3032 5162 fol.
3067 5095 3192 5146 257.

2074 5191 2382 5259 Capitula.
2409 5185 2650 5242 Intende
2693 5189 2744 5238 et
2777 5181 2993 5238 exaudi
3028 5197 3137 5235 nos
3179 5179 3463 5246 Domine;
3496 5193 3650 5248 quos

2002 5276 2563 5336 frendentisinimici
2587 5273 2915 5330 adversitas
2933 5270 3251 5326 conturbat
3275 5286 3286 5334 ;
3310 5266 3650 5323 etcontritio

2003 5367 2414 5443 persequentis
2446 5365 2706 5434 exagitat
2741 5380 2753 5418 :
2787 5367 2869 5427 ut,
2901 5361 3048 5416 dum
3079 5359 3270 5415 cernis
3319 5360 3548 5410 mentes
3589 5353 3652 5406 in

2003 5441 2114 5515 nos
2139 5457 2425 5514 desaevire
2451 5454 2718 5520 rebelles,
2743 5450 3160 5522 magnanimes
3189 5463 3300 5502 nos
3332 5441 3575 5503 efﬁcias,
3597 5443 3655 5494 et

2002 5548 2223 5606 invicta
2242 5547 2460 5602 virtute
2500 5545 2836 5612 succingas.

2075 5641 2240 5694 Pater
2264 5640 2487 5693 noster.
