4192 6444
491 367 598 430 539

569 503 795 562 Lauda.
824 505 955 562 Feci
975 506 1273 579 judicium
1304 513 1360 566 et
1383 511 1690 580 justitiam,
1731 512 1976 568 Domine
2013 529 2024 566 :
2057 526 2131 574 ne
2159 513 2210 574 Α

493 593 694 656 tradas
732 611 828 652 me
851 598 1350 669 persequentibus
1375 615 1496 656 me.
1537 601 1598 660 tif.
1633 601 1846 672 Excipe
1891 617 2128 656 servum

490 687 665 742 tuum
693 684 754 739 in
781 685 940 741 bono
979 702 991 742 :
1033 691 1098 741 ut
1123 701 1244 743 non
1271 687 1710 745 calumniantur
1738 706 1836 745 me
1867 689 2127 760 superbi.

569 772 794 830 Oratio.
815 773 1112 830 Judicium
1138 780 1194 831 et
1202 776 1487 846 justitiam
1510 777 1658 832 doce
1678 794 1788 833 nos
1809 778 1998 834 facere
2026 780 2134 832 Do-

495 861 691 931 mine;
718 862 970 934 qualiter
1019 864 1327 919 valeamus
1365 865 1758 936 superborum
1801 866 2131 922 calumnias

499 949 850 1006 conculcare
879 967 892 1007 :
921 951 1119 1023 excipe
1145 967 1342 1007 servos
1367 956 1500 1008 tuos
1527 954 1587 1008 in
1617 953 1801 1020 bono,
1831 955 1974 1026 quia
2003 970 2131 1026 spe-

497 1041 634 1094 rant
652 1038 712 1094 in
726 1038 982 1095 salutare
1007 1045 1173 1098 tuum
1207 1057 1218 1095 :
1247 1057 1624 1113 quorumque
1647 1043 1952 1098 interiores
1975 1045 2130 1100 oculi

501 1125 710 1181 Christi
740 1127 823 1181 tui
853 1132 1163 1199 expectant
1197 1143 1469 1197 regnum,
1497 1129 1607 1184 hos
1642 1135 1871 1200 partem
1909 1131 2130 1187 habere

502 1212 673 1270 facito
698 1214 760 1268 in
785 1216 1080 1272 consortio
1111 1216 1456 1272 Electorum.
1490 1229 1552 1287 ni.
1593 1219 1805 1274 Amen.
1836 1220 1961 1273 Per.

1114 1305 1212 1359 Ad
1241 1306 1516 1361 Tertiam.

601 1393 793 1448 Lectio
822 1392 962 1447 libri
985 1392 1336 1449 Ecclesiaste:
1355 1393 1686 1450 Salomonis
1704 1394 1880 1465 (Cap.
1901 1395 2022 1466 vn).

567 1491 631 1550 ﬁ.
673 1482 792 1536 Deo
823 1481 1066 1548 gratias.

568 1568 694 1633 Fili,
713 1567 1005 1640 sapientia
1017 1567 1361 1624 confortavit
1379 1570 1708 1643 sapientem
1728 1587 1905 1643 super
1925 1571 2132 1626 decem

495 1658 793 1731 principes
813 1657 1084 1713 civitatis.
1125 1661 1252 1714 Non
1282 1663 1368 1714 est
1397 1660 1551 1714 enim
1599 1661 1784 1716 homo
1829 1661 2022 1731 justus
2073 1661 2133 1714 in

499 1751 672 1815 terra,
701 1745 804 1817 qui
841 1745 1017 1801 faciat
1047 1745 1295 1813 bonum,
1348 1752 1404 1803 et
1460 1763 1584 1803 non
1630 1754 1850 1819 peccet.
1918 1748 2032 1805 Sed
2081 1754 2136 1804 et

496 1834 724 1898 cunctis
748 1833 1146 1899 sermonibus,
1170 1837 1264 1906 qui
1293 1835 1589 1900 dicuntur,
1615 1851 1686 1892 ne
1713 1837 2132 1892 accommodes
2164 1847 2208 1906 Β

498 1937 600 1977 cor
620 1925 781 1977 tuum
809 1939 822 1975 :
856 1937 929 1976 ne
959 1921 1106 1978 forte
1137 1921 1349 1978 audias
1404 1939 1638 1980 servum
1680 1925 2130 1981 maledicentem

499 2009 607 2066 tibi
637 2027 654 2063 :
690 2011 797 2065 scit
825 2010 984 2066 enim
1013 2010 1373 2068 conscientia
1412 2016 1532 2078 tua,
1564 2014 1705 2084 quia
1736 2020 1789 2068 et
1827 2019 1888 2069 tu
1927 2015 2134 2070 crebro

498 2096 860 2162 maledixisti
883 2097 1032 2152 aliis.
1055 2098 1360 2154 Calumnia
1373 2101 1689 2156 conturbat
1715 2101 2065 2172 sapientem,
2081 2105 2137 2155 et

497 2185 706 2258 perdet
733 2184 915 2240 robur
942 2186 1132 2240 cordis
1150 2185 1330 2242 illius.
1359 2188 1558 2243 Melior
1571 2189 1802 2243 esttinis
1830 2188 2132 2256 orationis,

497 2290 682 2348 quam
714 2273 1094 2344 principium.
1155 2277 1236 2330 Ne
1261 2275 1432 2331 velox
1473 2277 1552 2330 sis
1586 2277 1661 2331 ad
1699 2277 2074 2332 irascendum
2116 2292 2133 2340 ς

497 2363 640 2434 quia
669 2361 758 2418 ira
781 2361 842 2416 in
872 2361 1004 2422 sinu
1060 2361 1219 2417 stulti
1261 2364 1597 2435 requiescit.
1632 2367 1710 2419 Ne
1744 2364 1907 2419 dicas
1941 2382 1954 2419 :
1986 2364 2135 2429 Quid

497 2455 672 2524 putas
685 2466 880 2506 causas
894 2455 997 2517 est,
1015 2450 1180 2522 quod
1195 2452 1394 2522 priora
1416 2457 1530 2507 tem
1539 2468 1684 2523 pora
1708 2453 1953 2508 meliora
1974 2452 2136 2507 fuere

497 2555 685 2612 quam
705 2553 864 2593 nunc
881 2539 1063 2593 sunt?
1089 2539 1264 2594 stulta
1280 2539 1794 2608 esthujuscemodi
1812 2541 1869 2594 in
1879 2544 2137 2609 terroga-

499 2629 600 2682 tio.
636 2626 835 2682 Utilior
853 2631 940 2682 est
970 2627 1258 2700 sapientia
1276 2643 1410 2682 eum
1438 2627 1676 2695 divitiis,
1713 2631 1973 2698 etmagis
2005 2645 2138 2700 pro-

500 2714 632 2770 dest
658 2713 996 2770 videntibus
1012 2714 1220 2770 solem.
1252 2715 1407 2771 Sicut
1425 2715 1582 2770 enim
1614 2720 1879 2788 proteget
1907 2715 2138 2786 sapien-

501 2805 602 2869 tia,
623 2803 707 2859 sic
739 2808 794 2860 et
822 2806 1099 2876 pecunia.
1145 2804 1470 2861 Considera
1489 2821 1670 2878 Opera
1701 2805 1821 2869 Dei.
1847 2806 2012 2877 quod
2034 2821 2137 2860 ne-

499 2908 602 2949 mo
631 2892 817 2964 possit
845 2892 1138 2962 corrigere
1163 2909 1343 2966 quem
1393 2893 1488 2948 ille
1541 2893 1892 2966 despexerit.
1939 2897 2004 2950 ln
2042 2894 2139 2950 die

498 2981 660 3036 bona
693 2979 885 3037 fruere
916 2982 1110 3038 bonis.
1142 2993 1212 3051 ἢ.
1251 2983 1460 3037 Amen.

628 3072 824 3126 Lectio
852 3071 994 3128 libri
1021 3073 1310 3128 Samuelis
1335 3073 1428 3143 (Il
1450 3073 1671 3141 Regum
1705 3086 1835 3140 cap.
1867 3073 2011 3140 xvr).

570 3169 636 3229 I9.
664 3157 782 3213 Deo
813 3160 1053 3228 gratias.

573 3245 634 3300 ln
665 3244 774 3300 illis
812 3246 1024 3302 diebus
1065 3263 1076 3303 :
1122 3249 1264 3302 Cum
1315 3247 1577 3302 venisset
1615 3246 1793 3302 Chusi
1841 3247 2142 3301 Arachites

507 3333 735 3388 amicus
764 3335 950 3390 David
979 3333 1058 3390 ad
1110 3334 1418 3399 Absalom,
1451 3333 1683 3388 locutus
1712 3340 1800 3389 est
1837 3334 1914 3390 ad
1954 3351 2092 3388 eum
2126 3353 2138 3390 :

509 3420 676 3477 Salve
705 3438 827 3478 rex.
867 3423 958 3477 Ad
1004 3438 1186 3494 quem
1243 3422 1539 3486 Absalom,
1604 3423 1736 3477 Haec
1784 3428 1893 3489 est,
1933 3422 2139 3494 inquit,

2176 3182 2220 3256 9

507 3511 699 3580 gratia
718 3516 819 3568 tua
840 3510 918 3568 ad
947 3511 1208 3568 amicum
1241 3514 1400 3563 tuum
1418 3510 1445 3563 ?
1466 3525 1649 3580 quare
1681 3525 1799 3565 non
1828 3511 1985 3566 ivisti
2008 3527 2143 3566 cum

506 3598 694 3656 amico
723 3602 824 3654 tuo
848 3599 875 3652 ?
905 3597 1225 3668 Respondit
1250 3597 1450 3670 itaque
1490 3598 1660 3653 Chusi
1705 3598 1781 3654 ad
1810 3599 2096 3654 Absalom
2127 3618 2139 3655 :

503 3687 896 3757 Nequaquam
935 3701 947 3740 :
989 3683 1433 3756 quiailliusero,
1453 3701 1632 3757 quem
1648 3686 2140 3756 elegitDominus,

505 3777 565 3828 et
591 3772 787 3828 omnis
816 3771 910 3828 hic
944 3771 1226 3845 populus,
1252 3778 1307 3829 et
1338 3775 1653 3830 universus
1684 3775 1879 3840 Israel,
1922 3780 1977 3832 et
2005 3792 2143 3832 eum

505 3874 577 3916 eo
603 3859 879 3916 manebo.
911 3861 1023 3918 Sed
1053 3867 1118 3918 ut
1155 3865 1212 3916 et
1246 3861 1360 3918 hoc
1399 3862 1668 3929 inferam,
1695 3864 1788 3918 cui
1827 3879 1937 3932 ego
1969 3864 2143 3930 servi-

503 3951 672 4004 turus
710 3965 833 4004 sum
859 3950 886 4004 ?
903 3965 1101 4005 nonne
1121 3950 1242 4019 ﬁlio
1263 3951 1416 4019 regis
1437 3951 1464 4005 ?
1495 3951 1826 4022 sicutparui
1846 3952 1994 4022 patri
2021 3957 2139 4017 tuo,

505 4033 591 4090 sic
620 4038 842 4110 parebo
872 4043 928 4094 et
957 4038 1082 4094 tibi.
1111 4038 1255 4094 Dixit
1276 4045 1471 4094 autem
1508 4039 1790 4094 Absalom
1824 4040 1896 4094 ad
1914 4040 2142 4094 Achito-

501 4126 642 4203 phel
673 4143 685 4181 :
719 4127 859 4182 inite
875 4125 1367 4198 consiliumquod
1393 4142 1567 4195 agere
1594 4127 1945 4182 debeamus.
1977 4130 2040 4182 Et
2060 4127 2140 4182 ait

501 4214 851 4286 Achitophel
880 4214 957 4272 ad
982 4213 1258 4269 Absalom
1287 4235 1304 4267 ι
1336 4214 1647 4282 Ingredere
1671 4214 1748 4269 ad
1776 4214 2142 4270 concubinas

501 4303 686 4377 patris
717 4303 821 4371 tui,
843 4319 994 4374 quas
1015 4303 1236 4358 dimisit
1259 4301 1336 4357 ad
1359 4302 1810 4357 custodiendam
1840 4303 2087 4358 domum
2126 4322 2138 4359 :

503 4396 570 4448 ut
599 4407 737 4446 cum
767 4390 1019 4446 audierit
1039 4390 1236 4446 omnis
1267 4389 1458 4455 lsrael,
1500 4390 1664 4460 quod
1690 4390 2003 4446 foedaveris
2033 4406 2142 4463 pa-

505 4483 656 4535 trem
686 4483 875 4544 tuum,
907 4477 1259 4534 roborentur
1291 4494 1504 4533 manus
1538 4493 1743 4533 eorum
1783 4483 1988 4533 tecum.
2039 4482 2140 4533 'l‘e-

510 4519 656 4535 ..υιμ
689 4519 875 4544 μων..
907 4519 1249 4534 “manu...
1292 4519 1504 4533 ...ωηο
1538 4519 1743 4533 ww...
1787 4519 1988 4533 “MU...
2051 4519 2111 4533 ,ν

505 4567 820 4621 tenderunt
843 4565 1018 4634 igitur
1040 4564 1324 4620 Absalom
1346 4565 1795 4620 tabernaculum
1819 4567 1872 4621 in
1903 4566 2141 4629 solario,
2172 4519 2218 4590 Π

506 4653 559 4724 3
575 4653 686 4724 18
704 4653 1128 4724 ingressusque
1149 4657 1239 4707 est
1255 4651 1328 4706 ad
1353 4652 1716 4706 concubinas
1738 4653 1921 4724 patris
1941 4654 2029 4707 sui
2051 4670 2144 4708 co-

503 4757 636 4798 ram
671 4743 943 4796 universo
976 4739 1169 4794 lsrael.
1199 4739 1523 4794 Consilium
1549 4746 1745 4794 autem
1773 4741 2140 4812 Achitophel,

505 4828 668 4900 quod
699 4827 886 4884 dabat
903 4827 962 4882 in
992 4826 1203 4882 diebus
1225 4827 1357 4897 illis,
1385 4827 1549 4898 quasi
1579 4829 1624 4881 si
1646 4827 1781 4899 quis
1812 4830 2146 4884 consuleret

506 4916 695 4971 Deum
735 4916 818 4970 sic
849 4921 973 4972 erat
1010 4915 1323 4971 consilium
1381 4915 1750 4986 Achitophel,
1793 4922 1848 4970 et
1896 4933 2026 4971 cum
2059 4933 2144 4971 es-

507 5011 598 5060 set
635 5021 771 5059 cum
802 5003 1006 5066 David,
1039 5010 1094 5058 et
1132 5020 1268 5060 cum
1304 5011 1452 5059 esset
1477 5020 1614 5059 cum
1644 5004 1948 5059 Absalom.
1973 5005 2137 5073 (Cap.

505 5094 667 5160 xvn).
702 5091 1042 5159 Dixitigitur
1065 5091 1412 5164 Achitophel
1442 5092 1517 5146 ad
1540 5091 1827 5146 Absalom
1864 5111 1874 5142 :
1920 5093 2141 5159 Eligam

506 5181 654 5252 mihi
684 5179 995 5234 duodecim
1020 5179 1208 5234 millia
1227 5180 1512 5242 virorum,
1541 5186 1595 5234 et
1625 5193 1988 5246 consurgens
2015 5196 2142 5250 per-

506 5283 726 5341 sequar
739 5267 915 5322 David
929 5267 1565 5322 hacnocte.Etinruens
1579 5280 1754 5336 super
1767 5279 1892 5317 eum
1909 5267 2142 5338 (quippe

504 5359 608 5430 qui
630 5355 822 5410 lassus
841 5360 1006 5418 est,et
1021 5353 1290 5408 resolutis
1308 5351 1604 5420 manibus)
1624 5352 1948 5422 percutiam
1965 5369 2100 5408 eum
2127 5372 2138 5409 :

504 5458 764 5514 cumque
795 5441 1007 5511 fugerit
1031 5440 1226 5496 omnis
1242 5439 1614 5510 populusqui
1634 5454 1768 5491 eum
1794 5454 1862 5491 eo
1885 5445 1988 5503 est,
2006 5457 2141 5512 per-

505 5533 726 5587 cutiam
763 5545 964 5598 regem
1004 5527 1362 5582 desolatum.
1403 5529 1466 5580 Et
1492 5526 1776 5580 reducam
1806 5528 2142 5584 universum

505 5617 820 5688 populum,
836 5614 1144 5686 quomodo
1161 5629 1316 5668 unus
1335 5613 1540 5668 reverti
1558 5611 1703 5668 solet
1735 5629 1748 5668 :
1785 5629 1970 5672 unum
1993 5618 2140 5674 enim

1739 386 2191 455 BREVIARIUH
2227 389 2620 448 GOTHICUM.

3801 382 3935 441 5&0

2237 513 2428 570 virum
2456 518 2520 570 tu
2545 513 2761 585 quaeris
2792 531 2805 568 :
2837 515 2894 569 et
2916 513 3110 569 omnis
3145 511 3407 585 populus
3445 511 3554 567 erit
3584 510 3650 566 in
3713 523 3916 581 pace.

2238 602 2577 673 Placuitque
2609 618 2802 658 sermo
2828 603 2954 672 ejus
2984 602 3286 666 Absalom,
3317 606 3372 656 et
3392 599 3629 655 cunctis
3653 596 3937 669 majori-

2237 690 2352 745 bus
2381 698 2525 746 natu
2551 692 2744 748 Israel.
2765 691 2856 746 Ait
2875 695 3074 747 autem
3105 689 3396 746 Absalom
3429 705 3443 745 :
3473 691 3698 744 Vocate
3715 685 3933 743 Chusi

2239 781 2568 845 Arachiten,
2591 784 2645 836 et
2663 778 2981 836 audiamus
3001 778 3144 851 quid
3165 779 3343 834 etiam
3361 778 3492 850 ipse
3511 776 3695 832 dicat.
3721 775 3935 831 Gum-

2239 884 2357 941 quc
2388 868 2638 924 venisset
2667 867 2842 924 Chusi
2871 866 2951 922 ad
2981 865 3286 930 Absalom,
3337 866 3421 920 ait
3466 863 3773 921 Absalom
3829 861 3929 919 ad

2239 973 2378 1012 eum
2409 975 2422 1011 :
2457 956 2808 1028 llujusmodi
2853 970 3186 1011 sermonem
3230 955 3468 1010 loeutus
3517 957 3612 1009 est
3648 952 3929 1008 Achito—

2239 1046 2396 1117 phel:
2420 1045 2612 1101 facere
2640 1044 2930 1100 debemus
2941 1058 3018 1098 an
3031 1059 3153 1099 non
3170 1041 3382 1114 ‘Ijquod
3394 1042 3507 1097 das
3524 1057 3640 1096 con
3649 1040 3864 1096 silium
3887 1040 3928 1095 Ἰ

2240 1135 2307 1189 Et
2341 1134 2486 1188 dixit
2515 1133 2690 1188 Chusi
2719 1132 2795 1188 ad
2820 1131 3125 1188 Absalom.
3156 1134 3284 1187 Non
3314 1134 3402 1186 est
3429 1129 3672 1186 bonum
3698 1129 3926 1185 consi-

2239 1221 2388 1277 lium
2411 1221 2576 1292 quod
2601 1221 2762 1276 dedit
2778 1219 3118 1290 Achitophel
3143 1219 3257 1275 hac
3273 1219 3424 1274 vice.
3457 1221 3526 1273 Et
3543 1233 3800 1273 rursum
3824 1217 3927 1272 in-

2240 1309 2372 1366 tulit
2413 1310 2588 1364 Chusi
2617 1326 2630 1364 :
2663 1311 2745 1364 Tu
2793 1308 2948 1362 nosti
2979 1314 3210 1378 patrem
3258 1311 3453 1376 tuum,
3486 1310 3546 1361 et
3587 1306 3753 1361 viros
3802 1306 3926 1378 qui

2242 1414 2379 1452 cum
2410 1413 2480 1453 eo
2506 1401 2662 1465 sunt,
2689 1412 2819 1452 esse
2838 1395 3190 1450 fortissimos
3213 1400 3269 1450 et
3294 1410 3508 1450 amaro
3542 1395 3783 1460 animo,
3816 1411 3926 1449 ve-

2239 1485 2346 1541 luti
2371 1486 2418 1540 si
2445 1501 2583 1540 ursa
2624 1485 2808 1554 raptis
2865 1482 3074 1538 catulis
3103 1483 3165 1538 in
3204 1482 3359 1537 saltu
3403 1481 3660 1538 saeviat:
3696 1483 3810 1538 sed
3859 1486 3924 1539 et

2241 1579 2409 1646 pater
2447 1577 2580 1628 tuus
2608 1573 2694 1628 vir
2722 1571 2966 1627 bellator
2985 1575 3092 1636 est,
3118 1586 3228 1626 nec
3252 1570 3595 1626 morabitur
3625 1587 3769 1626 cum
3803 1586 3923 1643 po-

2243 1662 2412 1734 pulo.
2460 1663 2725 1716 Forsitan
2754 1673 2918 1717 nunc
2969 1660 3157 1715 latitat
3193 1659 3255 1714 in
3284 1659 3494 1724 foveis,
3525 1663 3632 1714 aut
3663 1659 3722 1714 in
3755 1674 3916 1729 uno,

2242 1765 2364 1820 quo
2389 1748 2790 1803 volueritloco
2822 1766 2835 1803 :
2872 1751 3088 1802 etcum
3128 1745 3409 1802 ceciderit
3457 1761 3621 1800 unus
3650 1746 3916 1818 quilibet

2243 1838 2302 1892 in
2342 1836 2652 1908 principio,
2685 1836 2880 1891 audiet
2904 1836 3271 1906 quicumque
3294 1833 3575 1897 audierit,
3605 1843 3662 1888 et
3693 1834 3861 1890 dicet
3893 1849 3910 1890 ε

2245 1928 2417 1981 Facta
2435 1930 2520 1980 est
2533 1924 2709 1994 plaga
2725 1926 2785 1979 in
2807 1922 3031 1994 populo
3043 1923 3147 1994 qui
3163 1921 3580 1993 sequebantur
3593 1921 3906 1978 Absalom.

2244 2015 2308 2068 Et
2335 2013 2684 2068 fortissimus
2721 2012 2973 2083 quisque
3004 2012 3176 2081 cujus
3204 2026 3310 2065 cor
3339 2015 3435 2065 est
3462 2011 3642 2080 quasi
3678 2009 3903 2072 leonis,

2243 2117 2462 2174 pavore
2494 2100 2750 2155 solvetur
2783 2115 2793 2154 :
2830 2101 2936 2155 scit
2958 2100 3115 2156 enim
3169 2098 3373 2154 omnis
3415 2097 3676 2170 populus
3710 2097 3896 2154 lsrael

2243 2189 2453 2244 fortem
2479 2204 2609 2244 esse
2639 2193 2867 2258 patrem
2899 2191 3090 2249 tuum,
3118 2191 3175 2242 et
3217 2187 3500 2242 robustos
3525 2200 3736 2240 omnes
3780 2185 3897 2256 qui

2244 2293 2381 2334 cum
2413 2293 2483 2331 eo
2511 2281 2664 2331 sunt.
2713 2276 2825 2332 Sed
2866 2275 2978 2330 hoc
3019 2275 3165 2330 mihi
3204 2275 3444 2330 videtur
3494 2277 3727 2329 rectum
3763 2287 3906 2327 esse

2245 2364 2557 2420 consilium
2586 2381 2597 2418 :
2641 2365 3041 2432 Congregetur
3070 2363 3144 2418 ad
3177 2366 3233 2417 te
3271 2362 3597 2419 universus
3638 2359 3911 2431 populus

2245 2452 2441 2518 Israel,
2475 2467 2510 2507 a
2537 2453 2661 2506 Dan
2689 2466 2872 2520 usque
2912 2450 2989 2504 ad
3022 2448 3316 2505 Bersabee
3339 2449 3524 2520 quasi
3553 2462 3743 2504 arena
3778 2461 3916 2501 ma-

2241 2542 2323 2598 ris
2361 2538 2810 2595 innumerabilis
2844 2561 2855 2592 :
2887 2543 2942 2593 et
2971 2546 3032 2592 tu
3076 2537 3192 2592 eris
3225 2537 3286 2592 in
3327 2536 3537 2592 medio
3570 2550 3811 2590 eorum.
3849 2535 3920 2589 Et

2245 2630 2552 2684 inruemur
2595 2643 2774 2698 super
2803 2627 3039 2691 eum,in
3065 2625 3616 2696 quocumqueloco
3631 2623 3922 2678 inventus

2245 2717 2462 2772 fuerit:
2495 2721 2550 2772 et
2571 2715 2912 2786 operiemus
2959 2729 3119 2783 eum,
3163 2713 3316 2768 sicut
3355 2712 3576 2770 cadere
3609 2709 3764 2766 solet
3817 2723 3928 2764 ros

2245 2820 2424 2876 super
2467 2809 2683 2860 terram
2715 2820 2728 2857 :
2762 2808 2818 2857 et
2855 2818 2974 2858 non
3003 2801 3418 2872 relinquemus
3448 2799 3528 2855 de
3574 2798 3750 2861 viris,
3804 2796 3929 2868 qui

2245 2909 2382 2947 cum
2409 2907 2479 2948 eo
2501 2897 2658 2957 sunt,
2687 2906 2760 2946 ne
2790 2907 2978 2946 unum
3007 2889 3273 2962 quidem.
3292 2887 3467 2954 Quod
3482 2887 3532 2944 si
3561 2887 3780 2942 urbem
3814 2884 3932 2940 ali-

2244 2998 2428 3054 quam
2473 2982 2642 3036 fuerit
2670 2981 2993 3049 ingressus,
3025 2978 3422 3036 circumdabit
3456 2977 3664 3034 omnis
3724 2972 3933 3032 lsrael

2246 3070 2462 3125 civitati
2487 3070 2566 3124 illi
2587 3069 2776 3137 funes,
2809 3073 2865 3123 et
2887 3068 3190 3124 trahemus
3215 3083 3349 3122 eam
3380 3067 3441 3121 in
3467 3068 3821 3123 torrentem,
3851 3066 3935 3118 ut

2248 3173 2366 3212 non
2389 3156 2718 3228 reperiatur
2747 3171 2820 3210 ne
2846 3155 3108 3210 calculus
3131 3155 3380 3226 quidem
3402 3168 3476 3209 ex
3506 3168 3602 3210 ea.
3629 3150 3934 3221 Dixitque

2247 3245 2547 3309 Absalom,
2568 3249 2628 3299 et
2648 3258 2856 3298 omnes
2873 3243 2980 3298 viri
3007 3243 3185 3298 Israel
3209 3261 3225 3296 ε
3251 3242 3452 3300 Melius
3473 3245 3564 3296 est
3585 3238 3935 3296 consilium

2249 3333 2717 3388 ChusiArachitae
2736 3331 2983 3386 consilio
3008 3330 3358 3402 Achitophel
3387 3347 3400 3384 :
3432 3328 3681 3386 Domini
3704 3331 3937 3381 autem

2248 3426 2396 3476 nutu
2424 3420 2779 3490 dissipatum
2809 3424 2896 3474 est
2919 3418 3236 3474 consilium
3265 3415 3625 3488 Achitophel
3652 3415 3825 3479 utile,
3855 3418 3942 3470 ut

2250 3509 2554 3563 induceret
2585 3507 2866 3562 Dominus
2905 3522 3084 3578 super
3122 3505 3408 3562 Absalom
3436 3503 3697 3560 malum.
3733 3503 3808 3558 Et
3839 3501 3942 3558 ait.

2252 3596 2427 3651 Chusi
2468 3597 2657 3652 Sadoc
2687 3603 2742 3651 et
2761 3595 3042 3652 Abiathar
3060 3593 3474 3658 sacerdotibus
3509 3611 3522 3649 :
3556 3596 3688 3652 Hoc
3720 3591 3944 3650 ethoc

2249 3685 2431 3742 modo
2445 3684 2757 3740 consilium
2775 3682 3626 3754 deditAchitophelAbsalom,
3642 3687 3704 3740 et
3723 3682 3946 3740 senio-

2248 3772 2412 3829 ribus
2429 3771 2602 3828 lsrael
2635 3787 2645 3826 :
2680 3775 2734 3826 et
2755 3769 2993 3840 egotale
3009 3775 3066 3825 et
3085 3769 3344 3826 talededi
3362 3769 3717 3826 consilium.
3742 3773 3940 3830 Nunc

2249 3876 2390 3930 ergo
2431 3860 2634 3916 mittite
2664 3859 2800 3928 cito,
2831 3864 2887 3914 et
2923 3858 3203 3926 nunciate
3253 3858 3459 3926 David,
3487 3857 3806 3922 dicentes:
3842 3863 3944 3916 No

2248 3949 2495 4004 moreris
2544 3953 2715 4003 nocte
2757 3947 2869 4002 hac
2910 3947 2969 4002 in
3014 3945 3445 4018 campestribus
3496 3947 3740 4011 deserti,
3811 3949 3944 4004 sed

2249 4037 2480 4108 absque
2494 4036 2776 4091 dilatione
2791 4034 3203 4104 transgredere
3221 4053 3233 4090 :
3251 4049 3324 4089 ne
3341 4034 3490 4090 forte
3505 4033 3944 4094 absorbeatur

2247 4140 2370 4187 rex,
2399 4130 2454 4180 et
2477 4125 2672 4179 omnis
2699 4122 2958 4196 pepulus
2978 4122 3237 4194 quicum
3264 4138 3335 4178 eo
3359 4123 3787 4180 est.Jonathas
3817 4141 3939 4181 au-

2249 4217 2365 4268 tem
2394 4209 3020 4268 etAcbimaasstabant
3041 4211 3207 4281 juxta
3234 4210 3462 4266 fontem
3495 4211 3686 4282 Rogel
3723 4229 3737 4266 :
3775 4213 3941 4270 abiit

2249 4299 2461 4354 ancilla
2514 4305 2568 4353 et
2616 4298 2922 4354 nunciavit
2947 4297 3034 4352 eis
3069 4302 3166 4352 :et
3212 4297 3294 4362 illi
3335 4297 3590 4368 profecti
3633 4305 3809 4366 sunt,
3861 4306 3946 4358 ut

2248 4387 2528 4442 referrent
2547 4386 2623 4441 ad
2637 4401 2835 4454 regem
2852 4386 3035 4441 David
3053 4386 3344 4442 nuncium
3375 4403 3387 4441 :
3421 4401 3546 4441 non
3569 4388 3738 4443 enim
3754 4394 3945 4461 pote-

2248 4481 2380 4530 rant
2403 4475 2609 4543 videri,
2643 4479 2746 4529 aut
2774 4474 3010 4529 introire
3039 4474 3358 4530 civitatem.
3387 4474 3543 4530 Vidit
3573 4481 3790 4534 autem
3817 4493 3942 4533 eos

2249 4564 2494 4636 quidam
2519 4579 2682 4635 puer,
2721 4567 2777 4617 et
2805 4563 3090 4620 indicavit
3115 4562 3402 4618 Absalom
3436 4580 3450 4616 :
3490 4563 3571 4620 illi
3605 4581 3752 4620 vero
3779 4582 3944 4622 con-

2250 4652 2363 4706 cito
2382 4655 2569 4720 gradu
2594 4650 2840 4719 ingressi
2875 4655 3012 4705 sunt
3045 4650 3299 4705 domum
3332 4651 3656 4721 cujusdam
3703 4654 3824 4708 viri
3863 4657 3945 4712 in

2252 4738 2554 4804 Bahurim,
2578 4740 2679 4809 qui
2714 4736 2967 4792 habebat
2998 4743 3238 4808 puteum
3267 4738 3328 4792 in
3367 4739 3666 4800 vestibulo
3700 4757 3846 4812 suo,
3872 4749 3946 4800 et

2251 4825 2681 4880 descenderunt
2709 4826 2768 4880 in
2781 4840 2938 4880 eum.
2965 4823 3325 4880 Tulitautem
3347 4825 3582 4892 mulier,
3611 4833 3670 4883 et
3687 4845 3946 4900 expan-

2251 4912 2620 4968 ditvelamen
2652 4928 2828 4982 super
2857 4928 2925 4966 os
2957 4913 3140 4984 putei,
3179 4913 3606 4983 quasisiccans
3638 4917 3944 4986 ptisanas

2251 5007 2307 5056 et
2346 5002 2428 5055 sic
2464 5001 2632 5055 latuit
2660 5015 2774 5054 res.
2805 5002 3069 5072 Cumque
3091 5002 3394 5056 venissent
3437 5004 3591 5070 servi
3616 5004 3943 5066 Absalom

2248 5090 2309 5144 in
2331 5090 2599 5154 domum,
2632 5089 2703 5144 ad
2741 5089 3051 5144 mulierem
3097 5089 3370 5154 dixerunt
3411 5107 3424 5144 :
3460 5089 3566 5146 Ubi
3614 5099 3710 5152 est
3738 5096 3948 5154 Achi-

2247 5195 2420 5234 maas
2449 5179 2796 5232 etJonathas
2827 5178 2854 5232 ‘2
2880 5181 2945 5232 Et
2969 5177 3270 5248 respondit
3297 5179 3382 5234 eis
3415 5179 3667 5246 mulier:
3702 5185 3951 5241 Trans-

2249 5268 2442 5321 ierunt
2462 5265 2803 5320 festinanter
2820 5270 3052 5333 gustata
3078 5265 3392 5336 paululum
3407 5283 3592 5340 aqua.
3621 5271 3695 5324 At
3723 5271 3793 5326 hi
3817 5277 3946 5345 qui

2250 5353 2616 5425 quaerebant,
2645 5369 2780 5407 eum
2810 5368 2932 5408 non
2960 5354 3339 5423 reperissent,
3373 5356 3602 5422 reversi
3653 5367 3808 5415 sunt
3865 5363 3944 5418 in

2253 5441 2633 5496 Hierusalem.
2668 5443 2932 5510 Cumque
2964 5440 3268 5505 abiisscnt,
3295 5443 3709 5500 ascenderunt
3731 5448 3828 5505 illi
3859 5451 3952 5508 de

2252 5539 2451 5600 puteo,
2493 5533 2548 5582 et
2570 5534 2879 5598 pergentes
2903 5529 3337 5586 nunciaverunt
3362 5531 3485 5600 regi
3512 5531 3733 5599 David,
3752 5543 3820 5594 et
3847 5539 3952 5595 di-

2249 5619 2463 5672 xerunt
2496 5632 2506 5670 :
2543 5615 2862 5690 Surgite,et
2883 5615 3118 5672 transite
3137 5615 3250 5672 cito
3277 5615 3534 5694 ﬂuvium
3570 5637 3586 5673 :
3613 5624 3952 5704 quoniam
