4192 6396
230 277 338 331 545

1411 271 1763 328 DOMINICA
1801 271 1847 328 V
1886 271 2498 340 QUADBAGESIM/E.

3532 283 3656 338 546

232 402 381 457 cius.
420 397 770 472 Speculator
800 401 1023 470 autem,
1050 399 1453 471 Contemplor,
1488 400 1587 467 ait,
1640 416 1885 456 cursum
1919 399 1963 453 A
1995 399 2150 458 beret
2176 418 2335 469 eum,
2371 401 2418 458 si
2451 401 2611 459 vult:
2644 419 2718 459 ne
2740 403 3113 478 derelinquas
3144 423 3251 461 nos
3300 406 3360 462 in
3410 407 3650 464 tribula-

235 490 468 562 prioris,
510 487 684 559 quasi
708 503 951 544 cursum
989 489 1307 544 Achimaas
1347 488 1450 543 ﬁlii
1482 489 1693 544 Sadoc.
1720 492 1781 543 Et
1807 489 1888 545 ait

235 577 702 636 reszirbonus
730 581 850 634 est:
886 583 941 634 et
987 578 1272 634 nuncium
1328 584 1574 650 portans
1631 578 1880 644 bonum,

236 667 415 723 venit.
458 666 736 722 Clamans
767 672 966 723 autem
996 667 1335 736 Achimaas,
1359 667 1505 724 dixit
1528 669 1606 724 ad
1636 684 1837 738 regem
1867 689 1879 723 :

245 756 408 814 Salve
431 771 552 811 rex.
591 758 655 812 Et
682 755 942 812 adorans
968 771 1192 825 regem,
1224 772 1428 812 coram
1454 772 1524 813 eo
1570 774 1794 829 pronus
1823 760 1884 812 in

241 849 476 909 terram,
521 843 630 900 ait:
679 844 1025 901 Benedictus
1063 846 1351 902 Dominus
1392 847 1546 901 Deus
1586 851 1739 912 tuus,
1782 845 1885 917 qui

238 932 526 989 conclusit
541 932 808 988 homines
826 933 929 1005 qui
942 934 1428 990 levaveruntman
1439 951 1507 990 us
1522 951 1663 990 suas
1682 938 1886 990 contra

240 1021 551 1078 dominum
570 1039 774 1078 meum
799 1038 1017 1090 regem.
1037 1025 1100 1078 Et
1123 1025 1202 1078 ait
1218 1040 1318 1078 rex
1339 1041 1353 1077 :
1375 1027 1546 1079 Estne
1564 1040 1677 1094 pax
1700 1039 1885 1095 puero

237 1109 830 1183 Absalon?Dixitque
862 1111 1213 1168 Achimaas:
1249 1112 1375 1167 Vidi
1408 1113 1726 1169 tumultum
1757 1129 1886 1168 ma-

236 1214 442 1271 gnum,
467 1216 607 1254 cum
635 1199 892 1256 mitteret
934 1200 1086 1256 Joab
1119 1217 1320 1256 servus
1361 1207 1517 1267 tuus,
1551 1217 1587 1256 ο
1636 1218 1756 1265 rex,
1792 1217 1887 1256 me

239 1305 472 1345 servum
507 1294 708 1344 tuum:
737 1287 941 1344 nescio
970 1288 1150 1345 aliud.
1186 1289 1273 1344 Ad
1304 1305 1483 1361 quem
1514 1306 1634 1355 rex,
1663 1290 1886 1353 Transi,

239 1377 332 1446 ait,
374 1382 430 1432 et
479 1381 573 1433 sta
623 1377 741 1433 hic.
772 1379 1036 1450 Cumque
1081 1377 1175 1432 ille
1217 1379 1546 1447 transisset,
1588 1385 1644 1434 et
1688 1383 1888 1446 staret,

240 1465 694 1539 apparuitChusi
717 1484 728 1521 :
750 1472 806 1522 et
825 1469 1064 1522 veniens
1078 1468 1157 1522 ait
1181 1483 1190 1520 :
1215 1471 1440 1524 Bonum
1465 1455 1717 1539 apporto
1745 1485 1892 1524 nun-

238 1556 409 1618 cium,
426 1553 674 1611 domine
689 1555 771 1610 mi
785 1571 890 1613 rex
913 1573 923 1610 :
937 1554 1224 1627 judicavit
1237 1556 1394 1611 enim
1418 1572 1525 1628 pro
1542 1562 1592 1611 te
1607 1557 1892 1612 Dominus

237 1644 405 1700 hodie
440 1643 518 1699 de
540 1659 730 1700 manu
759 1644 1032 1701 omnium
1054 1646 1159 1716 qui
1188 1651 1570 1702 surrexerunt
1587 1651 1794 1702 contra
1817 1651 1886 1702 te.

240 1731 386 1788 Dixit
420 1737 626 1789 autem
650 1749 753 1788 rex
788 1733 865 1790 ad
898 1733 1104 1789 Chusi:
1137 1736 1315 1790 Estne
1347 1751 1465 1806 pax
1496 1751 1682 1807 puero
1709 1735 1891 1791 Absa'
1915 1765 1958 1820 Β

239 1822 332 1878 lon
352 1823 378 1876 ?
400 1821 500 1878 Cui
521 1822 895 1894 respondens
913 1822 1111 1888 Chusi,
1128 1823 1310 1892 Fiant,
1337 1823 1885 1895 inquit,sicutpuer,

241 1910 450 1966 inimici
503 1909 737 1967 domini
782 1911 900 1967 mei
930 1911 1105 1981 regis,
1133 1916 1189 1967 et
1216 1912 1479 1967 universi
1507 1913 1610 1983 qui
1640 1929 1886 1968 consur—

241 2004 378 2069 gunt
413 1999 697 2056 adversus
728 2015 867 2056 eum
887 2000 949 2056 in
979 1999 1226 2056 malum.
1269 2002 1660 2056 Contristatus
1687 2001 1887 2073 itaque

236 2087 625 2152 rex,ascendit
641 2089 1016 2146 cmnaculum
1032 2094 1297 2161 portae,et
1317 2089 1568 2145 ﬂevit.Et
1585 2089 1666 2145 sic
1687 2089 1888 2161 loque-

234 2176 420 2243 batur,
437 2177 668 2234 vadens
692 2195 704 2232 :
727 2178 832 2233 Fili
852 2178 930 2234 mi
947 2178 1503 2249 Absalon,Absalon
1523 2178 1727 2234 ﬁlimi:
1753 2178 1888 2251 quis

234 2266 370 2320 mihi
402 2266 626 2322 tribuat
655 2275 714 2322 ut
753 2283 863 2338 ego
890 2267 1113 2324 moriar
1139 2283 1249 2340 pro
1277 2272 1353 2338 te,
1385 2268 1651 2323 Absalon
1674 2267 1755 2323 tili
1783 2267 1886 2331 mi,

234 2355 333 2410 Fili
357 2355 770 2413 miAbsalon?
809 2357 984 2427 (Cap.
1008 2359 1157 2429 xxx.)
1188 2357 1544 2413 Nunciatum
1574 2362 1661 2414 est
1690 2361 1889 2413 autem

234 2441 378 2500 Joab
429 2444 607 2516 quod
645 2461 748 2500 rex
775 2445 960 2511 ﬂeret,
995 2451 1048 2501 et
1085 2445 1320 2518 lugeret
1361 2445 1547 2501 ﬁlium
1587 2463 1801 2502 suum:
1836 2449 1892 2502 et

235 2527 398 2590 versa
427 2538 525 2589 est
552 2534 798 2590 victoria
826 2534 886 2589 in
931 2533 1156 2590 luctum
1186 2533 1244 2590 in
1291 2534 1386 2589 die
1437 2533 1538 2591 illa
1590 2535 1754 2591 omni
1790 2550 1892 2606 po-

225 2621 361 2695 pulo
388 2640 399 2676 :
433 2622 672 2679 audivit
701 2622 858 2678 enim
891 2622 1151 2695 populus
1180 2624 1240 2679 in
1281 2623 1375 2678 die
1408 2624 1513 2680 illa
1543 2624 1692 2680 dici:
1722 2623 1890 2680 Dolet

228 2726 319 2766 rex
340 2728 528 2785 super
557 2711 678 2767 ﬁlio
701 2728 830 2768 suo.
865 2711 1267 2769 Etdeclinavit
1297 2713 1552 2784 populus
1580 2713 1643 2768 in
1674 2712 1769 2768 die
1790 2711 1890 2769 illa

225 2798 449 2871 ingredi
471 2800 1115 2874 civitatem,quomodo
1145 2801 1442 2858 declinare
1469 2801 1616 2858 solet
1634 2801 1890 2874 populus

227 2905 430 2946 versus
447 2895 513 2947 et
540 2889 778 2960 fugiens
795 2890 869 2947 de
883 2890 1108 2963 praelio.
1133 2891 1313 2947 Porro
1334 2906 1438 2946 rex
1453 2891 1688 2962 operuit
1712 2883 1893 2962 caput

229 2996 420 3050 suum,
454 2984 519 3038 et
542 2979 844 3038 clamabat
871 2996 1018 3037 voce
1048 2996 1306 3050 magna:
1341 2980 1444 3036 Fili
1476 2981 1559 3036 mi
1605 2981 1886 3048 Absalon,

228 3069 493 3128 Absalon
517 3069 602 3125 ﬁli
634 3070 735 3126 mi.
761 3074 1076 3141 Ingressus
1114 3086 1256 3140 ergo
1285 3071 1435 3127 Joab
1472 3070 1550 3126 ad
1596 3087 1799 3141 regem
1829 3070 1889 3127 in

231 3157 503 3224 domum,
525 3157 671 3214 dixit
691 3177 703 3215 :
723 3158 1056 3215 Confudisti
1071 3158 1245 3214 hodie
1267 3159 1463 3216 vultus
1482 3161 1754 3216 omnium
1774 3175 1891 3216 ser-

233 3263 442 3304 vorum
461 3253 724 3314 tuorum,
749 3248 849 3320 qui
865 3247 1096 3305 salvam
1118 3247 1384 3306 fecerunt
1410 3250 1676 3306 animam
1701 3255 1886 3316 tuam,

234 3343 286 3391 et
339 3337 613 3393 animam
652 3336 914 3393 ﬁliorum
964 3343 1223 3404 tuorum,
1291 3342 1348 3394 et
1388 3337 1647 3396 ﬁliarum
1703 3346 1886 3403 tuam,

235 3427 504 3483 animam
524 3443 780 3484 uxorum
800 3429 1400 3493 tuarum,etanimam
1415 3430 1891 3488 concubinarum

233 3520 495 3572 tuarum.
521 3515 723 3587 Diligis
744 3517 1012 3573 odientes
1041 3522 1114 3585 te,
1136 3523 1192 3575 et
1208 3519 1344 3575 odio
1374 3519 1562 3575 habes
1585 3519 1894 3590 diligentes

235 3608 325 3662 te:
361 3604 746 3662 etostendisti
775 3605 975 3673 hodie,
1012 3607 1153 3679 quia
1182 3622 1304 3663 non
1335 3623 1510 3664 curas
1542 3608 1614 3663 de
1633 3607 1893 3664 ducibus

236 3693 374 3758 tuis,
399 3698 456 3748 et
492 3693 566 3750 de
595 3694 781 3750 servis
812 3695 964 3750 tuis:
999 3700 1054 3750 et
1079 3712 1211 3751 vere
1241 3697 1497 3766 cognovi
1525 3697 1728 3762 modo,
1749 3695 1896 3768 quia

239 3782 290 3837 si
315 3781 580 3837 Absalon
612 3783 847 3845 viveret,
884 3787 940 3837 et
968 3799 1178 3838 omnes
1215 3800 1328 3839 nos
1383 3786 1892 3849 occubuissemus,

237 3874 380 3924 tunc
411 3867 672 3940 placeret
701 3869 830 3925 tibi.
856 3872 1022 3925 Nunc
1050 3887 1191 3940 ergo
1231 3887 1428 3941 surge,
1451 3878 1506 3928 et
1536 3874 1811 3944 procede,
1842 3876 1898 3930 et

239 3956 549 4026 alloquens
577 3957 816 4014 satisfac
856 3958 1038 4013 servis
1071 3959 1219 4014 tuis:
1271 3959 1411 4030 juro
1458 3961 1620 4018 enim
1653 3961 1755 4018 tibi
1793 3979 1899 4034 per

237 4045 589 4111 Dominum,
608 4047 768 4119 quod
800 4047 852 4103 si
871 4062 992 4102 non
1008 4047 1239 4113 exieris,
1265 4064 1340 4104 ne
1365 4065 1520 4105 unus
1540 4050 1786 4122 quidem
1813 4067 1899 4107 re-

237 4151 571 4194 mansurus
605 4135 682 4190 sit
726 4140 922 4193 tecum
954 4141 1124 4193 nocte
1153 4136 1372 4194 haczet
1419 4139 1592 4211 pejus
1635 4139 1743 4194 erit
1786 4141 1900 4196 hoc

239 4225 366 4292 tibi,
399 4239 588 4295 quam
618 4225 824 4281 omnia
854 4223 1014 4281 mala
1041 4241 1178 4296 quae
1209 4233 1497 4282 venerunt
1525 4242 1703 4298 super
1720 4231 1793 4291 te,
1821 4227 1899 4284 ab

242 4311 648 4371 adolescentia
677 4318 780 4369 tua
835 4329 1025 4386 usque
1046 4314 1107 4369 in
1134 4330 1419 4386 praesens.
1456 4315 1715 4371 Surrexit
1758 4331 1900 4388 ergo

236 4419 345 4460 rex
369 4405 427 4458 et
458 4402 609 4458 sedit
636 4402 696 4458 in
715 4407 913 4475 porta:
938 4404 1172 4459 etomni
1190 4404 1414 4477 populo
1440 4405 1791 4462 nunciatum
1813 4411 1904 4462 est

1997 491 2153 547 tione
2177 499 2382 548 nostra
2415 509 2427 559 ;
2472 495 2528 548 et
2555 508 2630 547 ne
2661 510 2696 548 a
2737 498 2788 548 te
2824 509 2932 549 nos
2966 494 3236 565 elonges:
3273 501 3336 551 ut
3385 501 3445 552 tu
3485 497 3647 552 solus

1995 579 2055 634 in
2087 581 2453 651 adjutorium
2483 587 2752 637 nostrum
2773 582 3230 655 respicias,quin
3256 585 3315 638 in
3347 585 3526 641 Cruce
3550 591 3649 641 tua

1994 673 2313 740 potestates
2344 669 2520 740 hujus
2549 670 2748 725 Mundi
2791 671 3140 743 triumphas.
3177 684 3243 734 ἢ.
3283 673 3494 730 Amen.

2065 757 2414 825 Antiphona
2445 761 2499 812 2.
2552 759 2960 829 Quadraginta
2998 760 3172 816 annis
3203 760 3510 831 proximus
3541 761 3666 824 fui:

1995 846 2362 914 generationi
2394 846 2552 913 huic,
2587 847 2774 903 etdixi
2797 865 2808 902 :
2833 849 3190 921 Semperisti
3216 853 3416 904 errant
3446 849 3644 906 corde.

1997 934 2223 999 Quibus
2257 935 2455 1004 juravi
2477 935 2533 990 in
2560 937 2648 992 ira
2689 953 2864 993 mea:
2899 941 3027 992 Non
3070 937 3399 993 introibunt
3451 937 3510 992 in
3565 953 3651 994 re-

1996 1023 2193 1094 quiem
2211 1040 2429 1079 meam.
2453 1024 2516 1083 V.
2555 1025 2663 1080 Ubi
2700 1031 3074 1082 tentaverunt
3106 1043 3200 1082 me
3227 1031 3422 1099 patres
3448 1026 3648 1095 vestri,

1997 1112 2420 1184 probaverunt,
2446 1117 2502 1168 et
2530 1114 2807 1170 viderunt
2835 1131 3018 1186 opera
3044 1131 3198 1170 mea.

2071 1202 2300 1258 Oratio.
2342 1202 2714 1274 Domine,qui
2737 1203 2960 1276 pOpulo
2989 1209 3209 1276 tuoper
3231 1203 3649 1276 quadragena-

1997 1291 2153 1352 rium
2185 1307 2492 1347 numerum
2528 1308 2827 1348 annorum
2859 1294 3168 1365 proximus
3211 1292 3402 1361 fuisti;
3437 1299 3654 1364 praesta

2001 1379 2270 1435 Ecclesiae
2302 1385 2630 1452 tuze,quam
2656 1382 2961 1453 acquisisti
2982 1383 3168 1453 pretio
3183 1383 3491 1451 sanguinis
3521 1383 3603 1437 tui
3632 1401 3649 1453 ;

2001 1474 2064 1523 ut
2088 1468 2266 1524 corde
2287 1484 2409 1524 non
2445 1474 2673 1524 errent:
2717 1470 2821 1524 sed
2853 1470 3145 1526 inlusione
3177 1471 3371 1527 Sancti
3407 1471 3654 1543 Spiritus

1999 1557 2164 1616 illam
2185 1557 2381 1628 reple;
2410 1562 2466 1613 et
2495 1573 2627 1614 eam
2663 1558 2766 1614 tibi
2797 1558 3036 1615 adsocia
3069 1559 3128 1614 in
3161 1566 3380 1615 aeterna
3406 1559 3652 1616 beatitu-

2001 1645 2162 1701 dine.
2191 1658 2253 1715 ις.
2288 1651 2500 1701 Amen.

2071 1735 2423 1803 Antiphona
2446 1738 2496 1789 3.
2531 1733 2764 1790 Inimici
2791 1734 2906 1790 mei
2959 1734 3176 1806 vivent,
3231 1740 3287 1792 et
3341 1734 3651 1792 confortati

2001 1828 2139 1878 sunt
2169 1839 2346 1894 super
2375 1839 2492 1878 me:
2537 1831 2592 1878 et
2624 1823 2989 1895 multiplicati
3013 1833 3150 1879 sunt
3188 1840 3368 1896 super
3413 1842 3538 1880 me:
3577 1841 3649 1880 ne

1997 1911 2378 1982 derelinquas
2408 1927 2523 1966 me.
2559 1925 2620 1980 11-.
2647 1913 2887 1968 Intende
2911 1913 3128 1968 animae
3165 1928 3334 1979 mere,
3374 1917 3428 1968 et
3451 1913 3652 1968 'libera

1997 2017 2132 2056 eam
2159 2018 2172 2052 :
2209 2005 2444 2071 propter
2468 2001 2743 2057 inimicos
2772 2017 2938 2057 meos
2971 2002 3131 2073 eripe
3162 2017 3278 2056 me.

2069 2090 2369 2157 Hymnus.
2400 2090 2441 2144 Ο
2466 2092 2778 2154 Nazarene,
2802 2089 2922 2144 lux.
2956 2090 3062 2159 fol.
3111 2093 3226 2144 144.

2073 2178 2298 2233 Oratio.
2324 2177 2551 2232 Inimici
2577 2177 3166 2244 tui,Domine,vivent
3185 2178 3242 2233 in
3258 2177 3479 2249 poenis:
3501 2193 3652 2250 quos

1999 2267 2338 2322 destruxisti
2369 2268 2638 2338 potentia
2670 2267 2866 2323 Crucis
2893 2270 3052 2322 :Non
3083 2283 3225 2338 ergo
3259 2283 3438 2339 super
3472 2267 3656 2323 Eccle-

2000 2357 2140 2412 siam
2170 2361 2335 2412 tuam
2366 2355 2612 2411 ulterius
2636 2355 3056 2421 confortentur,
3101 2357 3204 2428 qui
3251 2356 3434 2412 semel
3466 2357 3658 2426 gloria

2000 2448 2114 2500 tum
2149 2443 2449 2515 passionis
2469 2445 2682 2500 evincti
2705 2449 2881 2500 sunt:
2919 2443 3270 2500 utmembra
3303 2450 3403 2501 tua
3441 2445 3656 2501 vexillo

2002 2532 2203 2590 Crucis
2236 2538 2458 2604 erepta,
2492 2535 2636 2590 etde
2667 2534 2836 2590 hoste
2872 2533 3176 2590 victoriam
3194 2534 3451 2606 capiant,
3482 2539 3537 2591 et
3563 2551 3657 2590 ex-

2001 2626 2205 2693 optata
2236 2621 2308 2677 de
2333 2622 2532 2693 spoliis
2563 2622 2824 2678 hostium
2846 2622 3012 2679 lucra
3028 2623 3400 2696 conquirant.

2071 2711 2236 2766 Pater
2267 2716 2481 2767 noster.

2608 2800 2715 2857 Ad
2747 2799 3040 2869 Vesperos.

2072 2887 2302 2944 Lauda.
2340 2887 2629 2943 Dominus
2660 2888 3015 2944 illuminatio
3047 2904 3201 2954 mea,
3231 2892 3286 2944 et
3317 2888 3474 2945 salus
3503 2906 3658 2955 mea,

2001 2991 2184 3048 quem
2215 2975 2437 3032 timebo
2457 2976 2484 3031 ?

2072 3064 2436 3133 Antiphona.
2494 3063 2757 3122 Clamavi
2803 3065 2879 3122 ad
2934 3069 2987 3121 te
3021 3063 3290 3129 Domine,
3315 3071 3370 3121 et
3392 3066 3513 3122 dixi
3538 3085 3547 3118 :
3577 3061 3657 3121 Tu

2005 3170 2145 3226 spes
2186 3170 2323 3211 mea
2353 3171 2435 3219 es,
2462 3153 2658 3226 portio
2689 3170 2824 3210 mea
2844 3155 2904 3209 in
2936 3161 3088 3211 terra
3122 3154 3465 3211 viventium.
3502 3155 3660 3210 Educ

2002 3244 2076 3300 de
2118 3259 2373 3299 carcere.
2406 3245 2676 3300 Psalmus
2703 3261 2846 3300 om.

2075 3333 2300 3390 Lauda.
2325 3332 2640 3398 Quomodo
2681 3332 2860 3388 dilexi
2888 3332 3082 3404 legem
3117 3336 3305 3402 tuam,
3366 3331 3658 3390 Domine?

2005 3427 2129 3480 tota
2157 3422 2252 3479 die
2277 3423 2580 3479 meditatio
2627 3438 2767 3478 mea
2792 3427 2897 3478 est.
2940 3423 3296 3483 inﬂetribue
3329 3439 3501 3479 servo
3533 3427 3654 3489 tuo,

2003 3513 2233 3569 vivam:
2269 3517 2325 3568 et
2351 3512 2687 3568 custodiam
2722 3527 3048 3568 sermones.

2073 3603 2370 3673 Hymnus.
2397 3601 2654 3658 Verbum
2676 3601 2878 3658 Patris.
2909 3602 3020 3672 fol.
3046 3603 3168 3658 252.

2077 3691 2373 3762 Capitula.
2418 3691 2698 3760 Gloriose,
2731 3697 2962 3764 potens.
2993 3692 3101 3761 fol.
3137 3695 3260 3747 264.

2077 3781 2306 3838 Lauda.
2338 3780 2808 3851 Fecijudicium.
2834 3780 2944 3852 fol.
2979 3785 3100 3836 '296.

2649 3884 2809 3923 FERIA
2853 3885 3030 3924 SEXTA

2581 3957 2680 4011 Ad
2718 3957 3085 4013 Matutinum.

2079 4044 2450 4115 Antiphona.
2485 4044 2646 4100 Multi
2698 4043 2902 4099 dicunt
2948 4043 3154 4099 anima:
3194 4058 3376 4099 meae:
3426 4045 3552 4100 Non
3579 4048 3666 4099 est

2009 4133 2298 4204 salusipsi
2329 4133 2388 4188 in
2412 4133 2531 4188 Deo
2564 4131 2714 4203 ejus.
2735 4134 2818 4186 Tu
2845 4136 3046 4187 autem
3076 4131 3327 4187 Domine
3355 4136 3664 4203 susceptor

2009 4238 2179 4278 meus
2210 4237 2290 4277 es.
2329 4222 2589 4277 Psalmus
2621 4237 2698 4275 ιιι.

2081 4311 2294 4367 Oratio.
2330 4309 2691 4382 Multiplicati
2722 4313 2879 4374 sunt,
2908 4308 3172 4365 Domine.
3205 4309 3315 4379 fol.
3365 4313 3482 4364 170.

2080 4401 2421 4471 Antiphona
2450 4403 2497 4455 1.
2530 4400 2765 4457 Placeat
2788 4399 2910 4465 tibi,
2946 4398 3216 4465 Domine,
3259 4398 3510 4454 liberare
3530 4413 3663 4453 me:

245 4491 411 4565 quod
433 4505 538 4546 rex
569 4490 798 4548 sederet
825 4492 884 4548 in
913 4499 1122 4564 porta:
1153 4494 1433 4567 venitque
1448 4495 1722 4552 universa
1747 4496 1901 4554 mul-
1933 4487 1978 4542 D
2011 4491 2257 4547 Domine
2275 4489 2337 4547 in
2350 4490 2526 4547 auxili
2539 4506 2638 4545 um
2657 4487 3082 4560 meumlrespice
3104 4505 3116 4540 :
3138 4487 3667 4552 confundantur,et

248 4580 436 4638 titudo
458 4595 660 4637 coram
688 4595 864 4651 rege:
912 4581 1090 4639 Israel
1119 4587 1319 4640 autem
1360 4583 1508 4654 fugit
1534 4583 1595 4640 in
1625 4585 1901 4643 taberna-

250 4668 384 4726 cula
424 4685 552 4726 sua.
585 4681 647 4740 Βιι.
680 4670 890 4727 Amen.

319 4759 666 4830 Antiphona
700 4765 751 4817 t.
794 4760 905 4826 Qui
942 4761 1364 4819 custodiebant
1381 4763 1652 4820 animam
1679 4780 1899 4832 meam,

252 4848 572 4905 consilium
602 4848 948 4906 feceruntin
967 4866 1170 4914 unum,
1205 4851 1500 4909 dicentes:
1539 4853 1714 4924 322
1749 4855 1904 4910 Deus

251 4937 609 5010 derelinquit
631 4936 801 4994 illum
821 4957 833 4997 :
859 4939 1312 5011 persequimini,
1327 4945 1384 4996 et
1416 4942 1903 5014 comprehendite

254 5040 409 5098 eum,
452 5026 602 5099 quia
634 5042 758 5083 non
787 5032 894 5096 est,
919 5028 1023 5100 qui
1038 5027 1420 5086 libereteum.
1450 5031 1606 5087 Deus
1634 5049 1904 5098 meus,ne

253 5114 493 5187 elonges
525 5132 562 5172 a
589 5131 722 5172 me:
759 5117 912 5173 Deus
938 5133 1132 5183 meus,
1177 5117 1238 5173 in
1277 5118 1642 5189 adjutorium
1699 5137 1905 5178 meum

251 5201 512 5261 intende.
540 5203 608 5266 γ.
635 5205 814 5272 Deus,
842 5205 902 5262 in
929 5210 978 5262 te
1005 5207 1268 5278 speravi:
1299 5208 1546 5268 Domine
1603 5227 1726 5270 non
1770 5228 1907 5271 con—

251 5291 469 5350 fundar
493 5293 555 5350 in
584 5298 892 5352 aaternum.

324 5377 529 5436 Oratio
551 5379 761 5436 l.Deus
779 5380 1198 5454 virtutum,qui
1215 5397 1351 5438 cum
1369 5400 1528 5441 esses
1547 5387 1906 5460 Deus,spon-

255 5466 422 5523 tanee
449 5471 503 5523 te
548 5469 975 5540 comprehendi
1013 5469 1244 5527 voluisti
1279 5476 1542 5547 tempore
1570 5477 1900 5550 passionis;

253 5553 400 5625 dum
424 5556 747 5618 adversum
761 5565 812 5616 te
834 5558 1152 5622 consilium
1180 5559 1461 5636 facerent,
1494 5565 1791 5626 dicentes:
1818 5568 1905 5628 Li-

2009 4585 2391 4638 revereantur
2429 4595 2638 4636 omnes
2687 4577 3052 4652 inquirentes
3109 4577 3374 4633 animam
3416 4591 3615 4632 meam
3649 4593 3661 4632 :

2011 4675 2537 4738 avertanturretro,
2572 4675 2629 4726 et
2657 4670 3027 4733 erubescant,
3057 4668 3161 4740 qui
3212 4665 3475 4738 cogitant
3521 4664 3668 4719 mihi

2013 4760 2192 4817 mala.
2218 4760 2276 4820 tit.
2300 4760 2511 4816 Ferant
2535 4759 2846 4815 confestim
2872 4755 3288 4813 confusionem
3338 4770 3530 4818 suam,
3564 4753 3667 4826 qui

2014 4849 2219 4905 dicunt
2244 4848 2420 4903 mihi:
2454 4850 2632 4917 Euge,
2661 4861 2830 4916 euge.
2867 4846 3006 4901 Non
3033 4844 3272 4900 dicatur
3304 4843 3518 4899 Gloria.

2088 4939 2314 4995 Oratio.
2340 4935 2576 4993 Placeat
2605 4935 2709 4991 tibi
2733 4933 2980 4991 Domine
2997 4931 3243 4990 liberare
3256 4948 3367 4988 nos
3389 4933 3462 4987 de
3484 4948 3670 4989 manu

2013 5028 2276 5084 hostium
2297 5043 2308 5082 :
2335 5031 2391 5082 et
2408 5025 2853 5082 confundantur
2867 5028 2922 5080 et
2943 5027 3322 5079 revereantur
3338 5027 3671 5093 quaerentes

2015 5117 2302 5187 deglutire
2333 5131 2473 5172 nos:
2507 5119 2569 5170 In
2600 5114 2889 5170 auxilium
2912 5113 3086 5169 nobis
3119 5127 3382 5177 occurre,
3416 5111 3522 5183 qui
3555 5111 3673 5166 fac-

2017 5213 2110 5264 tus
2135 5224 2197 5263 es
2224 5211 2426 5263 noster
2456 5205 2720 5276 adjutor:
2759 5209 2821 5261 ut
2867 5219 2989 5261 non
3024 5203 3454 5259 erubescamus
3494 5201 3555 5255 in
3578 5216 3675 5256 ac~

2017 5296 2173 5352 tibus
2223 5294 2549 5367 pravitatis,
2582 5294 2687 5366 qui
2720 5301 2832 5349 tuae
2875 5310 2981 5348 nos
3025 5292 3325 5348 credimus
3356 5290 3670 5344 innovatos

2016 5386 2205 5457 gloria
2232 5384 2548 5457 passionis.
2581 5395 2645 5455 11.
2678 5388 2887 5440 Amen.

2086 5475 2419 5544 Antiphone:
2456 5479 2508 5531 2.
2542 5474 2743 5531 Locuti
2784 5479 2925 5531 sunt
2949 5473 3267 5531 adversum
3293 5481 3390 5522 me
3443 5460 3671 5520 inimici

2014 5568 2134 5628 mei
2162 5567 2344 5635 mala,
2367 5571 2425 5627 et
2449 5561 2823 5630 sermonibus
2854 5564 2975 5622 odii
3006 5553 3524 5619 circumdederunt
3542 5567 3667 5622 me,
