4192 6406
548 316 653 373 547

1807 295 2258 363 BREVIARIUM
2299 294 2693 363 GOTHICUM.

3870 289 3985 361 548

547 441 662 496 Pro
702 455 792 504 eo,
825 437 986 510 quod
1043 451 1148 492 eos
1186 434 1529 508 diligebam,
1555 431 2022 488 adversabantur
2049 446 2144 485 me
2171 447 2185 484 :
2221 432 2269 490 A
2296 432 2446 486 mei:
2475 434 2495 453 '
2524 431 2810 504 quoniam
2839 430 3181 486 invocatum
3211 433 3300 485 est
3330 443 3556 485 nomen
3573 433 3757 485 tuum
3785 443 3986 501 super

551 542 663 597 ego
710 529 910 580 autem
945 523 1198 580 orabam
1252 538 1360 594 pro
1393 521 1496 576 eis.
1545 520 1610 580 εν.
1667 521 1750 574 Tu
1794 535 1874 584 es,
1918 518 2186 581 Domine,

549 614 734 670 Deus:
765 613 858 669 fac
888 628 1123 668 mecum
1189 608 1660 665 misericordiam
1698 611 1942 679 propter
1969 621 2188 662 nomen

546 707 747 760 tuum:
769 702 912 772 quia
941 699 1140 755 suavis
1161 703 1250 753 est
1277 697 1681 753 misericordia
1709 700 1830 750 tua.

619 788 1059 846 0ratio.Locuti
1080 786 1546 842 suntadversum
1580 791 1630 839 te
1657 784 1923 848 Domine,
1961 781 2189 837 inimici

547 878 634 935 tui
667 877 918 946 malum,
950 881 1089 931 tunc
1130 875 1328 944 utique
1365 871 1612 945 quando
1671 875 1722 926 te
1758 887 2047 941 magnum
2075 871 2188 926 bo-

548 982 696 1022 num
713 965 978 1036 captiosa
1002 961 1337 1018 adulatione
1363 959 1715 1016 laudabant.
1739 958 1848 1024 Qui
1863 974 2004 1027 ergo
2021 957 2186 1012 odio-

548 1054 630 1109 sis
661 1051 1034 1108 sermonibus
1061 1065 1265 1104 eorum
1292 1047 1647 1103 circumdari
1677 1051 1735 1102 et
1761 1046 2094 1118 expugnari
2131 1050 2185 1099 te

549 1158 767 1214 passus
799 1155 880 1208 es,
900 1137 1288 1195 confessionis
1307 1142 1521 1192 nostrae
1552 1134 1843 1206 supplices
1865 1135 1994 1204 jam
2024 1149 2184 1204 quae—

550 1245 778 1292 sumus,
819 1227 1055 1298 suscipe
1089 1241 1311 1296 preces.
1340 1236 1402 1295 Rt.
1433 1231 1638 1279 Amen.

612 1317 954 1387 Antiphona
979 1321 1036 1371 3.
1075 1313 1395 1371 Concilium
1417 1312 1679 1368 fecerunt
1697 1311 1757 1367 in
1770 1311 2182 1376 unum,dicen-

543 1411 656 1464 tes:
681 1404 1122 1476 Persequimini,
1144 1409 1200 1459 et
1215 1401 1691 1473 comprehendite
1707 1417 1846 1456 eum
1861 1421 1872 1457 :
1890 1400 2032 1472 quia
2057 1415 2179 1455 non

545 1499 650 1559 est,
670 1492 773 1566 qui
789 1493 1144 1565 eripiateum
1157 1491 1230 1546 de
1248 1489 1527 1545 manibus
1547 1489 1780 1544 nostris.
1802 1491 1880 1543 Ne
1893 1488 2180 1559 elongeris

545 1599 584 1639 a
606 1598 702 1638 me
735 1601 746 1641 :
771 1581 832 1636 in
853 1580 1213 1652 adjutorium
1244 1595 1444 1633 meum
1465 1577 1700 1633 intende
1719 1576 2183 1636 :V.Confundan-

549 1676 644 1726 tur
674 1675 730 1726 et
775 1673 1153 1725 revereantur
1192 1666 1388 1730 simul,
1437 1666 1540 1736 qui
1593 1669 1868 1736 quaerunt
1915 1663 2183 1720 animam

550 1773 771 1824 meam,
797 1762 861 1812 ut
881 1756 1152 1812 auferant
1180 1771 1334 1810 eam.

617 1847 835 1902 Oratio.
867 1847 1010 1900 Jesu
1039 1844 1139 1899 Dei
1184 1842 1310 1908 Fili,
1333 1859 1514 1915 quem
1561 1841 1745 1914 impia
1783 1840 2184 1910 malignorum

546 1934 720 1991 turba
748 1933 1000 1989 inaniter
1023 1932 1558 2004 persequens,dum
1582 1930 1897 1986 consilium
1912 1933 2116 1984 contra
2130 1933 2184 1984 te

547 2022 672 2094 agit
695 2021 1256 2093 comprehensionis,
1272 2019 1437 2091 fugat
1456 2019 1650 2090 potius
1676 2035 1711 2074 a
1742 2036 1806 2074 se
1829 2017 2186 2072 beneﬁcium

544 2110 777 2183 pietatis
805 2126 818 2164 :
852 2109 996 2164 dum
1023 2109 1152 2164 nisa
1181 2109 1550 2174 est,delendo
1580 2105 2188 2176 vitam,comprehen-

545 2198 704 2263 dere,
732 2213 912 2270 quem
945 2197 1144 2269 utique
1158 2195 1652 2254 nesciebantvitae
1683 2210 1814 2248 esse
1839 2197 2144 2249 auctorem
2169 2208 2182 2257 ;

544 2285 747 2360 praebe
771 2285 968 2354 nobis,
1011 2290 1076 2340 ut
1121 2291 1195 2348 te,
1228 2299 1410 2356 quem
1459 2281 1541 2337 illi
1595 2280 1862 2350 maligna
1887 2280 2186 2335 voluntate

546 2373 837 2447 persecuti
867 2378 1024 2438 sunt,
1056 2389 1166 2429 nos
1190 2372 1292 2444 pia
1319 2372 1635 2426 devotione
1656 2370 1717 2424 in
1746 2369 1922 2424 bonis
1951 2367 2184 2423 actibus

552 2463 728 2534 323
751 2477 1158 2533 assequamur:
1177 2466 1237 2516 ut
1256 2459 1315 2515 in
1337 2476 1457 2532 quo
1475 2458 1729 2514 inimicis
1746 2457 1851 2512 erit
1866 2461 2186 2527 perpetuus

547 2551 777 2607 luctus:
820 2550 881 2606 in
937 2565 1007 2606 eo
1043 2549 1116 2605 sit
1144 2547 1317 2604 nobis
1363 2551 1718 2619 perpetuum
1777 2544 2084 2617 gaudium.
2120 2555 2182 2613 Βί.

546 2641 756 2696 Amen.

619 2741 688 2801 ﬁ.
727 2732 899 2786 Facta
923 2729 1582 2802 estlinguainiquorum
1595 2724 1972 2782 fraudulenta
2002 2722 2059 2778 in
2089 2737 2187 2777 ore

546 2833 773 2883 eorum,
811 2823 866 2873 et
918 2818 1316 2890 loquebantur
1363 2815 1743 2872 mendacium
1799 2828 2056 2868 omnes:
2124 2811 2186 2864 in

545 2903 836 2975 sanguine
865 2905 1121 2961 insidiati
1145 2910 1313 2961 sunt:
1335 2904 1530 2959 virum
1566 2899 2020 2974 justum'venati
2051 2902 2188 2952 sunt

545 2993 619 3050 ad
632 3000 863 3048 mortem
879 2995 1094 3066 ;P.lpse
1106 3001 1283 3049 autem
1298 2993 1544 3064 paciﬁca
1558 2987 2100 3060 verbaloquebatur
2112 2984 2187 3040 ad

546 3081 1099 3152 eos.V.Congregati
1118 3087 1256 3138 sunt
1271 3082 1556 3137 adversus
1569 3079 1796 3166 justum
1814 3075 2187 3166 omnesprin-
2214 3108 2256 3166 Ο

547 3170 708 3242 cipes
733 3173 759 3225 J
767 3171 898 3237 uda,
910 3177 964 3226 et
979 3169 1550 3242 comprehenderunt
1568 3183 1696 3220 eum
1713 3165 1976 3219 dicentes
1991 3165 2186 3219 :Morte

547 3259 835 3314 moriatur
854 3258 1036 3314 homo
1063 3259 1192 3313 iste.
1236 3257 1299 3309 P.
1332 3259 1487 3326 Ipse.
1540 3255 1676 3308 Non
1703 3253 1944 3306 dicatur
1972 3251 2181 3306 Gloria.

619 3345 842 3403 Oratio.
871 3345 1093 3402 Christe
1110 3345 1209 3399 Dei
1221 3343 1404 3399 Patris
1424 3340 1722 3396 ineffabile
1739 3338 2186 3408 Verbum,apud

543 3450 721 3505 quem
744 3434 950 3507 lingua
978 3433 1321 3504 iniquorum
1353 3428 1728 3485 fraudulenta
1748 3430 1834 3482 est
1862 3448 1874 3480 :
1919 3426 2184 3482 immane

543 3521 769 3578 facinus
783 3523 1264 3591 perpetrantes,ut
1279 3533 1380 3573 san
1390 3517 1614 3586 guinem
1629 3515 1987 3570 innocentem
2001 3513 2181 3568 effun-

541 3608 750 3663 derent
771 3623 783 3661 :
806 3607 1006 3679 praebe
1029 3605 1296 3662 Ecclesiae
1312 3610 1428 3660 tum
1461 3604 1781 3675 paciﬁcum
1805 3602 2089 3668 verbum;
2118 3607 2182 3658 ut

541 3695 649 3765 qui
679 3695 952 3766 exemplo
1013 3700 1115 3750 tuo
1154 3693 1449 3750 mundum
1487 3694 1860 3748 decertamus
1887 3691 2174 3754 evincere,

543 3781 725 3836 ccelos
753 3797 1091 3838 mereamur
1114 3787 1248 3853 post
1278 3780 1591 3836 transitum
1612 3779 1828 3836 videre.
1853 3789 1921 3849 ηε.
1973 3784 2175 3832 Amen.

1142 3871 1214 3924 In
1245 3869 1572 3926 Laudibus.

609 3960 976 4030 Antiphona.
1011 3957 1376 4016 Sacrificium
1407 3960 1522 4012 Deo
1552 3956 1790 4028 spiritus
1821 3953 2176 4010 contribula-

536 4051 662 4103 tus:
704 4063 805 4103 cor
841 4048 1156 4104 contritum
1169 4045 1612 4102 ethumiliatum
1632 4046 1783 4099 Deus
1804 4059 1878 4098 ne
1904 4057 2174 4113 spernas.

535 4134 798 4192 Miserere
829 4137 943 4191 mei
971 4139 1142 4190 Deus.
1174 4136 1445 4190 Psalmus
1469 4149 1520 4186 L.

606 4223 1390 4295 Oratio.Quinquagesimum
1405 4220 1684 4292 psalmum
1700 4218 2176 4275 medicaminibus

533 4311 779 4383 plenum
816 4310 1122 4382 poenitenti
1150 4310 1476 4373 meditanti,
1513 4314 1574 4363 tu
1602 4310 1774 4373 Deus,
1830 4308 1929 4378 qui
1961 4311 2176 4362 cuncta

532 4397 849 4469 prospicis,
875 4402 931 4452 et
959 4403 1224 4452 nostram
1255 4397 1523 4465 linguam
1551 4395 1894 4466 persolvas:
1926 4399 1990 4449 ut
2020 4395 2176 4449 sicut

534 4485 721 4541 David
747 4491 880 4557 post
915 4486 1059 4541 Urise
1090 4485 1302 4541 Cethmi
1340 4485 1693 4553 sanguinem
1709 4484 1906 4538 fusum
1936 4499 2043 4554 per
2072 4498 2176 4538 cor

532 4573 849 4630 contritum
873 4573 1309 4628 ethumiliatum
1329 4573 1545 4627 diluisti
1575 4579 1851 4644 peccata:
1873 4572 1950 4628 ita
1987 4577 2044 4626 et
2069 4587 2174 4626 no-

533 4667 659 4718 stra
679 4661 1084 4718 satisfactione
1101 4661 1363 4730 digneris
1388 4660 1621 4716 abluere
1634 4660 1933 4730 delictaﬁ.
1960 4661 2171 4714 Amen.

599 4751 1053 4818 Antiphona.'l‘u
1079 4750 1191 4804 scis
1223 4750 1493 4816 Domine,
1514 4751 1826 4805 recordare
1855 4748 1990 4811 mei,
2006 4752 2170 4802 tuere

531 4852 628 4892 me
652 4842 729 4892 ab
753 4838 845 4893 his
861 4839 962 4910 qui
981 4843 1526 4911 persequunturme
1541 4857 1554 4897 :
1571 4839 1716 4894 scito
1731 4837 2018 4908 quoniam
2039 4851 2170 4890 sus—

532 4923 680 4980 tinui
699 4924 1090 4996 obprobrium
1119 4943 1228 4998 pro
1257 4933 1331 4982 te.

861 5013 1170 5069 Canticum
1200 5016 1502 5071 Hieremiae
1533 5014 1694 5082 (Cap.
1720 5014 1846 5080 xv).

599 5102 685 5156 'l'u
714 5101 826 5156 seis
847 5101 1114 5170 Domine,
1152 5109 1462 5159 recordare
1492 5103 1625 5158 mei.
1661 5107 1717 5156 et
1737 5100 1902 5154 visita
1930 5113 2026 5153 me
2047 5102 2089 5168 ',
2116 5103 2173 5154 et

528 5192 694 5245 tuere
723 5205 818 5245 me
847 5189 924 5245 ab
954 5190 1043 5245 his
1069 5191 1172 5262 qui
1199 5195 1637 5263 persequuntur
1665 5203 1780 5257 me,

606 5277 731 5332 Noli
761 5278 813 5332 in
837 5278 1120 5348 patientia
1164 5285 1262 5334 tua
1306 5277 1603 5347 suscipere
1634 5289 1766 5329 me:
1802 5275 1819 5292 '
1850 5273 1996 5329 scito
2026 5290 2172 5345 quo-

526 5367 692 5424 niam
733 5367 985 5421 sustinui
1009 5367 1400 5437 obprobrium
1428 5379 1535 5434 pro
1565 5369 1639 5419 te.

602 5454 829 5509 Inventi
842 5459 978 5509 sunt
994 5468 1298 5507 sermones
1316 5452 1417 5515 tui,
1435 5450 1732 5505 etcomedi
1746 5457 1927 5520 eos,et
1946 5453 2172 5512 factum

527 5545 620 5617 est
639 5541 1050 5602 mihiverbum
1061 5538 1305 5611 tuumjn
1325 5537 1616 5610 gaudium
1630 5539 1962 5599 etlaetitiam
1976 5543 2172 5599 cordis

2296 535 2414 584 me,
2450 519 2695 574 Domine
2735 519 2890 572 Deus
2917 517 3301 573 exercituum.

2369 609 2493 661 Non
2524 606 2648 660 sedi
2678 607 2736 660 in
2771 605 3016 660 concilio
3037 605 3454 668 ludentium,et
3478 605 3787 675 gloriatus
3837 623 3984 662 sum

2297 710 2333 749 a
2363 694 2510 748 facie
2536 710 2751 749 manus
2775 699 2886 748 tuae
2908 693 3132 748 :‘solus
3145 692 3773 765 sedebam,quoniam
3807 710 3985 750 com-

2297 782 2623 838 minatione
2645 781 2878 853 replesti
2907 797 3024 837 me.

2368 874 2560 936 Quare
2590 872 2779 927 factus
2801 875 2888 925 est
2916 869 3088 925 dolor
3104 887 3276 926 meus
3303 877 3661 943 perpetuus,
3695 876 3759 927 et
3785 871 3985 944 plaga

2294 975 2431 1016 mea
2472 959 2824 1015 insanabilis
2869 959 3064 1015 renuit
3109 961 3302 1015 curari
3323 961 3352 1014 Ὺ
3385 963 3404 983 '
3436 959 3668 1016 factum
3701 965 3802 1017 est
3824 962 3984 1016 mihi

2293 1047 2470 1119 quasi
2506 1047 2883 1102 mendacium
2924 1063 3211 1118 aquarum
3233 1047 3594 1105 inﬁdelium.

2364 1137 2605 1208 Propter
2630 1137 2744 1192 hoc
2772 1136 2899 1191 haec
2920 1135 3367 1192 dicitDominus
3397 1140 3454 1190 τ’
3474 1138 3533 1192 Si
3564 1137 3980 1209 converteris,

2291 1232 2635 1282 convertam
2659 1230 2733 1291 te,
2761 1229 2817 1281 et
2846 1230 2979 1281 ante
3007 1225 3220 1281 faciem
3251 1232 3526 1282 nostram
3557 1227 3782 1284 stabis.

2361 1315 2519 1379 Etsi,
2570 1315 2937 1386 separaveris
2985 1315 3314 1386 pretiosum
3359 1331 3398 1371 a
3445 1313 3612 1380 vili,‘
3666 1317 3853 1388 quasi
3904 1334 3979 1374 os

2285 1419 2490 1460 meum
2511 1403 2653 1459 eris:

2359 1492 2782 1547 Convertentur
2819 1491 2934 1563 ipsi
2962 1490 3040 1547 ad
3074 1495 3149 1558 te,
3174 1494 3195 1512 "
3224 1494 3280 1548 et
3305 1497 3371 1547 tu
3417 1507 3548 1548 non
3593 1495 3975 1551 converteris

2291 1581 2367 1637 ad
2401 1596 2526 1636 eos.

2363 1671 2431 1723 Et
2459 1667 2618 1723 dabo
2668 1671 2723 1724 te
2753 1667 2977 1739 populo
3001 1667 3139 1723 huic
3183 1667 3243 1723 in
3276 1683 3527 1725 murum
3559 1685 3810 1735 aereum,
3839 1671 3969 1727 for-

2217 1762 2262 1826 B
2293 1761 2409 1812 tem
2436 1775 2452 1828 ;
2481 1759 2500 1776 '
2531 1760 2583 1811 et
2618 1755 2926 1812 bellabunt
2956 1754 3280 1811 adversum
3311 1761 3384 1821 te,
3415 1763 3473 1812 et
3507 1773 3633 1813 non
3665 1759 3960 1830 praevale-

2293 1844 2445 1900 bunt
2465 1866 2476 1900 :
2498 1845 2641 1916 quia
2672 1860 2782 1913 ego
2807 1849 3002 1899 tecum
3029 1860 3164 1899 sum
3190 1848 3254 1900 ut
3292 1844 3522 1901 salvem
3551 1851 3626 1912 te,
3661 1851 3718 1902 et
3744 1863 3965 1904 eruam

2294 1938 2370 1998 te,
2403 1932 2543 1987 dicit
2573 1933 2882 1988 Dominus.

2366 2024 2429 2075 Et
2450 2020 2716 2076 liberabo
2741 2025 2791 2074 te
2822 2020 2895 2075 de
2921 2035 3105 2076 manu
3122 2021 3554 2092 pessimorum,
3580 2030 3634 2080 et
3661 2024 3954 2081 redimam

2295 2113 2347 2164 te
2386 2109 2458 2163 de
2491 2123 2676 2163 manu
2701 2108 3020 2163 fortiorum.

2368 2197 2583 2252 Oratio.
2611 2195 2933 2250 Recordare
2955 2196 3145 2264 nobis,
3164 2198 3418 2253 Domine
3437 2214 3448 2252 :
3466 2204 3521 2255 et
3550 2206 3706 2256 tuere
3725 2216 3839 2256 nos
3869 2200 3957 2256 ab

2294 2285 2386 2339 his
2413 2284 2516 2355 qui
2554 2289 2994 2356 persequuntur
3010 2300 3140 2349 nos,
3161 2285 3265 2355 qui
3297 2302 3410 2357 pro
3423 2287 3602 2343 nobis
3623 2287 3969 2344 sustinuisti

2295 2373 2686 2444 obprobrium
2713 2372 2938 2428 Crucis:
2970 2375 3052 2436 ut,
3084 2371 3145 2426 in
3169 2380 3373 2443 quotu
3394 2391 3508 2446 pro
3533 2376 3708 2431 nobis
3735 2375 3968 2432 amari-

2295 2467 2456 2517 catus
2481 2478 2540 2516 es
2566 2461 2770 2516 volens
2789 2480 2806 2532 ;
2831 2461 2890 2516 in
2915 2477 2985 2516 eo
2999 2477 3109 2516 nos
3141 2469 3193 2517 et
3213 2462 3310 2518 hic
3342 2467 3400 2520 et
3418 2466 3480 2520 in
3513 2470 3804 2520 mternum
3829 2479 3976 2534 gra-

2295 2549 2551 2604 tulemur
2578 2549 2790 2604 felices.
2830 2560 2896 2618 Βι.
2938 2551 3148 2606 Amen.

2364 2639 2842 2693 Matutz'narium.
2871 2641 3035 2694 Mane
3063 2641 3348 2696 exaudies
3365 2658 3577 2698 vocem
3599 2657 3836 2711 meam,
3862 2644 3981 2698 Do-

2294 2729 2472 2783 mine.
2499 2729 2660 2782 ltlane
2684 2726 2936 2782 adstabo
2976 2727 3079 2783 tibi
3120 2733 3176 2784 et
3196 2730 3437 2786 videbo.
3568 2731 3775 2786 Verba
3835 2747 3982 2786 mea

2297 2815 2540 2871 auribus
2561 2816 2796 2887 percipe
2815 2815 3358 2888 Domine,intellige
3381 2819 3708 2875 clamorem
3730 2835 3979 2874 meum.

2363 2905 2584 2960 Lauda.
2620 2903 2757 2958 Caeli
2789 2903 3095 2970 ccelorum,
3130 2910 3185 2960 et
3215 2923 3413 2978 aquae,
3452 2923 3590 2979 quae
3623 2923 3828 2980 supra
3863 2924 3984 2963 coe-

2292 2992 2380 3048 los
2411 2999 2566 3059 sunt,
2597 2991 2839 3046 laudent
2876 3008 3096 3047 nomen
3132 2995 3380 3050 Domini.
3417 2997 3528 3051 Ps.
3562 3011 3806 3051 CXLVIII.

2431 3081 2623 3135 Lectio
2655 3079 2798 3134 libri
2822 3080 3116 3136 Samuelis
3138 3082 3227 3151 (II
3251 3082 3473 3152 Regum
3505 3099 3639 3152 cap.
3663 3085 3830 3151 xxx).

2365 3171 2424 3223 [n
2449 3167 2664 3222 diebus
2694 3165 2806 3221 illis
2827 3187 2837 3225 :
2857 3169 2974 3222 Rex
2990 3169 3173 3224 David
3192 3169 3351 3225 misit
3375 3170 3457 3226 ad
3478 3172 3674 3226 Sadoe
3697 3177 3756 3227 et
3781 3173 3981 3228 Abin-

2292 3257 2423 3311 thar
2448 3254 3042 3319 sacerdotes,dicens:
3069 3257 3408 3328 Loquimini
3422 3257 3501 3313 ad
3525 3259 3982 3330 majores,‘natu

2290 3342 2759 3410 Juda,dicentes:
2782 3345 2896 3398 Cur
2912 3344 3114 3398 venitis
3132 3345 3438 3400 novissimi
3454 3345 3534 3401 ad
3547 3346 3982 3402 reducendum

2291 3447 2492 3499 regem
2521 3431 2580 3484 in
2607 3430 2855 3485 domum
2869 3431 3322 3501 suam?(Sermo
3341 3435 3757 3489 autemomnis
3777 3436 3984 3494 Israel

2290 3524 2639 3592 pervenerat
2663 3519 2740 3574 ad
2769 3535 2969 3589 regem
2993 3522 3053 3575 in
3085 3522 3268 3576 domo
3292 3522 3464 3591 ejus.)
3520 3523 3679 3588 Quia
3720 3523 3985 3581 dixerat

2288 3622 2391 3662 rex
2420 3623 2431 3660 :
2467 3608 2598 3660 Haec
2627 3605 2831 3660 dicetis
2866 3605 2945 3661 ad
2977 3607 3309 3678 populum:
3354 3610 3584 3664 Fratres
3640 3610 3765 3665 mei
3837 3628 3978 3678 vos,

2289 3711 2357 3750 os
2379 3711 2596 3756 meum,
2618 3701 2674 3749 et
2688 3710 2829 3749 caro
2841 3711 2977 3750 mea
2992 3711 3310 3767 vos,quare
3327 3695 3646 3752 novissimi
3665 3699 3778 3754 red
3791 3701 3984 3756 ucitis

2287 3782 2534 3851 regem?
2565 3785 2628 3836 Et
2657 3785 2888 3838 Amasae
2917 3783 3120 3839 dicite:
3173 3787 3380 3840 Nonne
3410 3801 3478 3841 os
3514 3802 3728 3842 meum
3782 3803 3886 3858 es,
3923 3794 3985 3845 et

2288 3886 2429 3926 caro
2459 3870 2640 3926 mea?
2673 3873 2800 3925 Haec
2817 3870 2995 3926 faciat
3022 3872 3161 3926 mihi
3191 3875 3366 3938 Deus,
3400 3878 3457 3929 et
3476 3874 3609 3929 haec
3650 3875 3889 3942 addat,
3930 3878 3981 3932 si

2288 3974 2408 4014 non
2424 3959 2705 4026 magister
2727 3959 2945 4014 militiae
2958 3958 3136 4014 fueris
3153 3975 3356 4016 coram
3374 3977 3468 4016 me
3486 3962 3655 4017 omni
3676 3968 3811 4018 tem
3825 3981 3986 4036 pore

2287 4063 2397 4118 pro
2424 4047 2590 4101 Joab.
2623 4050 2686 4102 Et
2714 4047 3014 4102 inclinavit
3042 4064 3145 4104 cor
3171 4050 3446 4104 omnium
3470 4051 3745 4106 virorum
3787 4055 3982 4118 Juda,

2286 4135 2459 4206 quasi
2489 4135 2592 4188 viri
2622 4135 2823 4190 unius:
2858 4137 3259 4207 miseruntque
3284 4138 3362 4192 ad
3385 4153 3614 4208 regem,
3645 4140 3982 4198 dicentes:

2288 4224 2591 4277 Revertere
2621 4227 2704 4286 tu,
2729 4227 2784 4276 et
2808 4238 3016 4277 omnes
3035 4225 3186 4278 servi
3209 4225 3669 4281 tui.Etreversus
3692 4233 3800 4284 est
3831 4247 3984 4286 rex:

2286 4316 2342 4365 et
2368 4309 2524 4363 venit
2542 4325 2732 4379 usque
2748 4309 3154 4376 Jordanem,et
3176 4313 3374 4367 omnis
3390 4313 3420 4366 J
3428 4313 3548 4370 uda
3572 4315 3740 4370 venit
3759 4333 3987 4390 usque

2283 4397 2345 4450 in
2376 4396 2706 4464 Galgala,ut
2731 4404 3063 4453 occurreret
3084 4399 3226 4468 regi,
3250 4401 3838 4460 ettraducereteum
3855 4409 3994 4462 Jor-

2283 4483 2514 4539 danem.
2537 4485 2846 4540 Festinavit
2865 4491 3064 4540 autem
3083 4487 3462 4543 Semei.ﬁlius
3483 4491 3635 4546 Cera
3647 4490 3762 4546 ﬁlii
3781 4494 3990 4550 Jemi—

2283 4573 2344 4627 ni
2360 4573 2434 4626 de
2469 4572 2827 4638 Bahurim,et
2849 4572 3310 4629 descenditcum
3329 4577 3469 4630 viris
3489 4575 3728 4633 Judain
3742 4596 3990 4638 occur-

2284 4676 2418 4714 sum
2435 4661 2589 4729 regis
2607 4660 2788 4714 David
2804 4676 2940 4714 cum
2956 4660 3113 4716 mille
3130 4663 3270 4716 viris
3288 4663 3363 4718 de
3378 4664 3516 4734 Benj
3527 4665 3798 4732 amin,et
3823 4670 3987 4727 Siba

2281 4748 2542 4820 puer.de
2570 4747 2753 4802 domo
2785 4748 2954 4806 Saul:
2990 4753 3047 4804 et
3069 4749 3416 4820 quindecim
3447 4751 3529 4807 ﬁli
3562 4754 3720 4824 ejus,
3759 4771 3848 4813 ac
3888 4761 3984 4815 vi-

2284 4835 2429 4904 ginti
2454 4836 2793 4897 servierant
2811 4851 2948 4891 cum
2971 4853 3041 4892 eo
3061 4855 3072 4894 :
3094 4842 3150 4892 et
3166 4837 3570 4910 irrumpentes
3587 4843 3980 4913 Iordanem,

2283 4929 2419 4979 ante
2440 4938 2630 4990 regem
2648 4923 3002 4980 transierunt
3025 4925 3674 4991 vada,uttraducerent
3699 4932 3989 4994 domum

2282 5010 2792 5080 regis,etfacerent
2803 5013 2973 5081 juxta
2979 5013 3309 5083 jussionem
3323 5016 3453 5086 ejus
3475 5033 3488 5070 :
3508 5019 3709 5074 Semei
3741 5028 3988 5080 autem

2282 5099 2440 5154 ﬂlius
2467 5100 2613 5153 Gera
2626 5105 2955 5169 prostratus
2977 5116 3182 5156 coram
3205 5118 3512 5171 rege,cum
3538 5106 3673 5174 jam
3696 5112 3988 5168 transis-

2285 5194 2373 5242 set
2393 5187 2734 5254 Iordanem,
2753 5187 2896 5242 dixit
2923 5187 3101 5260 324
3119 5190 3197 5244 ad
3226 5206 3399 5247 eum:
3425 5195 3506 5247 Ne
3537 5200 3798 5265 reputes
3814 5201 3990 5257 mihi

2285 5275 2523 5330 domine
2539 5276 2617 5328 mi
2640 5274 3220 5348 iniquitatem,neque
3235 5281 3574 5336 memineris
3592 5282 3994 5353 injuriarum

2285 5363 2434 5420 servi
2453 5364 2534 5419 tui
2563 5364 2620 5417 in
2645 5364 2736 5417 die
2749 5379 2869 5434 qua
2882 5381 3156 5433 egressus
3177 5384 3240 5421 es
3259 5369 3503 5424 domine
3528 5372 3612 5426 mi
3638 5372 3718 5428 de
3746 5375 3990 5435 Hieru-

2285 5452 2490 5516 salem,
2516 5467 2710 5521 neque
2723 5467 2909 5521 pones
2939 5469 3041 5508 rex
3073 5453 3132 5508 in
3150 5456 3330 5511 corde
3348 5460 3775 5527 tuo.Agnosco
3800 5469 3993 5525 enim

2285 5555 2492 5597 servus
2506 5544 2640 5598 tuus
2651 5544 2950 5609 peccatum
2963 5555 3148 5598 meum
3162 5561 3175 5602 :
3200 5547 3259 5600 et
3275 5543 3500 5603 idcirco
3519 5546 3710 5605 hodie
3725 5553 3996 5624 primus
