4192 6462
218 332 314 407 549

1364 346 1716 406 DOMINICA
1754 334 1805 404 ν
1843 336 2457 417 ΟΙῘΑΒΒΑῦΕΞΙΜίΕ.

3493 334 3601 409 550

216 473 341 531 veni
361 472 435 528 de
452 471 1528 546 omnidomoJoseph,descendiquein
1547 490 1857 529 occursum
1890 472 1937 528 A
1973 475 2643 544 ettraduxcruntregem
2656 476 2974 532 etdomum
2987 479 3113 549 ejus
3128 480 3471 546 Jordanem,
3495 494 3624 535 om-

221 562 434 619 domini
448 562 565 616 mei
581 561 758 630 regis.
774 560 1160 633 Respondeas
1178 577 1319 617 vero
1331 562 1535 618 Abisai
1555 562 1711 617 ﬁlius
1731 564 1860 618 Sar-

219 653 322 707 viae
342 650 518 705 dixit:
556 650 857 722 Numquid
888 666 996 721 pro
1021 650 1116 705 his
1148 650 1343 705 verbis
1377 668 1497 705 non
1558 652 1864 707 occidetur

223 740 1147 811 Semei,quimaledixeritchristo
1169 741 1401 795 Domini
1423 741 1451 795 ‘?
1468 744 1526 795 Et
1544 742 1623 795 ait
1640 741 1821 796 David
1850 755 1860 795 :

226 830 366 898 Quid
395 831 559 895 mihi,
590 831 830 885 etvobis
848 830 930 885 ﬁli
955 830 1217 886 Sarviae?
1250 848 1355 886 cur
1377 831 1680 886 efﬁcimini
1721 829 1867 885 mihi

226 918 392 976 hodie
411 917 473 972 in
496 918 712 973 satlian
735 917 762 971 ?
785 934 1001 987 ergone
1030 918 1208 974 hodie
1252 919 1636 975 interﬁcietur
1672 919 1757 973 vir
1808 919 1869 973 in

226 1007 443 1065 Israel?
464 1023 541 1062 an
571 1009 783 1076 ignoro
808 1007 985 1063 hodie
1019 1024 1111 1063 me
1152 1007 1376 1064 factum
1427 1024 1632 1077 regem
1691 1022 1871 1079 super

227 1096 440 1153 Israel?
463 1098 528 1149 Et
549 1094 633 1151 ait
660 1111 763 1150 rex
783 1096 974 1151 Semei
1010 1113 1020 1151 :
1051 1098 1177 1152 Non
1207 1096 1497 1151 morieris.
1522 1096 1871 1167 Juravitque

226 1186 291 1242 ei.
318 1183 705 1256 Miphihoseth
736 1200 979 1256 quoque
1004 1184 1159 1239 ﬁlius
1192 1184 1333 1241 Saul
1353 1185 1659 1240 descendit
1680 1184 1740 1238 in
1771 1200 1868 1239 oc-

226 1288 455 1331 cursum
486 1274 666 1342 regis,
688 1271 867 1328 iIlotis
885 1271 1160 1343 pedibus,
1180 1279 1235 1327 et
1257 1274 1498 1328 intonsa
1526 1272 1720 1327 barba
1744 1288 1868 1327 :ve-

225 1368 455 1434 stesque
487 1376 629 1415 suas
660 1360 1020 1417 nonlaverat
1047 1378 1083 1416 a
1114 1360 1209 1415 die
1228 1377 1350 1433 qua
1380 1377 1652 1432 egressus
1682 1361 1872 1416 fuerat

224 1468 338 1514 rex,
373 1466 568 1522 usque
592 1448 670 1504 ad
700 1449 1233 1505 diemreversionis
1254 1450 1381 1520 ejus
1413 1450 1471 1505 in
1498 1466 1664 1522 pace.
1701 1452 1873 1506 Cum-

225 1556 333 1612 que
348 1538 706 1594 occurrisset
736 1538 879 1608 regi,
900 1538 1245 1593 dixiteirex:
1278 1540 1471 1604 Quare
1501 1554 1622 1593 non
1662 1537 1874 1593 venisti

226 1625 891 1697 mecum,Miphiboseth
912 1626 938 1679 ‘I
958 1629 1023 1681 Et
1047 1627 1419 1698 respondens
1458 1628 1539 1682 ait
1570 1647 1579 1685 :
1612 1626 1874 1684 Domine

226 1719 439 1777 mirex,
464 1728 671 1769 servus
688 1730 859 1769 meus
874 1716 1227 1784 contempsit
1249 1732 1343 1770 me
1373 1733 1384 1769 :
1430 1715 1673 1786 dixique
1695 1715 1746 1770 ei
1765 1730 1875 1784 ego

1971 580 2200 636 nesque
2216 566 2368 619 viros
2398 565 2740 620 Davidcum
2753 582 2823 621 eo
2845 567 2872 621 ‘?
2898 569 2964 622 Et
2988 569 3504 638 responditomnis
3534 569 3623 624 vir

1972 653 2118 707 Juda
2148 652 2225 708 ad
2254 653 2411 707 viros
2444 652 2620 708 Israel
2651 671 2662 706 :
2688 654 2831 725 quia
2870 654 3015 710 mihi
3068 656 3312 727 propior
3351 663 3437 712 est
3469 673 3572 712 rex
3605 673 3617 712 :

1976 740 2360 795 curirasceris
2376 742 2676 813 superhac
2692 759 2750 796 re
2771 742 2798 797 ?
2812 743 3107 814 numquid
3126 745 3496 799 comedimus
3515 745 3622 799 ali-

1979 828 2123 898 quid
2145 846 2216 883 ex
2246 845 2401 899 rege.
2426 835 2530 884 aut
2559 847 2809 887 munera
2834 830 3013 886 nobis
3053 831 3193 888 data
3240 840 3378 887 sunt
3396 832 3424 887 ‘I
3449 836 3510 888 Et
3538 848 3627 888 re-

1979 916 2221 986 spondit
2247 916 2330 971 vir
2361 918 2539 973 Israel
2569 918 2646 973 ad
2674 920 2828 973 viros
2860 919 3033 990 Juda,
3061 921 3232 987 etait;
3265 922 3477 977 Decem
3493 937 3627 993 par-

1979 1005 2135 1059 tibus
2158 1006 2353 1075 major
2370 1023 2480 1074 ego
2498 1025 2633 1063 sum
2655 1008 2819 1080 apud
2844 1024 3071 1079 regem,
3090 1009 3405 1081 magisque
3436 1009 3515 1065 ad
3531 1026 3629 1067 me

1978 1095 2228 1166 pertinet
2242 1094 2643 1169 David,quam
2663 1096 2740 1152 ad
2759 1102 2831 1153 te:
2856 1114 2962 1153 cur
2981 1096 3169 1153 fecisti
3186 1098 3333 1153 mihi
3352 1098 3434 1169 inj
3445 1100 3632 1154 uriam

1980 1186 2036 1237 et
2064 1199 2184 1237 non
2209 1182 2355 1237 mihi
2386 1184 2737 1240 nunciatum
2769 1188 2854 1240 est
2872 1186 3071 1257 priori,
3090 1191 3152 1241 ut
3179 1187 3529 1242 reducerem
3543 1203 3631 1244 re-

1981 1287 2116 1340 gem
2142 1288 2344 1326 meum
2362 1271 2390 1325 7
2423 1273 2633 1327 Durius
2662 1279 2863 1329 autem
2890 1275 3326 1346 responderunt
3350 1276 3453 1331 viri
3475 1276 3635 1333 Iuda

1980 1361 2120 1415 viris
2152 1360 2350 1415 Israel.
2382 1362 2556 1430 (Cap.
2582 1362 2707 1430 xx.)
2732 1361 2957 1418 Accidit
2982 1379 3223 1435 quoque
3266 1369 3328 1419 ut
3352 1364 3436 1420 ibi
3476 1368 3633 1422 esset

1982 1448 2068 1503 vir
2089 1448 2539 1517 Belial,nomine
2561 1449 2734 1518 Seba,
2750 1450 2907 1505 ﬁlius
2922 1450 3166 1505 Bochri:
3191 1451 3277 1507 vir
3295 1454 3624 1509 Jemineus:

1984 1541 2043 1592 et
2068 1537 2571 1602 cecinitbuccina,
2606 1544 2661 1593 et
2682 1539 2762 1594 ait
2792 1557 2804 1594 :
2834 1555 2957 1594 non
2990 1544 3075 1594 est
3095 1540 3422 1612 nobispars
3451 1543 3512 1597 in
3528 1546 3635 1598 Da-

1984 1625 2102 1690 vid,
2122 1642 2317 1697 neque
2342 1626 2641 1681 hereditas
2656 1626 2715 1681 in
2739 1626 2857 1682 filio
2872 1626 2986 1683 Isai
3018 1648 3031 1683 :
3051 1637 3343 1685 revertere
3359 1630 3421 1685 in
3439 1630 3635 1686 taber-

1985 1714 2200 1768 nacula
2220 1721 2320 1769 tua
2366 1714 2559 1770 Israel.
2594 1718 2655 1770 Et
2687 1722 2999 1787 separatus
3035 1722 3122 1773 est
3150 1718 3351 1773 omnis
3394 1719 3575 1775 Israel
3598 1736 3637 1776 a

227 1803 486 1860 famulus
518 1807 679 1865 tuus,
710 1806 775 1857 ut
806 1803 1245 1857 sterneretmihi
1267 1803 1527 1868 asinum,
1548 1809 1604 1859 et
1630 1803 1877 1858 descen-
1906 1812 1952 1866 Β
1986 1800 2563 1874 David,secutusque
2579 1805 2831 1861 estSeha
2851 1804 3039 1862 ﬁlium
3054 1805 3258 1862 Bochri
3282 1826 3295 1865 :
3317 1808 3427 1863 viri
3442 1813 3639 1864 autem

231 1894 372 1948 dens
397 1891 629 1947 abirem
660 1907 800 1945 cum
827 1906 964 1960 rege
990 1907 1001 1944 :
1024 1890 1274 1946 claudus
1306 1893 1464 1946 enim
1499 1908 1631 1946 sum
1665 1907 1875 1946 servus

232 1987 386 2038 tuus.
420 1985 668 2052 Insuper
697 1985 752 2035 et
782 1980 1087 2036 accusavit
1116 1997 1212 2036 me
1242 1996 1477 2035 servum
1514 1986 1683 2036 tuum
1712 1980 1791 2035 ad
1822 1986 1877 2035 te

235 2069 544 2126 dominum
573 2084 993 2139 meumregem
1018 2085 1031 2122 :
1053 2072 1115 2123 tu
1144 2074 1347 2123 autem
1375 2068 1613 2123 domine
1645 2067 1727 2122 mi
1752 2084 1873 2132 rex,

228 2160 374 2214 sicut
405 2157 659 2227 angelus
684 2156 785 2213 Dei
802 2173 880 2221 es,
906 2157 1001 2212 fac
1015 2157 1180 2229 quod
1202 2157 1489 2229 placitum
1513 2162 1599 2213 est
1626 2157 1748 2211 tibi.
1776 2160 1879 2212 Ne-

223 2264 336 2320 que
356 2248 521 2303 enim
548 2246 657 2303 fuit
670 2249 887 2302 domus
917 2248 1101 2318 patris
1141 2247 1258 2302 mei
1285 2247 1402 2304 nisi
1430 2250 1593 2303 morti
1612 2248 1880 2303 obnoxia

219 2336 471 2393 domino
486 2352 621 2391 meo
634 2336 777 2405 regi:
796 2341 855 2391 tu
870 2352 1075 2391 aurem
1094 2336 1345 2407 posuisti
1360 2353 1444 2391 me
1457 2352 1692 2390 servum
1717 2340 1880 2390 tuum

214 2427 366 2482 inter
394 2424 686 2479 convivas
709 2440 932 2479 mensm
962 2428 1079 2479 tuae
1109 2440 1121 2478 :
1168 2424 1314 2495 quid
1339 2441 1477 2494 ergo
1491 2425 1680 2479 habes
1703 2424 1880 2494 justre

213 2515 510 2588 querelae?
522 2512 782 2584 autquid
796 2528 1045 2583 possum
1060 2513 1212 2567 ultra
1225 2512 1536 2568 vociferari
1555 2512 1633 2568 ad
1650 2512 1883 2581 regem?

214 2603 306 2659 Ait
326 2617 481 2673 ergo
507 2603 560 2656 ei
576 2617 701 2656 rex:
719 2600 865 2666 Quid
894 2601 1046 2656 ultra
1064 2600 1326 2673 loqueris
1352 2602 1381 2657 ?
1408 2602 1595 2657 ﬁxum
1612 2598 1880 2671 estquod

210 2690 455 2748 locutus
487 2704 622 2745 sum
656 2705 669 2742 :
702 2695 765 2743 tu
780 2693 837 2743 et
868 2689 1007 2745 Siba
1036 2688 1280 2744 dividite
1309 2689 1744 2760 possessiones.
1782 2690 1883 2741 Re-

214 2778 439 2850 spondi
448 2786 585 2850 tque
598 2776 987 2848 Miphiboseth
999 2776 1122 2849 regi
1142 2793 1154 2831 :
1175 2777 1362 2831 Etiam
1378 2781 1592 2831 cuncta
1608 2774 1877 2846 accipiat,

211 2874 554 2941 postquam
568 2880 844 2921 reversus
860 2870 948 2920 est
964 2866 1243 2920 dominus
1258 2880 1426 2919 meus
1444 2879 1548 2919 rex
1564 2862 1809 2936 paciﬁce
1824 2863 1886 2917 in

213 2958 485 3014 domum
513 2970 710 3010 suam.
752 2952 1002 3008 Berzelai
1026 2968 1267 3025 quoque
1312 2951 1669 3017 Galaadites,
1705 2966 1888 3006 senex

214 3045 420 3110 valde,
452 3042 826 3099 descendens
851 3042 924 3096 de
941 3040 1228 3111 Rogelim,
1256 3041 1384 3096 trad
1396 3041 1733 3109 uxitregem
1762 3040 1889 3095 Jor-

1985 1892 2136 1948 Juda
2149 1893 2528 1948 adhaeserunt
2542 1894 2666 1962 regi
2690 1910 2819 1955 suo.
2837 1898 3140 1954 aJordane
3159 1912 3349 1968 usque
3366 1896 3639 1952 Hierusa-

1987 1980 2130 2037 lem.
2154 1983 2418 2052 Cumque
2446 1981 2699 2037 venisset
2715 1984 2887 2038 rexin
2902 1985 3155 2040 domum
3168 2001 3342 2040 suam
3361 1984 3423 2039 in
3447 1985 3641 2038 Hieru-

1990 2070 2200 2135 salem,
2216 2070 2345 2125 tulit
2361 2069 2569 2125 decem
2585 2071 2861 2127 mulieres
2877 2073 3270 2137 concubinas,
3300 2088 3456 2144 quas
3477 2071 3642 2127 dere-

1985 2157 2241 2230 liquerat
2264 2158 2341 2213 ad
2370 2159 2819 2215 custodiendam
2840 2160 3166 2230 domum,et
3196 2160 3437 2217 tradidit
3455 2172 3556 2216 eas
3579 2159 3645 2214 in

1989 2246 2631 2313 custodiam,alimenta
2665 2248 2750 2303 eis
2770 2249 3072 2320 prmbens:
3106 2255 3400 2305 etnonest
3423 2250 3646 2317 ingres‘

1990 2351 2091 2389 sus
2108 2336 2181 2391 ad
2202 2352 2321 2399 eas,
2354 2335 2458 2390 sed
2481 2341 2649 2391 erant
2699 2336 2787 2391 cla
2799 2354 2918 2392 usas
2953 2354 3141 2410 usque
3162 2337 3224 2392 in
3250 2338 3409 2392 diem
3431 2336 3644 2392 mortis

1991 2440 2113 2479 suae
2131 2425 2190 2479 in
2216 2424 2501 2480 viduitate
2525 2425 2806 2480 viventes.
2841 2425 2994 2482 Dixit
3019 2432 3222 2482 autem
3238 2442 3340 2481 rex
3361 2427 3598 2482 Amasze
3625 2440 3641 2478 :

1993 2514 2269 2568 Couvoca
2284 2512 2655 2568 mihiomnes
2686 2514 2885 2569 virosJ
2894 2514 3013 2570 uda
3036 2515 3096 2569 in
3115 2515 3275 2571 diem
3305 2514 3565 2582 tertium,
3592 2516 3650 2568 et

1992 2606 2054 2656 tu
2076 2602 2283 2656 adesto
2309 2603 2755 2672 prmsens.Abiit
2780 2619 2922 2672 ergo
2950 2608 3257 2670 Amasa,ut
3290 2605 3651 2659 convocaret

1993 2690 2023 2743 J
2032 2690 2214 2744 udam
2240 2695 2297 2745 et
2323 2696 2586 2745 moratus
2608 2696 2697 2745 est
2713 2697 2879 2746 extra
2900 2691 3205 2762 placitum,
3222 2692 3385 2763 quod
3410 2691 3463 2749 ei
3477 2706 3648 2746 cons-

1996 2778 2228 2832 tituerat
2258 2794 2382 2833 rex.
2440 2778 2533 2833 Ait
2584 2784 2786 2834 autem
2843 2780 3031 2835 David
3090 2780 3164 2834 ad
3191 2779 3428 2836 Abisai:
3466 2779 3644 2851 325

1995 2867 2161 2921 Nunc
2206 2865 2401 2934 magis
2440 2866 2766 2921 afﬂicturus
2797 2871 2887 2922 est
2915 2883 3027 2922 nos
3054 2866 3203 2923 Seba
3226 2866 3386 2923 ﬁlius
3416 2867 3646 2933 Bochri,

1997 2968 2185 3024 quam
2208 2953 2517 3008 Absalom:
2541 2954 2676 3009 tolle
2698 2970 2839 3025 ergo
2866 2970 3070 3009 servos
3092 2954 3324 3011 domini
3341 2955 3504 3021 tui,et
3520 2970 3650 3026 per-

2001 3058 2251 3114 sequere
2269 3058 2499 3110 eum,ne
2518 3042 2665 3098 forte
2686 3042 2947 3099 inveniat
2984 3044 3250 3100 civitates
3286 3044 3569 3108 munitas,
3595 3047 3654 3100 et

214 3137 479 3204 danem,
518 3137 767 3205 paratus
782 3132 960 3187 etiam
976 3130 1390 3187 ultraﬂuvium
1416 3131 1700 3202 prosequi
1726 3147 1885 3195 eum,
1923 3159 1965 3215 ρ
2001 3132 2244 3201 effugiat
2264 3132 2633 3199 nos.Egressi
2655 3137 2792 3187 sunt
2818 3146 2959 3202 ergo
2984 3149 3124 3187 cum
3154 3132 3346 3188 eoviri
3373 3131 3653 3198 Joab,Ce-

214 3228 357 3281 Erat
387 3228 599 3280 autem
623 3221 871 3277 Berzelai
903 3219 1242 3277 Galaadites
1268 3235 1448 3275 senex
1469 3219 1665 3287 valde,
1689 3218 1749 3274 id
1780 3223 1890 3288 est,

214 3312 676 3383 octogenarius,
708 3315 765 3364 et
793 3309 922 3380 ipse
969 3308 1227 3381 praebuit
1263 3308 1545 3364 alimenta
1568 3310 1716 3377 regi,
1753 3324 1893 3362 cum

215 3404 573 3458 moraretur
588 3398 649 3453 in
675 3398 903 3454 castris:
927 3397 1035 3454 fuit
1060 3397 1284 3469 quippe
1302 3397 1387 3452 vir
1398 3397 1564 3452 dives
1584 3398 1783 3452 nimis.
1803 3395 1895 3450 Di-

214 3492 307 3546 xit
337 3489 553 3559 itaque
579 3502 684 3542 rex
706 3486 784 3541 ad
802 3486 1061 3541 Berzelai
1095 3503 1107 3541 :
1138 3485 1283 3540 Veni
1316 3502 1573 3556 mecum,
1595 3490 1659 3541 ut
1695 3485 1897 3557 requi-

217 3594 402 3635 escas
435 3592 682 3632 securus
707 3576 769 3630 in
800 3575 1188 3632 Hierusalem.
1213 3577 1279 3631 Et
1312 3576 1392 3630 ait
1423 3575 1675 3631 Berzelai
1700 3575 1777 3631 ad
1808 3592 1897 3632 re-

219 3682 373 3737 gem
411 3683 424 3721 :
462 3666 617 3730 Quot
646 3670 785 3718 sunt
816 3663 980 3718 dives
1006 3678 1307 3718 annorum
1344 3664 1472 3718 vitae
1510 3678 1682 3729 meae,
1714 3670 1776 3719 ut
1803 3681 1896 3719 as-

220 3756 503 3813 cendam
520 3768 658 3807 cum
672 3752 881 3820 regein
896 3750 1285 3806 Hierusalem?
1307 3752 1735 3821 Octogenarius
1761 3769 1898 3807 sum

216 3843 448 3902 hodie:
466 3839 762 3909 numquid
774 3839 975 3907 vigent
990 3853 1201 3893 sensus
1214 3839 1330 3892 mei
1343 3839 1423 3893 ad
1439 3839 1900 3895 discernendum

222 3944 460 3991 suave,
502 3932 606 3981 aut
628 3941 906 3980 amarum
926 3923 955 3978 ?
983 3931 1086 3980 aut
1114 3925 1409 3979 delectare
1434 3910 1629 3996 potest
1660 3943 1901 3983 servum

221 4026 425 4077 tuum
459 4015 623 4069 cibus
646 4018 747 4069 aut
776 4012 988 4085 potus?
1016 4012 1332 4069 velaudire
1359 4028 1612 4083 possum
1635 4014 1786 4070 ultra
1800 4031 1905 4070 vo-

222 4124 367 4166 cem
381 4108 901 4173 cantorum,atque
915 4100 1327 4156 cantatricum?
1342 4115 1523 4171 quare
1542 4116 1750 4155 servus
1764 4106 1903 4156 tuus

223 4199 310 4255 sit
344 4191 785 4250 oneridomino
796 4204 933 4245 meo
957 4188 1128 4260 regi?
1146 4188 1455 4243 Paululum
1470 4188 1792 4259 procedam
1822 4189 1907 4245 fa-

220 4286 457 4346 mulus
471 4290 607 4338 tuus
635 4279 982 4337 abJordane
996 4285 1193 4335 tecum
1222 4293 1378 4333 :non
1403 4278 1642 4347 indigeo
1673 4278 1787 4333 hac
1822 4279 1907 4334 vi-

221 4371 621 4439 cissitudine,
638 4369 742 4425 sed
771 4369 1043 4431 obsecro,
1080 4374 1143 4423 ut
1173 4372 1432 4423 revertar
1463 4383 1672 4422 servus
1694 4373 1830 4423 tuus
1853 4376 1910 4425 et

219 4460 549 4524 moriarin
575 4459 810 4514 civitate
826 4462 1043 4523 mea,et
1058 4455 1312 4527 sepeliar
1328 4456 1500 4527 juxta
1518 4456 1907 4526 sepulchrum

222 4551 440 4629 patris
475 4548 613 4614 mei,
646 4552 705 4603 et
734 4546 940 4603 matris
966 4561 1137 4601 meas.
1166 4547 1265 4599 Est
1294 4552 1497 4600 autem
1525 4560 1734 4599 servus
1773 4551 1911 4602 tuus

222 4645 589 4703 Chamaam
621 4654 635 4692 :
666 4636 794 4708 ipse
812 4634 1221 4699 vadattecum,
1245 4633 1492 4689 domine
1520 4634 1912 4699 mirex,etfac

225 4724 629 4804 ei,quicquid
647 4725 880 4780 bonum
896 4722 999 4778 tibi
1010 4722 1259 4778 videtur.
1278 4722 1429 4776 Dixit
1457 4722 1659 4791 itaque
1686 4725 1741 4775 et
1762 4736 1865 4775 rex
1895 4736 1908 4775 :

227 4824 490 4879 Mecum
520 4818 782 4869 transeat
806 4812 1159 4879 Chamaam,
1191 4813 1249 4865 et
1278 4826 1389 4880 ego
1420 4809 1641 4864 faciam
1670 4811 1916 4880 ei,quic-

230 4908 400 4984 quid
444 4903 551 4960 tibi
580 4902 948 4975 placuerit,et
971 4916 1151 4957 omne
1178 4900 1345 4971 quod
1359 4899 1593 4971 petieris
1610 4916 1645 4956 a
1669 4898 1914 4963 me,im-

228 4994 827 5074 petrabis.Cumque
840 4990 1144 5045 transisset
1157 4988 1468 5043 universus
1483 4988 1734 5059 populus
1748 4993 1803 5043 et
1814 5004 1917 5043 rex

229 5088 609 5147 Jordanem,
638 5080 865 5147 restitit,
932 5084 989 5133 et
1012 5077 1283 5132 oculatus
1315 5082 1402 5131 est
1428 5092 1531 5132 rex
1560 5076 1839 5143 Berzelai,
1863 5080 1921 5131 et

228 5170 574 5234 benedixit
598 5169 653 5224 ei
684 5187 698 5226 :
740 5173 798 5223 et
825 5167 921 5222 ille
950 5181 1225 5221 reversus
1279 5172 1366 5219 est
1392 5165 1454 5219 in
1481 5165 1683 5220 locum
1716 5181 1916 5220 suum.

229 5260 558 5323 Transivit
582 5272 724 5326 ergo
748 5272 853 5312 rex
873 5255 953 5312 ad
982 5254 1311 5324 Galgalam,
1344 5259 1401 5309 et
1424 5254 1748 5310 Chamaam
1781 5268 1920 5308 cum

228 5369 335 5412 eo:
385 5347 602 5407 omnis
626 5352 829 5401 autem
850 5344 1109 5415 populus
1143 5345 1169 5397 J
1178 5342 1291 5397 uda
1320 5344 1667 5397 traduxerat
1693 5358 1920 5413 regem,

230 5450 295 5501 et
316 5436 547 5497 media
575 5440 803 5490 tantum
822 5449 963 5505 pars
976 5431 1314 5487 atfueratde
1339 5430 1563 5502 populo
1592 5433 1793 5485 Israel.
1817 5433 1923 5485 Ita-

226 5546 370 5607 que
405 5540 631 5585 omnes
652 5524 757 5579 viri
787 5523 973 5579 Israel
997 5528 1410 5578 concurrentes
1437 5521 1513 5575 ad
1532 5519 1925 5589 regem,dixes

227 5623 399 5686 runt
431 5614 528 5673 ei:
572 5614 766 5684 Quare
779 5616 832 5670 te
848 5611 1029 5671 furati
1041 5610 1601 5670 suntfratresnostri
1622 5608 1923 5679 viriJuda,

2002 3220 2150 3277 rethi
2173 3235 2415 3291 quoque
2433 3225 2489 3275 et
2502 3218 2766 3274 Phelethi
2786 3236 2797 3274 ε
2819 3226 2874 3275 et
2893 3236 3104 3275 omnes
3120 3220 3353 3275 robusti
3384 3222 3655 3276 exierunt

2004 3312 2078 3367 de
2109 3308 2474 3365 Hierusalem
2493 3308 2569 3362 ad
2601 3307 3085 3379 persequendum
3140 3307 3295 3366 Seba
3334 3307 3527 3363 ﬁlium
3549 3309 3657 3364 Bo-

2006 3398 2427 3468 chri.Cumque
2453 3396 2533 3450 illi
2548 3401 2742 3451 essent
2759 3397 2929 3467 juxta
2950 3396 3215 3469 lapidem
3230 3394 3658 3467 grandem,qui

2007 3492 2093 3543 est
2122 3488 2185 3541 in
2211 3486 2479 3549 Gabaon,
2521 3490 2745 3541 Amasa
2768 3483 3015 3541 veniens
3053 3486 3308 3541 occurrit
3329 3484 3431 3541 eis.
3474 3485 3657 3541 Porro

2006 3574 2159 3631 Joab
2173 3574 2418 3630 vestitus
2434 3577 2560 3629 erat
2578 3574 2777 3629 tunica
2803 3575 3002 3629 stricta
3020 3574 3099 3629 ad
3117 3589 3466 3629 mensuram
3490 3571 3659 3629 habi-

2008 3668 2102 3721 tus
2132 3661 2241 3727 sui,
2271 3667 2327 3717 et
2347 3662 2604 3733 desuper
2633 3663 2933 3717 accinctus
2963 3661 3165 3731 gladio
3178 3662 3552 3734 dependente
3566 3677 3663 3716 us-

2008 3767 2125 3823 que
2155 3750 2235 3805 ad
2272 3748 2393 3817 illa,
2441 3750 2503 3804 in
2556 3748 2801 3819 vagina,
2853 3750 2960 3822 qui
2991 3750 3312 3807 fabricatus
3350 3751 3463 3806 levi
3490 3755 3661 3806 motu

2010 3837 2213 3909 egredi
2242 3842 2492 3909 poterat,
2524 3844 2581 3893 et
2620 3845 2946 3909 percutere.
2987 3840 3141 3894 Dixit
3171 3838 3374 3911 itaque
3402 3837 3555 3895 Joab
3586 3835 3666 3895 ad

2012 3926 2516 3982 Amasam:Salve
2536 3925 2618 3980 mi
2655 3925 2853 3981 frater.
2896 3926 2966 3981 Et
2985 3927 3171 3982 tenuit
3193 3944 3381 3982 manu
3419 3927 3665 3983 dextera

2014 4020 2285 4069 mentum
2298 4021 2549 4077 Amasas,
2568 4013 3033 4083 quasiosculans
3049 4029 3208 4068 eum.
3242 4014 3425 4068 Porro
3444 4016 3669 4069 Amasa

2014 4117 2138 4157 non
2160 4100 2502 4155 observavit
2530 4099 2819 4169 gladium,
2842 4116 3023 4172 quem
3062 4100 3328 4155 habebat
3358 4100 3528 4164 Joab,
3560 4099 3667 4172 qui

2014 4190 2311 4261 percussit
2339 4204 2476 4242 eum
2499 4187 2560 4242 in
2596 4188 2777 4243 latere
2807 4194 2863 4243 et
2887 4188 3095 4244 effudit
3131 4188 3411 4244 intestina
3446 4188 3576 4259 ejus
3605 4188 3669 4245 in

2016 4283 2257 4343 terram,
2273 4281 2609 4332 etmortuus
2624 4281 2731 4345 est,
2746 4292 2857 4332 nec
2895 4276 3228 4333 secundum
3240 4276 3456 4332 vulnus
3475 4292 3672 4350 appo-

2020 4364 2309 4421 suitJoab
2326 4371 2528 4419 autem
2544 4364 2808 4420 etAbisai
2836 4363 3013 4421 frater
3042 4365 3093 4437 ej
3106 4382 3172 4419 us
3201 4366 3497 4438 persecuti
3528 4367 3671 4420 sunt

2022 4454 2175 4511 Seba
2204 4453 2399 4510 ﬁlium
2431 4453 2657 4508 Bochri.
2690 4456 2915 4509 Interea
2935 4454 3186 4525 quidam
3232 4453 3363 4521 viri,
3392 4470 3532 4509 cum
3563 4459 3675 4509 ste-

2018 4544 2226 4598 tissent
2245 4544 2416 4612 juxta
2437 4542 2694 4597 cadaver
2719 4550 2956 4598 Amasaa
2982 4541 3055 4597 de
3083 4542 3255 4598 sociis
3294 4542 3466 4609 Joab,
3510 4541 3673 4597 dixe-

2018 4636 2183 4689 runt:
2206 4634 2351 4687 Ecce
2389 4631 2493 4702 qui
2514 4646 2642 4686 esse
2668 4630 2855 4686 voluit
2878 4646 2987 4702 pro
3016 4630 3168 4687 Joab
3217 4646 3419 4687 comes
3446 4629 3664 4688 David.

2021 4727 2246 4778 Amasa
2257 4726 2457 4776 autem
2470 4735 2828 4791 conspersus
2841 4720 3153 4789 sanguine,
3156 4718 3469 4790 jacebatin
3485 4717 3678 4777 media.

2022 4816 2144 4866 via.
2184 4810 2334 4864 Vidit
2362 4808 2476 4863 hoc
2508 4808 2756 4881 quidam
2778 4808 2880 4872 vir,
2912 4808 3077 4880 quod
3100 4807 3446 4863 subsisteret
3476 4805 3678 4862 omnis

2026 4898 2285 4972 populus
2309 4897 2387 4953 ad
2408 4896 2737 4952 videndum
2768 4912 2927 4963 eum,
2951 4901 3007 4952 et
3033 4895 3257 4951 amovit
3284 4901 3567 4953 Amasam
3602 4895 3680 4953 de

2024 4988 2124 5043 via
2153 4987 2214 5042 in
2240 4986 2833 5057 agrum,operuitque
2858 5000 2998 5040 eum
3020 4984 3397 5054 vestimento,
3429 4999 3503 5041 ne
3535 4984 3683 5039 sub-

2029 5076 2301 5131 sisterent
2325 5078 2698 5131 transeuntes
2726 5078 2970 5145 propter
2991 5089 3152 5128 eum.
3175 5078 3387 5129 Amoto
3416 5088 3559 5143 ergo
3578 5072 3681 5129 illo

2029 5164 2104 5220 de
2132 5164 2248 5230 via,
2278 5162 2568 5219 transibat
2599 5162 2796 5217 omnis
2822 5163 2906 5217 vir
2918 5177 3176 5233 sequens
3204 5162 3352 5219 Joab
3383 5163 3461 5219 ad
3487 5177 3682 5234 perse-

2029 5253 2341 5325 quendum
2365 5252 2519 5308 Seba
2543 5251 2730 5306 ﬁlium
2759 5250 2983 5306 Bochri.
3018 5253 3195 5306 Porro
3240 5250 3333 5306 ille
3364 5250 3683 5306 transierat

2030 5356 2137 5411 per
2178 5356 2389 5396 omnes
2441 5340 2632 5395 tribus
2663 5339 2845 5395 Israel
2892 5354 3083 5410 usque
3122 5339 3183 5393 in
3238 5337 3507 5401 Abelam,
3538 5337 3680 5391 etin

2036 5430 2390 5485 Bethmaeha
2409 5446 2419 5484 :
2441 5444 2771 5501 omnesque
2792 5428 2901 5483 viri
2918 5425 3437 5497 electicongregati
3452 5424 3687 5478 fuerant

2034 5519 2113 5574 ad
2140 5534 2299 5574 eum.
2344 5521 2637 5574 Venerunt
2664 5520 2960 5589 itaque,et
2987 5514 3423 5587 oppugnabant
3451 5525 3588 5564 eum
3618 5507 3683 5564 in

2035 5606 2242 5677 Abela,
2273 5606 2409 5664 etin
2439 5605 2819 5677 Bethmacha,
2854 5608 2912 5663 et
2936 5601 3455 5660 circumdederunt
3490 5592 3686 5652 muni-
