4192 6462
637 239 744 316 tas
1910 236 2364 314 summumne
2398 231 2788 302 GOTHICUM.
3951 238 4059 295 sse

639 368 1013 428 Salomon.Et
1031 365 1296 424 ascendit
1323 366 1602 422 universa
1628 364 2092 435 multitudopost
2121 379 2280 431 eum,
2308 366 2355 420 A
2385 381 2480 431 ne,
2508 368 2730 439 populo
2746 371 2875 439 tuo;
2936 371 2993 423 P.
3027 369 3174 434 Quia
3210 366 3597 440 peccavimus
3650 364 3793 422 tibi.
3849 363 3922 423 ῒ.
3970 365 4055 419 De

640 462 695 513 et
725 455 980 527 populus
1015 455 1353 510 canentium
1384 454 1556 518 tibiis,
1587 459 1640 509 et
1691 453 2018 508 laetantium
2061 452 2278 520 gaudio
2388 454 2582 507 Crucis
2606 457 2813 510 throno
2858 457 3052 526 aspice
3095 471 3207 510 nos
3239 456 3509 521 miseros,
3567 457 3625 510 et
3665 452 4055 525 passionum

638 560 882 613 magno,
911 547 967 599 et
997 544 1255 598 insonuit
1275 550 1426 597 terra
1459 560 1493 598 a
1514 543 1767 598 clamore
1784 558 2010 596 eorum.
2044 540 2278 594 Audivit
2387 545 2754 612 compeditos
2781 544 3048 610 vinculis;
3075 545 3290 599 nostris
3316 542 3604 612 {absolve,
3650 541 4050 612 Redemptor,

638 638 839 690 autem
871 632 1212 696 Adonias,et
1235 632 1555 702 omnesqui
1585 632 1807 686 invitati
1841 630 2074 685 fuerant
2097 628 2274 689 abeo,
2387 632 2727 700 suppliciis;
2776 636 2830 686 P.
2885 633 3050 696 Quia.
3079 632 3140 691 ἡ.
3177 633 3390 688 Passus
3420 630 3680 701 ﬂagella,
3727 635 3787 686 et
3844 629 4054 686 Crucis

633 721 885 794 jamque
916 720 1254 776 convivium
1280 719 1510 774 finitum
1540 725 1699 776 erat:
1723 720 1826 774 sed
1847 716 2274 790 328etJoab,
2381 716 2680 786 iniuriam,
2703 727 3195 792 persequutorum
3210 721 3513 776 sustinens
3541 719 3846 782 convicia,
3887 718 4053 774 dona

641 809 847 868 audita
874 824 1015 866 voce
1045 808 1225 876 tubae,
1255 809 1335 864 ait
1365 825 1380 861 :
1415 807 1568 872 Quid
1599 808 1709 864 sibi
1735 807 1860 863 vult
1887 807 2113 862 clamor
2140 804 2277 860 civi-
2381 803 2608 861 delictis
2653 808 2866 862 nostris
2899 809 3336 880 pmnitentiam;
3365 811 3420 863 P.
3471 807 3642 874 Quia.
3677 806 3742 866 iit.
3792 805 3916 872 Qui
3961 807 4053 876 ju-

639 898 776 956 tatis
802 896 1254 954 tumultuantis?
1283 897 1490 952 Adhuc
1539 911 1609 952 eo
1646 896 1944 968 loquente,
1978 894 2276 951 Jonathan
2382 896 2505 947 stus
2549 893 2755 963 judex,
2787 895 2940 951 male
2975 896 3270 967 judicatus
3327 911 3410 960 es,
3460 900 3519 952 et
3553 910 3778 966 poenas
3838 894 4050 951 Crucis

638 986 799 1042 ﬁlius
819 985 1102 1042 Abiathar
1126 983 1446 1042 sacerdotis
1469 985 1654 1041 venit:
1679 985 1772 1040 cui
1799 984 1944 1040 dixit
1974 983 2272 1038 Adonias:
2381 981 2688 1053 suscepisti
2712 983 3028 1051 innocens;
3064 990 3125 1040 tu
3156 1001 3266 1040 nos
3297 1000 3334 1040 a
3367 983 3564 1056 poenis
3605 983 3840 1039 nostris
3881 982 4054 1040 salva

639 1075 968 1145 Ingredere,
1001 1074 1144 1146 quia
1172 1074 1261 1129 vir
1285 1073 1448 1129 fortis
1481 1089 1565 1139 es,
1591 1079 1646 1129 et
1669 1073 1830 1130 bona
1858 1071 2274 1128 nuntians.Re-
2379 1068 2704 1125 redimens:
2728 1073 2786 1124 P.
2820 1071 2970 1136 Quia
2996 1071 3058 1132 ἡ.
3091 1075 3215 1129 Vox
3241 1078 3344 1129 tua
3393 1073 3634 1128 Patrem
3687 1086 3808 1144 pro
3863 1071 4050 1128 nobis

637 1163 994 1235 sponditque
1021 1162 1314 1218 Jonathan
1352 1161 1613 1217 Adonim.
1646 1165 2054 1233 Nequaquam:
2088 1158 2276 1214 domi-
2380 1158 2899 1230 exspostulet,quae
2925 1159 3102 1215 silens
3135 1160 3240 1216 fuit
3267 1160 3410 1216 olim
3437 1165 3575 1217 ante
3595 1160 3976 1232 judicem,ut
3998 1164 4051 1219 te

635 1267 752 1308 nus
778 1251 927 1306 enim
957 1257 1158 1306 noster
1187 1265 1288 1306 rex
1318 1249 1506 1305 David
1533 1265 1733 1319 regem
1766 1248 2063 1304 constituit
2112 1247 2272 1303 Salo-
2379 1253 2666 1313 regnante
2697 1247 3071 1318 perfruamur
3105 1249 3386 1304 Domino:
3422 1252 3481 1304 P.
3517 1249 3694 1314 Quia.

634 1354 914 1396 monem:
945 1339 1217 1410 misitque
1239 1353 1376 1394 cum
1431 1354 1501 1394 eo
1555 1338 1746 1395 Sadoc
1799 1336 2189 1401 sacerdotem,
2218 1338 2273 1391 et
2450 1334 2721 1403 Hymnus.
2786 1337 2830 1391 0
2857 1338 3172 1393 Nazarene.
3191 1338 3304 1407 fol.
3335 1340 3460 1393 144.

633 1427 864 1484 Nathan
893 1426 1272 1498 prophetam,
1295 1430 1352 1482 et
1379 1427 1661 1482 Banaiam
1706 1425 1896 1482 ﬁlium
1947 1425 2188 1491 Joiadce,
2217 1428 2273 1480 et
2451 1422 2741 1490 Capitula.
2774 1425 2956 1493 Surge
2979 1427 3150 1491 Deus,
3174 1431 3230 1480 et
3265 1425 3477 1498 judica
3503 1430 3762 1485 terram:
3823 1430 3892 1483 ut
3941 1428 4046 1500 qui

633 1516 858 1572 Cerethi
887 1519 944 1571 et
968 1515 1244 1581 Phelethi,
1274 1520 1330 1571 et
1354 1515 1768 1587 imposuerunt
1796 1530 1933 1570 eum
1956 1529 2132 1584 super
2145 1529 2271 1569 mu—
2378 1510 2604 1564 cunctis
2630 1511 2961 1567 dominaris
2993 1514 3292 1584 Gentibus,
3317 1515 3448 1584 jam
3478 1515 3895 1570 resurrexisse
3925 1531 4046 1572 cre-

630 1603 754 1661 lam
791 1604 974 1674 regis.
1007 1606 1426 1676 Unxeruntque
1465 1621 1594 1660 eum
1623 1603 1812 1659 Sadoc
1866 1602 2167 1667 sacerdos,
2215 1607 2271 1657 et
2377 1596 2556 1662 daris,
2577 1615 2613 1654 a
2641 1599 2861 1671 quibus
2891 1616 2950 1656 es
2982 1602 3334 1658 cruciﬁxus:
3367 1619 3492 1675 quo
3519 1602 3636 1658 sibi
3663 1608 3925 1676 uterque
3941 1620 4044 1677 po-

629 1693 859 1750 Nathan
888 1693 1181 1764 propheta
1208 1708 1401 1762 regem
1429 1693 1490 1748 in
1518 1693 1736 1750 Gihon:
1768 1697 1824 1748 et
1869 1691 2269 1746 ascenderunt
2297 1701 2341 1757 B
2381 1688 2556 1759 pulus
2577 1691 2855 1746 charitate
2877 1692 3232 1750 consentiat:
3256 1693 3404 1748 dum
3427 1693 3963 1752 circumcisionem
3990 1698 4047 1752 et

629 1781 769 1838 inde
797 1781 1417 1849 laetantes,etinsonuit
1440 1781 1648 1837 civitas
1673 1781 1826 1836 :haec
1847 1786 2266 1850 estvox,quam
2377 1777 2734 1847 praeputium
2760 1794 2917 1833 nexu
2947 1778 3084 1834 ﬁdei
3118 1779 3453 1836 Christianae
3471 1780 3883 1850 adglomeres.

629 1869 903 1926 audistis.
934 1869 1048 1926 Sed
1077 1873 1133 1926 et
1153 1869 1436 1926 Salomon
1458 1870 1621 1926 sedet
1637 1885 1814 1940 super
1833 1869 2049 1924 solium
2076 1868 2262 1936 regni.
2450 1864 2617 1919 Pater
2629 1870 2844 1922 noster.

629 1959 698 2014 Et
718 1957 972 2027 ingressi
991 1957 1144 2014 servi
1170 1957 1324 2028 regis
1349 1957 1778 2014 benedixerunt
1802 1957 2049 2013 domino
2062 1961 2264 2012 nostro
3065 1957 3161 2012 Ad
3187 1957 3447 2014 Sextum.

626 2044 753 2115 regi
779 2045 992 2116 David,
1013 2045 1305 2102 dicentes:
1338 2046 1843 2118 AmpliﬁcetDeus
1870 2061 2091 2101 nomen
2107 2043 2266 2101 Salo—
2489 2042 2678 2097 Lectio
2705 2043 2844 2099 libri
2880 2045 3198 2103 Hieremiae
3237 2046 3554 2116 Propheta:
3585 2047 3759 2118 (Cap.
3791 2048 3902 2120 in).

625 2134 825 2192 monis
854 2149 1035 2207 super
1063 2150 1304 2192 nomem
1329 2139 1522 2202 tuum,
1555 2134 1958 2205 etmagniﬁcet
1983 2133 2265 2189 thronum
2441 2141 2503 2196 Re.
2540 2133 2655 2186 Deo
2686 2132 2932 2202 gratias.

625 2226 820 2282 tuum.
859 2227 926 2280 Et
952 2223 1224 2282 adoravit
1247 2241 1349 2281 rex
1381 2225 1442 2281 in
1470 2223 1684 2281 lectulo
1715 2241 1822 2281 suo
1847 2242 1860 2280 :
1911 2224 2156 2296 insuper
2210 2227 2266 2278 et
2441 2218 2692 2274 Verbum
2708 2221 2869 2291 quod
2889 2221 3110 2278 factum
3128 2221 3304 2278 estad
3317 2223 3673 2279 Hieremiam
3690 2239 3726 2280 ἃ
3743 2225 4027 2291 Ποπιίῦον

621 2313 752 2372 hinc
775 2313 1108 2371 locutusest
1139 2333 1152 2368 :
1183 2315 1828 2371 BenedictusDominus
1858 2315 2014 2369 Deus
2063 2311 2261 2381 Israel,
2369 2303 2612 2360 dicens:
2651 2309 2950 2380 Numquid
2988 2309 3189 2366 vidisti
3237 2327 3374 2382 quae
3415 2311 3622 2367 fecerit
3651 2311 4028 2368 adversatrix

621 2401 728 2474 qui
757 2401 921 2460 dedit
938 2402 1118 2459 hodie
1139 2403 1445 2460 sedentem
1471 2404 1532 2459 in
1560 2403 1708 2460 solio
1742 2418 1895 2471 meo,
1924 2401 2262 2456 videntibus
2369 2402 2582 2457 Israel?
2612 2403 2754 2458 abiit
2775 2404 3009 2462 sibimet
3045 2423 3226 2479 super
3255 2423 3504 2464 omnem
3538 2413 3812 2465 montem
3845 2408 4036 2465 excel-

621 2490 809 2548 oculis
835 2490 1005 2548 meis.
1029 2503 1092 2562 ni.
1112 2497 1324 2554 Amen.
2371 2506 2526 2559 sum,
2555 2495 2610 2546 et
2637 2492 2748 2547 sub
2787 2493 3130 2563 omniligno
3160 2496 3468 2563 frondoso,
3505 2502 3561 2554 et
3592 2497 3895 2554 fornicata
3945 2501 4040 2554 est

690 2579 1032 2649 Antiphona
1066 2585 1114 2636 t.
1149 2579 1416 2650 Eﬂ‘unde,
1452 2579 1714 2644 Domine,
1762 2595 1939 2652 super
1987 2578 2262 2634 inimicos
2366 2577 2477 2634 ibi.
2509 2582 2575 2634 Et
2603 2580 2743 2646 dixi,
2778 2597 2914 2637 cum
2935 2581 3169 2640 fecisset
3193 2584 3320 2640 haec
3334 2586 3574 2642 omnia:
3606 2586 3699 2642 Ad
3722 2603 3823 2642 me
3848 2602 4042 2643 rever-

618 2680 787 2726 meos
817 2666 970 2726 iram
995 2672 1188 2725 tuam:
1221 2672 1279 2725 et
1311 2667 1642 2740 indignatio
1666 2669 1767 2724 irae
1797 2673 1913 2724 tum
1938 2668 2262 2741 apprehen-
2367 2673 2520 2725 tere:
2567 2675 2620 2725 et
2667 2687 2788 2727 non
2828 2676 2914 2728 est
2961 2689 3216 2730 reversa.
3269 2677 3336 2730 Et
3383 2675 3534 2731 vidit
3582 2675 4041 2748 praevaricatrix

617 2755 720 2840 dat
745 2771 867 2814 eos.
901 2755 1024 2814 Fiat
1055 2757 1347 2814 habitatio
1378 2773 1582 2814 eorum
1634 2758 1868 2814 deserta
1897 2775 1911 2812 :
1940 2761 1996 2812 et
2021 2773 2140 2813 non
2171 2757 2258 2812 in-
2367 2772 2531 2813 soror
2549 2758 2678 2828 ejus
2710 2760 2880 2825 Juda,
2913 2761 3057 2833 quia
3086 2778 3194 2834 pro
3225 2779 3315 2830 eo,
3353 2763 3521 2835 quod
3555 2764 3853 2821 nmchata
3881 2769 4040 2822 esset

617 2847 769 2903 irent
803 2845 865 2901 in
893 2845 1252 2916 tuajustitia.
1283 2844 1351 2907 ἵ.
1387 2845 1702 2903 Deleantur
1744 2845 1818 2901 de
1862 2844 2011 2901 libro
2067 2845 2260 2900 viven-
2365 2846 2724 2902 adversatrix
2752 2849 3321 2919 Israel,dimisissem
3337 2867 3493 2918 eam,
3523 2858 3582 2909 et
3637 2853 3958 2910 dedissem
3989 2855 4039 2911 ei

617 2929 766 2990 tium
801 2938 895 2990 :et
922 2950 1059 2990 cum
1083 2935 1258 3006 justis
1283 2951 1404 2992 non
1425 2934 1780 2990 scribantur.
2364 2932 2628 2991 libellum
2653 2935 2917 3008 repudii:
2943 2941 2998 2992 et
3025 2953 3147 2993 non
3171 2938 3364 2995 timuit
3394 2941 3859 3013 prmvaricatrix
3880 2944 3914 2997 J
3920 2943 4039 3000 uda

687 3021 910 3079 Oratio.
944 3021 1212 3087 Eﬂ‘unde,
1254 3023 1523 3088 Domine,
1562 3039 1739 3094 super
1780 3021 2052 3078 inimicos
2091 3036 2256 3075 meos
2286 3046 2327 3103 ρ
2365 3037 2531 3078 soror
2561 3025 2709 3094 ejus,
2743 3025 2845 3079 sed
2872 3024 3038 3089 abiit,
3069 3030 3125 3081 et
3153 3025 3444 3084 fornicata
3470 3034 3562 3085 est
3593 3031 3783 3086 etiam
3809 3030 4039 3104 ipsa.Et

614 3107 769 3166 iram
796 3114 961 3167 tuam
985 3132 998 3166 :
1027 3117 1089 3168 ut
1111 3111 1478 3168 habitatione
1504 3126 1713 3166 eorum
1738 3113 2126 3181 permanente
2156 3108 2256 3163 de-
2364 3110 2642 3166 facilitate
2673 3112 3081 3168 fornicationis
3109 3130 3231 3170 sum
3253 3118 3697 3174 contaminavit
3721 3122 4037 3183 terram,et

615 3202 789 3262 serta,
819 3198 1058 3256 tandem
1084 3197 1412 3270 aliquando
1437 3202 1767 3268 agnoscant
1789 3196 1988 3252 locum
2019 3196 2250 3261 furoris,
2364 3201 2651 3255 moechata
2669 3206 2757 3256 est
2788 3217 2922 3256 cum
2950 3201 3146 3273 lapide
3170 3203 3498 3274 etligno.Et
3529 3206 3592 3261 in
3615 3207 3919 3263 omnibus
3935 3209 4029 3263 his

612 3290 671 3342 et
695 3285 993 3356 iniustitiae
1025 3303 1168 3343 sum:
1188 3291 1250 3342 ut
1269 3285 1673 3342 conversionis
1696 3285 1850 3339 illius
1873 3284 1949 3340 ad
1977 3290 2030 3340 te
2057 3284 2254 3340 aditus
2361 3293 2580 3342 nonest
2601 3303 2833 3344 reversa
2857 3289 2932 3344 ad
2955 3305 3049 3344 me
3068 3292 3511 3361 prmvaricalrix
3532 3295 3860 3366 sororejus
3877 3298 3909 3350 J
3917 3297 4036 3352 uda

609 3377 810 3446 pateat
837 3375 899 3430 in
925 3374 1200 3440 Ecclesia,
1231 3374 1376 3445 quia
1404 3378 1649 3428 terrenae
1692 3371 1942 3428 civitatis
1976 3372 2250 3428 Hierusa-
2361 3374 2421 3429 in
2453 3380 2572 3430 toto
2598 3377 2773 3430 corde
2807 3393 2935 3444 suo,
2989 3379 3094 3433 sed
3125 3380 3184 3434 in
3215 3381 3555 3447 mendacio,
3591 3383 3676 3438 ait
3705 3384 4029 3441 Dominus.

609 3460 729 3518 lem
758 3463 1141 3534 perdiderunt
1159 3461 1400 3519 auxilia.
1426 3471 1488 3529 Βι.
1523 3462 1733 3515 Amen.
2362 3465 2427 3517 Et
2447 3463 2592 3518 dixit
2624 3465 2908 3519 Dominus
2931 3465 2982 3535 3
2994 3467 3108 3537 29
3132 3468 3210 3522 ad
3225 3485 3317 3523 me
3339 3486 3351 3524 :
3371 3471 3733 3528 Justiticavit
3752 3474 4030 3530 animam

680 3550 1033 3618 Antiphona
1055 3553 1108 3603 2.
1141 3552 1290 3604 Dum
1319 3552 1820 3618 congregarentur
1844 3565 2053 3604 omnes
2077 3549 2252 3605 simul
2359 3567 2527 3606 suam
2558 3553 2880 3608 aversatrix
2898 3555 3558 3627 Israel,comparatione
3582 3563 4030 3631 praevaricatri-

611 3636 933 3694 adversum
954 3653 1071 3706 me,
1103 3643 1164 3692 ut
1187 3637 1803 3708 acciperentanimam
1838 3639 2250 3703 meam,consi-
2357 3640 2440 3694 cis
2489 3642 2657 3696 Juda.
2689 3642 2862 3712 Vade,
2889 3647 2944 3696 et
3001 3643 3194 3700 clama
3248 3661 3560 3703 sermones
3612 3648 3767 3706 istos
3822 3656 4031 3708 contra

609 3723 734 3781 liati
760 3729 917 3781 sunt.
941 3724 1064 3795 Ego
1094 3741 1234 3781 vero
1263 3726 1324 3780 in
1350 3730 1404 3781 te
1433 3724 1689 3797 speravi,
1723 3726 1987 3783 Domine.
2029 3725 2089 3785 73".
2120 3727 2250 3782 lllu-
2356 3728 2727 3799 Aquilonem,
2761 3735 2813 3784 et
2841 3731 3038 3785 dices:
3074 3735 3378 3789 Revertere
3419 3737 3765 3793 aversatrix
3819 3740 4027 3804 Israel,

609 3813 774 3870 mina
793 3813 997 3869 faciem
1030 3819 1193 3870 tuam
1227 3830 1405 3886 super
1427 3830 1662 3869 servum
1697 3819 1885 3877 tuum,
1913 3818 1969 3871 et
2015 3814 2248 3870 salvum
2355 3815 2435 3870 ait
2458 3817 2822 3880 Dominus,et
2848 3834 2967 3873 non
2995 3825 3257 3876 avertam
3288 3821 3503 3878 faciem
3522 3840 3726 3881 meam
3749 3828 3984 3885 avobis
4012 3844 4024 3883 ε

607 3915 706 3957 me
732 3901 824 3958 fac
845 3900 907 3958 in
946 3907 1048 3959 tua
1077 3903 1506 3959 misericordia.
2354 3905 2494 3976 quia
2523 3911 2760 3961 sanctus
2790 3923 2899 3976 ego
2941 3909 3625 3980 sum,dicitDominus,et
3643 3930 3772 3972 non
3801 3917 4029 3974 irascar

678 3987 900 4047 Oratio.
923 3990 1207 4048 ineffabili
1231 3990 1477 4047 Domine
1500 3990 2077 4062 enituislipalientia,
2106 3991 2244 4048 dum
2352 3992 2411 4048 in
2425 3997 3220 4065 perpetuum.Verumtamen
3236 3998 3383 4054 scito
3408 3999 3798 4072 iniquitatem
3833 4010 4022 4071 tuam,

603 4083 965 4150 congregata
993 4081 1191 4136 omnis
1237 4079 1414 4135 simul
1461 4080 1779 4135 adversum
1815 4086 1866 4135 te
1915 4079 2243 4135 inﬁdelium
2352 4081 2574 4152 quiain
2608 4083 2921 4138 Dominum
2941 4087 3124 4140 Deum
3184 4091 3352 4142 tuum
3381 4090 3790 4159 praevaricata
3837 4111 3940 4150 es:
3974 4097 4028 4151 et

601 4167 868 4235 turba,ut
887 4168 1226 4240 acciperent
1253 4168 1516 4224 animam
1540 4169 2087 4224 tuamznitebantur
2107 4185 2246 4224 con-
2351 4169 2687 4241 disperdisti
2705 4171 2828 4226 vias
2851 4177 2979 4227 tuas
3005 4172 3210 4228 alienis
3241 4175 3353 4230 sub
3381 4178 3548 4232 omni
3578 4177 3754 4249 ligno
3774 4182 4027 4239 frondo-

601 4256 768 4320 siliis,
793 4259 957 4330 quod
985 4259 1045 4314 in
1071 4257 1268 4313 verbis
1287 4263 1341 4313 te
1371 4264 1855 4330 caperent,quem
1883 4259 2086 4329 utique
2113 4261 2244 4314 Ver-
2351 4273 2436 4321 so,
2461 4264 2515 4312 et
2536 4274 2743 4314 vocem
2769 4275 2964 4315 meam
2991 4277 3109 4316 non
3132 4263 3373 4332 audisti,
3403 4265 3486 4320 ait
3518 4268 3843 4325 Dominus.
3880 4273 4028 4328 Con-

597 4341 747 4441 bum
773 4344 876 4441 Dei
913 4361 1044 4441 esse
1072 4345 1393 4441 nescirent:
1418 4350 1473 4402 et
1499 4346 1652 4416 ideo,
1678 4346 1781 4418 qui
1805 4351 1925 4402 tam
1957 4348 2243 4418 potentia-
2270 4388 2315 4441 Β
2358 4347 2650 4402 vertimini
2671 4347 2770 4402 ﬁlii
2800 4353 3177 4411 revertentes,
3203 4350 3344 4408 dicit
3367 4354 3678 4412 Dominus.
3706 4369 3777 4428 13;.
3806 4363 4026 4417 Amen.

598 4429 731 4488 liter
757 4433 946 4489 vicisti
983 4433 1043 4490 in
1085 4435 1223 4490 tuis:
1259 4433 1589 4502 gloriﬁcare
1611 4438 1662 4490 te
1695 4435 1943 4504 dignare
1994 4435 2056 4490 in
2103 4452 2240 4492 con-
2270 4429 2314 4441 ν
2418 4435 2762 4504 Antiphona
2784 4437 2834 4490 1.
2858 4437 2946 4492 Ad
2964 4443 3017 4494 te
3041 4440 3359 4498 Dominum
3381 4459 3520 4498 cum
3544 4445 3886 4504 tribularer
3913 4450 4028 4507 cla-

599 4518 958 4577 fessionibus
982 4522 1226 4578 nostris.
1253 4533 1315 4592 13;.
1341 4523 1544 4578 Amen.
2345 4524 2540 4579 mavi:
2587 4528 2645 4580 et
2685 4525 2987 4580 exaudivit
3029 4543 3146 4583 me.
3207 4531 3455 4586 Domine
3495 4532 3689 4590 libera
3735 4539 4024 4596 animam

666 4608 1015 4680 Antiphona
1036 4615 1087 4666 3.
1122 4609 1368 4667 Domine
1398 4610 1653 4667 retribue
1683 4627 1792 4683 pro
1818 4627 1940 4668 me:
1985 4613 2237 4670 Domine
2344 4627 2541 4667 meam
2574 4612 2796 4668 alabiis
2827 4613 3066 4684 iniquis,
3099 4619 3154 4670 et
3182 4631 3217 4671 a
3237 4616 3441 4688 lingua
3472 4618 3716 4680 dolosa.

594 4698 1002 4756 misericordia
1033 4704 1133 4755 tua
1161 4698 1224 4755 in
1254 4705 1574 4756 aeternum:
1604 4716 1786 4772 opera
1799 4704 2236 4772 manuumftua—
2415 4701 2639 4758 Oratio.
2669 4701 2756 4756 Ad
2785 4705 2838 4757 te
2871 4702 3360 4770 Dominum,dum
3395 4705 3767 4768 tribulamur
3787 4713 4024 4774 clama-

591 4800 728 4844 rum
755 4803 830 4844 ne
859 4787 1266 4860 despiciasv‘.
1307 4789 1706 4845 Conﬁteantur
1721 4790 1820 4845 tibi
1835 4790 2080 4846 Domine
2103 4807 2232 4846 om-
2339 4803 2478 4843 mus
2511 4805 2524 4844 :
2559 4794 2620 4844 ut
2644 4805 2753 4843 nos
2779 4805 2815 4845 a
2837 4790 3011 4846 labiis
3047 4791 3268 4864 iniquis
3311 4793 3555 4860 liberes,
3607 4803 3666 4855 et
3722 4817 3765 4857 a
3795 4801 4019 4875 lingua

590 4889 882 4946 nesreges
901 4878 2100 4950 terra;:quiaudieruntomniaverbaoris
2127 4881 2228 4936 tui.
2338 4875 2547 4932 dolosa
2575 4880 2754 4932 tutes:
2805 4893 2914 4932 nec
2944 4877 3394 4938 blandientibus
3442 4883 3842 4957 iniquitatem
3898 4908 4016 4949 nos

661 4974 725 5034 ly.
780 4965 925 5021 Ecce
995 4981 1118 5022 non
1175 4966 1458 5022 auxilium
1539 4968 1702 5031 mihi,
1749 4972 1806 5024 et
1863 4967 2060 5023 dilecti
2112 4970 2230 5025 mei
2335 4963 2770 5029 humilies;nec
2793 4969 3432 5026 recessumaveritate
3454 4972 4018 5049 suadentibus,ad-

586 5057 959 5109 recesserunt
981 5069 1018 5110 a
1047 5069 1168 5110 me:
1197 5056 1509 5112 suscitatus
1537 5055 1894 5128 falsiloquus
1945 5055 2225 5112 adversus
2335 5067 2575 5108 sensum
2593 5057 2866 5108 nostrum
2891 5054 3189 5112 incurves.
3223 5067 3286 5127 1);.
3316 5061 3532 5117 Amen.

585 5140 800 5197 faciem
830 5157 1052 5199 meam.
1083 5142 1148 5200 P.
1179 5144 1756 5201 Contradicensmihi
1782 5141 2113 5199 frenduitin
2130 5161 2225 5202 me
2403 5141 2750 5210 Antiphona
2772 5146 2823 5196 2.
2867 5142 3140 5200 Discerne
3192 5159 3447 5202 causam
3491 5164 3694 5206 meam
3749 5157 4020 5217 Domine

583 5229 862 5286 dentibus
883 5231 1026 5286 suis.
1057 5230 1120 5292 ν.
1170 5235 1342 5289 Facta
1393 5238 1484 5288 est
1535 5232 1832 5287 hereditas
1883 5246 2017 5286 mea
2079 5233 2225 5289 mihi
2331 5228 2406 5284 de
2433 5234 2603 5298 gente
2635 5245 2756 5284 non
2795 5236 3002 5286 sancta
3034 5248 3047 5286 :
3088 5232 3166 5289 ab
3189 5234 3432 5292 homine
3463 5235 3678 5310 iniquo
3706 5247 3769 5299 et
3789 5245 4018 5305 doloso

579 5321 891 5391 tamquam
921 5318 1013 5375 leo
1039 5319 1097 5375 in
1123 5321 1300 5377 silva:
1343 5320 1506 5376 dedit
1535 5325 1741 5374 contra
1805 5335 1898 5373 me
1950 5319 2223 5377 adversa-
2329 5317 2515 5373 libera
2548 5334 2661 5373 me.
2694 5317 2754 5377 ii.
2780 5320 2970 5382 Quare
3003 5321 3178 5377 tristis
3208 5338 3270 5376 es
3302 5325 3510 5382 anima
3539 5343 3681 5384 mea
3706 5328 3737 5384 ‘P
3770 5349 3804 5389 e
3831 5339 4017 5408 ηαδ.

575 5406 700 5464 rius
731 5423 941 5465 vocem
971 5426 1162 5466 suam.
1195 5411 1253 5466 P.
1287 5408 1707 5464 Contradicens
1736 5407 1900 5462 mihi.
2327 5422 2390 5462 re
2421 5410 2742 5462 conturbas
2770 5423 2854 5461 me
2879 5409 2906 5462 ‘?
2957 5413 3140 5480 Spera
3168 5411 3230 5465 in
3279 5414 3415 5481 Deo,
3453 5418 3742 5486 quoniam
3801 5406 4017 5484 adhuc

643 5497 879 5557 Preces.
906 5497 1189 5566 Miserere,
1221 5501 1278 5554 et
1300 5511 1499 5570 parce,
1541 5494 1998 5554 clementissime
2029 5499 2220 5556 Domi-
2328 5494 2652 5552 conﬁtebor
2680 5495 2796 5555 illi:
2831 5497 3087 5555 salutare
3115 5498 3316 5556 vultus
3343 5501 3486 5573 mei,
3524 5507 3582 5561 et
3606 5506 3775 5567 Deus
3803 5528 4010 5574 meus.
