4192 6460
1385 313 1738 387 DOMINICA
1779 312 1823 369 V
1860 311 2468 389 QUADRAGESIMIE.

3509 325 3616 395 558

276 443 505 500 Oratio.
538 442 637 501 Dei
668 441 854 497 Patris
888 440 1192 511 Unigenite
1214 440 1447 513 Fili,qui
1467 440 1854 513 passionetua
1882 438 1929 492 A
2029 443 2441 515 Antz‘phonal.
2464 450 2705 506 Multum
2722 449 3099 519 peregrinata
3118 454 3208 507 est
3231 450 3436 508 anima
3456 465 3614 507 mea.

198 531 491 611 discernis
523 546 775 587 causam
792 530 1001 602 populi
1024 530 1106 585 tui
1128 546 1164 586 a
1191 527 1854 599 gregeinsatiabilisini-

200 622 340 679 mici
357 641 374 693 ;
412 621 685 676 discerne
713 636 958 676 causam
976 623 1243 675 nostram
1267 634 1302 675 a
1319 623 1491 688 gente
1507 633 1629 673 non
1650 620 1855 673 sancta

199 728 309 787 per
334 709 631 784 passionis
666 714 779 766 tua;
804 709 1124 779 potentiam
1152 728 1164 761 :
1190 712 1253 764 ut
1290 712 1352 764 tu
1381 707 1543 762 solus
1587 707 1647 762 in
1670 720 1857 762 causa.

202 801 478 858 Ecclesiae
497 804 611 856 tuae
627 800 973 871 agnoscaris
993 818 1005 867 ;
1027 799 1130 872 qui
1144 803 1195 855 te
1209 798 1448 855 voluisti
1462 797 1854 869 fieripretium

200 895 423 965 nostra:
452 887 909 960 redemptionis.
948 899 1009 957 It».
1051 890 1258 943 Amen.

274 978 609 1051 Antiphona
643 981 694 1033 3.
728 980 791 1032 In
823 976 1505 1041 Deolaudaboverbum,
1526 975 1585 1030 in
1602 973 1858 1030 Domino

198 1066 464 1131 laudabo
480 1081 819 1121 sermonem
840 1083 849 1119 :
866 1065 926 1120 in
941 1065 1194 1121 Domino
1209 1065 1485 1137 sperabo,
1500 1079 1622 1119 non
1636 1061 1859 1118 timebo

200 1155 354 1231 quid
391 1155 539 1210 mihi
567 1154 740 1210 faciat
763 1155 966 1211 homo.
993 1154 1052 1214 V.
1082 1154 1369 1211 Dominus
1393 1153 1543 1209 mihi
1573 1152 1814 1223 adjutor
1843 1166 1855 1206 :

202 1234 261 1302 et
292 1260 405 1315 ego
435 1243 769 1316 despiciam
795 1242 1069 1298 inimicos
1099 1258 1285 1298 meos.

276 1346 341 1405 BI.
386 1332 923 1390 Circumdederunt
952 1348 1047 1387 me
1074 1331 1298 1388 inimici
1340 1332 1456 1387 mei
1507 1331 1660 1387 sicut
1715 1344 1861 1402 apes

205 1440 430 1492 ceram,
461 1426 516 1478 et
542 1425 889 1477 exarserunt
919 1421 981 1478 in
1008 1436 1104 1476 me
1128 1421 1277 1476 sicut
1301 1420 1457 1490 ignis
1486 1421 1549 1476 in
1566 1419 1861 1492 spinis.P.

204 1516 544 1585 Tamquam
577 1510 856 1566 cumulus
889 1526 1084 1566 arenae
1114 1509 1412 1581 impulsus
1443 1525 1575 1565 sum
1606 1512 1670 1565 ut
1695 1507 1867 1565 cade-

208 1592 336 1660 rem
372 1623 383 1657 :
423 1605 477 1657 et
499 1600 789 1669 Dominus
814 1599 1073 1671 suscepit
1102 1614 1218 1654 me.
1250 1598 1311 1659 it.
1338 1598 1519 1663 Quasi
1535 1604 1713 1669 rupto
1738 1612 1867 1653 mu-

207 1709 275 1763 ro
307 1696 365 1749 et
401 1694 609 1763 aperta
616 1689 807 1759 janua
837 1688 1148 1744 inruerunt
1161 1703 1446 1759 superme
1479 1704 1492 1742 :
1522 1690 1578 1743 et
1606 1685 1684 1742 ad
1702 1699 1867 1742 meas

210 1778 489 1857 miserias
526 1778 746 1834 evoluti
784 1781 942 1835 sunt.
977 1779 1049 1835 P.
1077 1779 1431 1849 Tamquam.

214 1959 498 2029 miserere
528 1956 722 2035 nobis.
769 1955 829 2014 tt“.
888 1955 1059 2012 Cruci
1089 1954 1285 2017 afﬁxe,
1326 1958 1383 2009 et
1422 1953 1598 2009 morti
1638 1950 1870 2022 adjudi—

221 2053 370 2115 cate,
400 2048 471 2103 P.
506 2048 590 2102 Et.
630 2045 691 2105 Ψ.
720 2045 829 2110 Qui
859 2045 1123 2101 moriens
1148 2044 1449 2105 redemisti
1468 2042 1773 2106 saeculum,
1800 2041 1870 2098 P.

220 2141 306 2194 Et.
336 2137 395 2197 ἣν.
428 2138 495 2207 Ut
525 2134 735 2191 salvati
766 2149 871 2206 per
898 2136 1141 2190 Crucem
1172 2133 1422 2188 transire
1455 2132 1772 2200 possimus,
1806 2129 1869 2185 P.

219 2229 303 2293 Et.
346 2224 409 2285 it.
448 2227 599 2291 mors
627 2222 805 2279 nobis
837 2226 936 2279 tua
967 2222 1145 2278 vitam
1176 2226 1456 2278 reternam
1498 2218 1871 2288 conferat,!P.

216 2317 285 2385 Et
326 2312 626 2370 miserere.

293 2404 600 2472 Hymnus.
633 2402 675 2457 Ο
721 2403 1037 2457 Nazarene.
1078 2401 1189 2469 fol.
1238 2403 1352 2456 144.

299 2493 533 2549 Oratio.
563 2489 815 2562 ,Bespice
852 2490 1122 2555 Domine,
1156 2488 1451 2560 populum
1480 2491 1647 2545 tuum
1670 2507 1681 2555 ;
1703 2490 1761 2545 et
1782 2502 1879 2543 su-

221 2597 335 2657 per
364 2581 639 2637 odientes
663 2583 715 2635 te
737 2578 993 2635 exaltare
1012 2577 1398 2647 magniﬁcus:
1418 2592 1489 2633 ac
1514 2592 1633 2643 eos,
1659 2577 1763 2648 qui
1780 2575 1882 2633 ad-

221 2686 475 2728 versum
499 2668 706 2733 ﬁdeles
732 2673 865 2725 tuos
886 2667 1182 2725 declinare
1211 2666 1511 2730 festinant,
1541 2666 1599 2721 in
1614 2664 1884 2737 praecipi-

224 2766 353 2825 tem
378 2764 540 2821 verte
560 2760 798 2815 ruinam
831 2778 842 2817 :
872 2763 937 2815 ut
976 2757 1210 2815 confusi
1239 2762 1295 2815 et
1337 2755 1574 2825 turbati,
1609 2760 1661 2809 te
1688 2753 1883 2811 solum

224 2851 593 2923 altissimum
619 2849 681 2907 in
712 2848 879 2907 omni
901 2852 1055 2904 terra
1078 2847 1396 2903 Dominum
1428 2846 1880 2914 recognoscant.

303 2942 471 3003 Pater
501 2944 718 2997 noster.

826 3027 912 3083 Ad
962 3028 1293 3098 Vesperum.

1962 528 2110 587 Cum
2137 534 2229 589 his
2244 538 2347 608 qui
2386 537 2638 593 oderant
2664 551 2897 607 pacem,
2939 553 3096 594 eram
3130 538 3415 611 paciﬁcus
3467 539 3617 595 dum

1962 618 2253 693 loquebar
2290 624 2428 694 illis,
2460 625 2902 697 impugnabant
2930 641 3027 682 me
3058 627 3259 697 gratis.
3304 627 3367 688 ἲν.
3395 627 3484 683 Ad
3509 628 3619 684 Do-

1962 708 2198 767 minum
2230 728 2367 768 cum
2416 714 2729 770 tribularer
2769 714 3043 783 clamavi,
3076 718 3133 771 et
3168 715 3473 772 exaudivit
3498 731 3615 772 me.

2038 798 2265 855 Oratio.
2296 801 2543 857 Multum
2559 803 3039 875 peregrinantem
3063 803 3332 859 animam
3348 807 3619 859 nostram

1965 884 2027 942 in
2042 886 2444 945 tabernaculis
2469 892 2674 957 Cedar,
2699 894 2764 948 tu
2785 891 3029 957 Christe,
3053 892 3234 963 330
3254 892 3357 947 lux
3376 906 3519 948 vera
3530 893 3622 962 ju-

1968 974 2161 1043 stitiae,
2200 984 2586 1049 peccatorum
2634 983 2978 1038 nostrorum
3022 980 3298 1037 tenebras
3340 995 3491 1037 exue
3523 996 3535 1035 :
3570 983 3626 1035 et

1969 1068 2193 1121 sanctae
2251 1066 2530 1125 claritatis
2580 1072 2690 1125 tuae
2734 1068 2931 1125 lucem
2956 1068 3377 1141 perfunde;ut
3406 1068 3467 1125 in
3507 1067 3625 1124 hoc

1967 1154 2199 1211 mundo
2227 1171 2365 1211 cum
2395 1157 2740 1213 odientibus
2759 1172 2971 1230 pacem
2997 1158 3253 1231 paciﬁci,
3276 1158 3403 1215 etin
3423 1157 3624 1213 futuro

1971 1242 2190 1299 saeculo
2212 1260 2351 1301 cum
2388 1245 2524 1301 ﬁliis
2550 1246 2935 1319 Hierusalem,
2960 1251 3161 1305 sancta
3182 1246 3625 1305 confcederante

1972 1333 2312 1405 concordia,
2346 1350 2685 1392 mereamur
2714 1351 2845 1392 esse
2874 1335 3052 1393 beati.
3088 1347 3153 1407 Βι.
3193 1338 3403 1393 Amen.

2043 1421 2393 1491 Antiphona
2405 1424 2674 1480 2.1udica
2687 1440 2784 1480 me
2800 1427 2975 1492 Deus,
3002 1427 3059 1481 et
3087 1425 3355 1482 discerne
3376 1438 3626 1482 causam

1973 1524 2175 1575 meam
2200 1511 2274 1566 de
2307 1517 2481 1581 gente
2510 1529 2632 1569 non
2663 1517 2869 1571 sancta
2898 1530 2909 1568 :
2941 1513 3020 1571 ab
3049 1513 3290 1571 homine
3336 1512 3543 1585 iniquo
3574 1519 3629 1569 et

1975 1598 2186 1656 doloso
2215 1599 2404 1658 libera
2423 1618 2537 1657 me.
2564 1602 2626 1663 >7.
2661 1603 2813 1668 Quia
2838 1606 2901 1658 tu
2926 1618 2989 1658 es
3020 1603 3175 1660 Deus
3202 1619 3393 1669 meus,
3436 1606 3492 1659 et
3516 1602 3631 1659 for-

1975 1686 2166 1744 titudo
2192 1704 2368 1748 mea:
2404 1705 2591 1763 quare
2610 1705 2707 1747 me
2731 1690 2998 1763 repulisti
3018 1692 3045 1747 ‘I
3067 1695 3324 1764 etquare
3341 1690 3521 1748 tristis
3542 1690 3630 1748 in-

1896 1793 1941 1863 Β
1978 1776 2143 1841 cedo,
2178 1777 2325 1833 dum
2352 1778 2563 1849 afﬂigit
2592 1795 2688 1835 me
2719 1778 3038 1836 inimicus?

284 1871 511 1933 Preces.
548 1866 793 1933 Exaudi,
844 1866 1113 1934 Domine,
1165 1882 1369 1938 preces
1420 1869 1675 1932 nostras,
1708 1865 1770 1918 P.
1806 1865 1869 1918 Et

2054 1867 2277 1923 Oratio.
2314 1866 2540 1927 Christe
2571 1867 2671 1923 Dei
2712 1868 2890 1939 ﬁlius,
2944 1868 3214 1926 discerne
3244 1884 3492 1927 causam
3520 1883 3632 1925 no-

1981 1958 2166 2011 stram
2209 1955 2285 2011 de
2324 1960 2499 2026 gente
2522 1972 2645 2013 non
2676 1961 2883 2015 sancta
2912 1972 3019 2029 per
3056 1957 3400 2029 passionem
3433 1960 3631 2013 tuam:

1982 2048 2048 2101 ut
2073 2047 2135 2101 tu
2176 2044 2339 2100 solus
2370 2046 2449 2101 sis
2478 2046 2540 2102 in
2575 2062 2761 2103 causa
2790 2049 2995 2102 nostra
3025 2046 3347 2111 defensor;
3401 2045 3499 2117 qui
3527 2060 3638 2117 pro

1982 2133 2159 2189 nobis
2184 2149 2402 2205 passus
2426 2150 2489 2190 es
2526 2135 2915 2207 sepulturam.
2950 2146 3015 2203 Bg.
3044 2140 3256 2191 Amen.

2057 2223 2388 2292 Antiphona
2411 2224 2471 2279 3.
2516 2224 2768 2293 Adjutor
2810 2228 2869 2279 et
2897 2227 3205 2295 susceptor
3243 2238 3416 2280 meus
3468 2230 3532 2280 tu
3556 2237 3639 2290 es,

1988 2311 2144 2367 Deus
2176 2328 2189 2367 :
2222 2327 2297 2368 ne
2327 2311 2605 2370 discedas
2634 2328 2671 2369 a
2692 2327 2807 2368 me.
2837 2315 2901 2368 In
2932 2312 3299 2384 adjutorium
3325 2327 3531 2369 meum
3556 2310 3646 2367 in-

1989 2399 2186 2469 tende,
2215 2400 2506 2458 Domine:
2541 2401 2621 2459 ad
2669 2401 3088 2472 adiuvandum
3140 2417 3238 2458 me
3284 2400 3519 2458 festina.
3566 2399 3635 2465 ἳῖ.

1991 2487 2465 2560 Confundantur,
2533 2493 2591 2547 et
2639 2493 3017 2547 revereantur
3066 2488 3290 2545 inimici
3339 2489 3508 2549 mei:
3543 2487 3648 2562 qui

1992 2581 2271 2649 quaerunt
2307 2578 2576 2635 animam
2606 2594 2829 2635 meam.

2068 2665 2291 2722 Oratio.
2321 2666 2586 2737 Adjutor,
2630 2671 2687 2723 et
2719 2670 3026 2739 susceptor
3054 2670 3261 2725 noster
3292 2667 3564 2737 Domine,
3587 2668 3647 2725 in

1994 2754 2068 2811 ad
2069 2754 2092 2823 j
2102 2756 2359 2811 utorium
2376 2759 2647 2811 nostrum
2659 2755 2900 2812 intende
2917 2772 2930 2823 ;
2946 2759 3009 2812 ut
3024 2756 3128 2827 qui
3140 2756 3522 2828 passionibus
3533 2756 3649 2812 tuis
3727 2826 3732 2831 ἢ

1994 2843 2148 2903 votis
2164 2842 2579 2900 sincerissimis
2594 2842 3304 2912 anhelamus,adiut0rem
3316 2847 3372 2901 te
3384 2847 3649 2900 nostrum

1998 2933 2059 2988 in
2081 2932 2231 3004 ipsis
2261 2932 2478 2989 nostris
2508 2932 2827 2989 conatibus
2850 2933 3200 2990 sentiamus.
3232 2942 3301 3002 Βι.
3332 2934 3547 2989 Amen.

2070 3033 2132 3090 Βι.
2168 3024 2323 3077 Deus
2344 3021 2544 3088 Israel,
2565 3026 2805 3094 propter
2822 3025 2874 3078 te
2896 3021 3150 3077 sustinui
3173 3021 3602 3094 improperium
3633 3039 3647 3081 :

307 3119 534 3179 Lauda.
569 3117 666 3176 Sol
694 3116 940 3187 agnovit
960 3131 1239 3172 occasum
1279 3130 1473 3171 suum.
1502 3114 1701 3170 Posuit
1731 3114 1888 3167 tene-
1916 3150 1961 3217 ε
1998 3112 2205 3183 operui
2236 3111 2565 3168 reverentia
2588 3111 2802 3167 faciem
2828 3126 3048 3168 meam.
3095 3113 3421 3168 Extraneus
3459 3111 3651 3169 factus

221 3212 403 3277 bras,
439 3214 495 3265 et
522 3208 681 3265 facta
700 3211 786 3264 est
818 3222 964 3264 nox.

307 3299 681 3369 Antiphona.
702 3296 872 3369 Eripe
894 3312 989 3353 me
1007 3295 1254 3352 Domine
1278 3292 1355 3350 ab
1376 3293 1617 3349 homine
1639 3292 1834 3349 malo:
1854 3307 1891 3350 θ.

226 3390 364 3459 viro
394 3389 602 3462 iniquo
632 3386 817 3443 libera
846 3402 965 3443 me.
986 3386 1279 3441 Psalmus.
1316 3399 1546 3439 cxxxrx.

312 3478 546 3537 Lauda.
575 3475 857 3535 Viderunt
888 3492 1004 3538 me,
1055 3478 1112 3531 et
1139 3476 1451 3530 moverunt
1490 3472 1687 3543 capita
1730 3486 1841 3527 sua
1872 3484 1887 3527 :

226 3568 465 3645 adjuva
510 3580 625 3631 me,
666 3565 914 3621 Domine
940 3566 1095 3621 Deus
1133 3580 1320 3619 meus.
1354 3562 1415 3623 ἵ.
1450 3561 1699 3617 Domine
1738 3561 1894 3617 Deus

231 3656 452 3727 salutis
474 3671 643 3721 meae,
675 3654 737 3709 in
763 3654 857 3709 die
884 3653 1160 3716 clamavi,
1192 3657 1248 3708 et
1278 3656 1449 3707 nocte
1480 3666 1683 3707 coram
1710 3653 1784 3706 te.

318 3746 605 3817 Hymnus.
635 3743 891 3799 Verbum
922 3742 1129 3799 Patris.
1166 3743 1276 3809 fol.
1306 3744 1428 3795 232.

916 3830 1224 3898 Capitula.

318 3920 510 3981 Multae
549 3922 705 3981 sunt,
736 3917 1001 3982 Domine,
1030 3916 1370 3987 iniquitates
1390 3920 1644 3977 nostrae;
1679 3914 1783 3969 sed
1813 3918 1896 3981 tu,

240 4008 525 4083 Domine,
549 4007 645 4078 qui
663 4020 724 4061 es
740 4004 1443 4075 retributorjustissimus,
1463 4003 1678 4058 delicta
1697 4006 1903 4059 nostra

238 4098 384 4163 dele
414 4095 705 4169 propitius
721 4115 733 4153 :
750 4094 885 4151 vide
897 4092 1600 4165 ejulantiumlachrymas
1625 4107 1635 4145 :
1658 4091 1904 4160 captivis

242 4202 499 4249 occurre
524 4185 823 4241 restitutor
853 4183 1162 4254 egregius:
1193 4186 1263 4247 et,
1299 4181 1402 4252 qui
1442 4180 1503 4235 in
1532 4178 1746 4234 diebus
1777 4178 1906 4235 istis

243 4277 332 4338 ad
357 4281 409 4333 te
432 4276 505 4331 de
528 4272 1099 4344 transgressionibus
1116 4270 1354 4328 veniam
1373 4268 1693 4341 postulant,
1714 4283 1834 4323 non
1850 4272 1907 4324 te

247 4364 703 4424 severissimum
750 4363 1044 4434 reperiant
1095 4361 1398 4432 judicem;
1442 4358 1547 4414 sed
1603 4357 1807 4413 mitem
1847 4372 1908 4413 se

246 4455 561 4529 gaudeant
586 4453 885 4510 invenisse
917 4456 1150 4525 patrem
1178 4454 1232 4506 et
1256 4449 1595 4506 dominum.

326 4546 499 4603 Pater
527 4546 747 4600 noster.

326 4633 688 4692 Benedictio.
724 4633 899 4698 Deus,
928 4632 1090 4705 apud
1133 4646 1314 4705 quem
1366 4632 1458 4684 est
1497 4624 1912 4684 misericordia

254 4727 526 4800 copiosa,
554 4723 894 4781 efﬁciatnos
920 4724 1031 4780 sibi
1044 4738 1148 4794 per
1161 4720 1451 4792 gemitum
1477 4734 1617 4774 vasa
1638 4716 1910 4773 mundis-

257 4818 433 4881 sima.
477 4826 542 4885 Bt.
574 4819 784 4870 Amen.
818 4812 1049 4885 Quique
1088 4815 1178 4868 est
1216 4808 1564 4865 indeﬁciens
1594 4804 1912 4862 divinitatis

256 4911 494 4970 natura,
527 4904 654 4976 ipse
676 4901 1081 4975 spiritualibus
1110 4898 1334 4956 deliciis
1353 4897 1576 4954 reﬁciat
1607 4894 1913 4951 inﬁrmita-

260 5000 384 5053 tem
406 4998 697 5051 nostram.
730 5003 795 5061 Bg.
818 4993 1027 5047 Amen.
1060 4992 1130 5045 Ut
1159 4989 1342 5044 corda
1372 4990 1579 5043 nostra
1600 5001 1737 5041 eum
1762 4999 1915 5039 sem-

259 5102 371 5161 per
394 5084 659 5143 esuriant
705 5086 884 5155 atque
925 5080 1148 5148 sitiant,
1180 5078 1258 5134 ad
1300 5092 1482 5151 quem
1513 5080 1650 5133 vota
1697 5077 1914 5131 nostrae

262 5175 645 5233 abstinentiae
675 5173 963 5230 clamant.
1004 5182 1066 5239 ﬁ.
1099 5176 1306 5225 Amen.

336 5266 572 5323 Lauda.
592 5261 1031 5333 Fecijudicium
1060 5262 1114 5314 et
1150 5256 1467 5329 justitiam.
1505 5257 1617 5326 fol.
1646 5258 1770 5310 296.

962 5365 1231 5407 SABBATO.

826 5442 925 5498 Ad
953 5440 1342 5496 Matutinum.

338 5536 812 5607 Antiphona.Tu
827 5522 1917 5601 autem,Domine.Psalmu33.0ratio.

266 5626 577 5695 Quamvis.
602 5624 717 5695 fol.
754 5623 869 5680 141.

2000 3216 2136 3256 sum
2158 3199 2440 3257 fratribus
2460 3198 2632 3265 meis,
2665 3205 2721 3256 et
2747 3200 2969 3271 hospes
2993 3198 3128 3254 ﬁliis
3146 3198 3352 3255 matris
3377 3214 3549 3256 meas.
3575 3199 3648 3255 P.

2001 3288 2296 3355 Quoniam
2322 3288 2483 3345 zelus
2505 3288 2724 3344 domus
2748 3291 2861 3345 tuae
2893 3288 3154 3344 comedit
3181 3302 3297 3343 me.
3315 3286 3377 3349 ἲν.
3412 3291 3474 3343 ln
3494 3287 3650 3343 mul-

1998 3378 2247 3435 titudine
2286 3377 2706 3434 misericordiae
2736 3380 2852 3433 tuae
2892 3376 3110 3434 exaudi
3150 3391 3267 3443 me,
3308 3376 3369 3432 in
3407 3376 3653 3434 veritate

2003 3466 2213 3525 salutis
2244 3470 2384 3523 ture.
2422 3466 2487 3520 P.
2523 3465 2839 3532 Quoniam.

2076 3558 2299 3613 Oratio.
2338 3555 2561 3613 Christe
2590 3555 2692 3611 Dei
2725 3554 2848 3621 Fili,
2892 3570 3068 3626 quem
3105 3554 3263 3611 zelus
3292 3554 3513 3611 domus
3534 3554 3658 3618 Dei,

2002 3645 2279 3701 Ecclesiae
2298 3645 2572 3702 videlicet
2602 3644 2788 3701 Patris
2814 3644 2917 3713 tui,
2945 3644 3237 3714 comedit;
3279 3643 3426 3699 dum
3450 3643 3662 3715 iniqua

2005 3740 2274 3807 gerentes
2324 3734 2399 3791 de
2423 3750 2493 3792 ea
2520 3733 2785 3790 funiculo
2820 3733 3103 3791 audacter
3123 3732 3397 3805 expellis;
3422 3732 3502 3789 ab
3519 3748 3657 3789 om-

2004 3824 2176 3879 nium
2208 3839 2320 3879 nos
2357 3823 2622 3879 funiculo
2651 3823 3035 3894 iniquitatum
3062 3822 3340 3890 absolve;
3375 3826 3555 3894 atque
3599 3821 3662 3881 in

2006 3912 2207 3969 medio
2233 3912 2453 3967 domus
2472 3915 2588 3968 tuae
2627 3911 2800 3982 digne
2825 3911 3095 3968 habitare
3129 3909 3391 3968 concede
3419 3929 3434 3967 :
3461 3926 3584 3983 quo
3610 3914 3666 3965 et

2009 4001 2122 4072 ipsi
2154 4000 2373 4057 domus
2420 4000 2645 4057 tibimet
2672 3999 2995 4072 spiritualis
3043 3998 3252 4062 effecti,
3287 4015 3322 4056 a
3353 4002 3408 4055 te
3440 4014 3666 4057 merea-

2012 4104 2148 4145 mur
2171 4089 2399 4144 ccalitus
2426 4089 2707 4145 laureari.
2748 4100 2812 4151 Βι.
2836 4091 3044 4143 Amen.

2619 4194 2692 4248 In
2730 4193 3054 4259 Laudibus,

2086 4302 2455 4372 Antiphona.
2477 4304 2588 4357 Cor
2599 4299 2897 4356 mundum
2913 4298 3118 4356 creain
3133 4315 3228 4355 me
3244 4298 3480 4364 Deus,et
3501 4296 3671 4371 spiri-

2016 4395 2145 4448 tum
2175 4398 2402 4447 rectum
2432 4391 2655 4446 innova
2690 4390 2752 4445 in
2776 4389 3107 4445 visceribus
3134 4388 3284 4444 meis
3314 4389 3585 4446 Psalmus
3617 4407 3666 4442 L.

1915 4505 1983 4561 -ο
2092 4481 2310 4537 Oratio.
2355 4479 2558 4536 Cordis
2604 4480 2809 4545 nostri,
2842 4479 2956 4549 fol.
2983 4479 3106 4535 210.
3142 4478 3480 4536 Canticum.
3513 4478 3672 4535 Sana

2018 4586 2136 4635 me,
2163 4568 2431 4625 Domine.
2459 4570 2570 4639 fol.
2597 4572 2725 4624 259.

2089 4659 2574 4715 Matutinarz'um.
2614 4657 2897 4714 Auditam
2932 4656 3027 4714 fac
3062 4657 3205 4714 mihi
3240 4672 3418 4714 mane
3448 4656 3674 4712 miseri-

2021 4748 2284 4806 cordiam
2317 4753 2501 4816 tuam,
2530 4747 2672 4818 quia
2714 4748 2775 4802 in
2819 4751 2875 4803 te
2906 4746 3160 4820 speravi,
3180 4746 3448 4802 Domine.
3480 4745 3541 4804 ἲν.
3568 4744 3672 4801 De-

2020 4842 2290 4895 monstra
2312 4837 2456 4892 mihi
2476 4836 2659 4899 viam,
2692 4836 2752 4891 in
2791 4852 2913 4908 qua
2945 4835 3245 4891 ambulem
3269 4852 3285 4905 ;
3317 4833 3459 4906 quia
3490 4832 3569 4891 ad
3595 4836 3671 4901 te,

2023 4926 2293 4993 Domine,
2326 4924 2517 4981 levavi
2549 4924 2816 4980 animam
2844 4939 3066 4980 meam.

2094 5037 2324 5093 Lauda.
2358 5035 2422 5089 In
2452 5033 2670 5090 sanctis
2701 5032 2851 5103 ejus.

2148 5145 2346 5201 Lectio
2387 5140 2529 5198 labri
2556 5139 2882 5198 Malae/tim
2911 5140 3158 5212 (Regum
3190 5140 3281 5195 ΙΙΙ
3304 5154 3436 5211 cap.
3470 5140 3571 5211 n).

2098 5264 2161 5323 ἢ.
2203 5254 2325 5307 Deo
2360 5250 2604 5321 gratias.

2101 5342 2165 5397 In
2191 5340 2302 5395 illis
2314 5340 2527 5396 diebus
2552 5354 2563 5393 :
2590 5337 2878 5395 Salomon
2901 5336 3246 5409 seditsuper
3270 5335 3555 5391 thronum
3569 5332 3678 5388 Da-

2033 5430 2131 5489 vid
2155 5430 2340 5501 patris
2369 5429 2482 5495 sui,
2500 5432 2556 5485 et
2586 5428 2889 5484 ﬁrmatum
2929 5430 3017 5482 est
3053 5440 3304 5497 regnum
3334 5425 3463 5493 ejus
3487 5419 3675 5475 nimis.

2030 5523 2097 5578 Et
2124 5521 2429 5591 ingressus
2452 5522 2540 5575 est
2554 5517 2818 5575 Adonias
2836 5516 2994 5572 ﬁlius
3019 5515 3237 5585 Aggith
3258 5512 3336 5569 ad
3356 5506 3680 5566 Bethsabee

2032 5614 2289 5669 matrem
2321 5606 2679 5668 Salomonis.
2724 5608 2866 5671 Quae
2888 5604 3031 5661 dixit
3056 5604 3107 5661 ei
3148 5620 3164 5662 z
3204 5598 3570 5671 Paciﬁcusne
3595 5597 3686 5653 est
