4194 6476
650 383 758 460 563

720 563 761 572 ρ-
784 542 1015 598 ymnus.
1051 530 1094 583 0
1125 529 1444 584 Nazarene.
1468 528 1583 598 fol.
1604 530 1731 585 144.

774 615 1027 684 apitula.
1061 614 2005 687 Exaltare,’,Domine,quijudicas
2038 620 2291 671 terram:

653 706 709 759 et
762 701 1166 775 quiultionem
1193 703 1393 758 reddis
1415 702 1707 774 superbis,
1736 703 1968 775 pietatis
2000 703 2294 759 medelam

651 791 953 863 impertire
964 790 1309 862 redemptis:
1332 796 1386 845 et
1401 791 1525 862 ipse
1538 807 1810 862 praeroga
1832 791 2294 847 misericordiam

654 895 792 947 res,
823 879 927 951 qui
947 893 1062 951 pro
1090 878 1263 935 nobis
1290 895 1352 935 es
1375 879 1542 935 Cruci
1564 879 1940 950 adjudicatus
1970 880 2047 937 ab
2073 878 2291 953 impiis.

726 967 897 1023 Pater
921 971 1143 1024 noster.

958 1104 963 1108 .
1274 1055 1373 1111 Ad
1399 1056 1653 1112 Sextum.

800 1142 1348 1200 Lectio.Ezechielis
1376 1142 1682 1214 Prophetw
1719 1143 1885 1215 (Cap.
1933 1155 2152 1214 xxxvr).

728 1242 792 1302 nr.
825 1234 940 1287 Deo
970 1232 1209 1301 gratias.

728 1322 861 1375 Haec
882 1319 1022 1375 dicit
1054 1320 1377 1377 Dominus:
1408 1320 1634 1377 Tollam
1671 1336 1779 1377 vos
1804 1321 1878 1377 de
1910 1320 2202 1391 gentibus,
2244 1324 2300 1377 et

660 1408 1035 1480 congregabo
1059 1425 1167 1465 vos
1192 1409 1267 1465 de
1293 1407 1582 1465 universis
1610 1409 1863 1475 terris,et
1876 1408 2175 1465 adducam
2189 1424 2297 1465 vos

659 1495 722 1553 in
748 1502 964 1553 terram
991 1505 1269 1553 vestram.
1303 1499 1367 1553 Et
1398 1496 1704 1552 effundam
1734 1512 1913 1569 super
1935 1512 2044 1553 vos
2075 1512 2299 1570 aquam

659 1583 1013 1657 mundam,et
1031 1583 1479 1641 emundabimini
1509 1582 1869 1641 abomnibus
1900 1584 2301 1656 iniquitatibus

662 1670 1038 1737 vestris,etab
1059 1672 1351 1729 universis
1361 1671 1535 1728 idolis
1549 1672 2163 1739 vestris,etmundabo
2172 1687 2300 1729 vos.

663 1760 731 1815 Et
752 1759 967 1816 faciam
995 1775 1127 1833 vos,
1164 1763 1225 1818 ut
1250 1760 1312 1817 in
1340 1760 1654 1833 praeceptis
1683 1760 1833 1816 meis
1878 1759 2211 1823 ambuletis,
2248 1761 2305 1816 et

663 1847 891 1918 judicia
918 1863 1055 1905 mea
1080 1848 1459 1905 custodiatis:
1492 1852 1557 1904 ut
1585 1848 1657 1904 sit
1686 1848 1920 1919 signum
1949 1848 2099 1904 inter
2136 1864 2231 1904 me
2253 1857 2310 1910 et

663 1948 794 2001 vos,
823 1940 879 1993 et
898 1935 1099 1993 sciatis
1116 1937 1257 2010 quia
1280 1951 1391 2007 ego
1416 1951 1549 1992 sum
1580 1937 1868 1993 Dominus
1900 1937 2056 1993 Deus
2096 1943 2306 1995 vester.

666 2034 732 2096 13;.
753 2026 963 2081 Amen.

738 2113 1084 2183 Antiphone
1112 2118 1160 2169 1.
1187 2112 1408 2171 Tollam
1431 2129 1540 2171 vos
1569 2113 1643 2169 de
1674 2112 2034 2183 gentibus,et
2067 2128 2311 2184 congre-

669 2200 831 2272 gabo
858 2216 967 2257 vos
988 2204 1061 2258 de
1075 2201 1361 2258 universis
1388 2201 1648 2258 terris.Et
1672 2201 1979 2257 effundam
2010 2216 2190 2274 super
2204 2217 2312 2257 vos

671 2304 893 2363 aquam
923 2289 1233 2346 mundam.
1257 2289 1321 2351 ῒ.
1343 2290 1496 2347 Audi
1514 2288 1772 2362 populus
1797 2294 2051 2361 meus,et
2065 2289 2309 2362 loquar:

670 2377 869 2449 Israel,
895 2376 1250 2434 testiﬁcabor
1273 2378 1381 2435 tibi
1410 2396 1429 2433 ε
1461 2381 1615 2434 Deus
1644 2379 1798 2434 Deus
1824 2381 1962 2434 tuus
2021 2394 2156 2434 sum
2179 2393 2311 2448 ego.

745 2468 960 2526 Oratio.
1000 2466 1267 2533 Effunde,
1292 2467 1749 2539 Domine,super
1777 2482 1889 2523 nos
1904 2482 2129 2540 aquam
2142 2482 2314 2523 mun-

672 2555 1033 2628 dam,quain
1043 2571 1221 2613 omne
1234 2554 1520 2612 smculum
1532 2555 1764 2612 erexisti
1781 2555 2108 2611 Ecclesiam
2122 2559 2309 2611 tuam:

671 2647 916 2717 ut,quos
941 2659 1014 2700 ex
1037 2643 1700 2715 gentibus,videlicetde
1715 2643 2011 2701 universis
2024 2644 2208 2711 terris,
2249 2643 2311 2699 in

673 2747 809 2790 eam
832 2731 1231 2803 adglomeras,
1263 2746 1518 2803 regnum
1540 2732 1622 2788 eis
1652 2736 1818 2788 tuum
1882 2746 2312 2805 usquequaque

672 2820 991 2879 concedas.
1018 2832 1081 2892 ﬁ.
1108 2824 1318 2877 Amen.

741 2908 1078 2979 Antiphone
1105 2913 1163 2965 2.
1195 2909 1434 2966 Faciam
1469 2925 1575 2966 vos
1605 2912 1670 2966 ut
1718 2909 1781 2965 in
1812 2908 2119 2983 praeceptis
2165 2907 2313 2964 meis

673 2998 1009 3067 ambuletis,
1040 3001 1097 3055 et
1119 2998 1346 3070 judicia
1368 3014 1504 3055 mea
1514 2998 1859 3055 custodiatis
1883 3016 1897 3066 ;
1921 3002 2119 3054 utnon
2130 2996 2316 3069 patiao

672 3087 821 3145 mini
842 3086 997 3143 ultra
1023 3087 1414 3159 opprobrium
1442 3086 1621 3143 famis
1640 3088 1701 3142 in
1731 3084 2316 3155 gentibus.V.Audite

675 3174 805 3266 haec
829 3190 1040 3232 omnes
1065 3179 1271 3246 gentes
1296 3192 1314 3230 ε
1343 3175 1589 3232 auribus
1606 3173 2017 3246 percipite,qui
2034 3172 2315 3230 habitatis
2345 3208 2388 3266 Ο

677 3263 909 3321 orbem.

748 3353 975 3410 Oratio.
996 3354 1116 3410 Fac
1138 3350 1614 3424 nos,Domine,in
1640 3350 1954 3421 praeceptis
1979 3347 2309 3414 ambulare,

675 3446 733 3499 et
748 3440 978 3515 judicia
1006 3444 1108 3499 tua
1146 3438 1476 3497 custodire:
1500 3442 1586 3501 ut,
1599 3436 1703 3509 qui
1715 3436 2013 3493 malorum
2042 3436 2314 3494 famelico

674 3544 776 3586 ore
805 3542 963 3601 saepe
983 3526 1361 3593 conlidimur,
1383 3523 1765 3597 protectionis
1793 3528 1910 3581 tua;
1935 3523 2189 3581 dexterae
2221 3540 2315 3580 co-

676 3621 828 3674 natu
854 3615 1184 3671 liberemur.
1218 3622 1285 3685 BI.
1316 3617 1524 3669 Amen.

746 3704 1076 3776 Antiphona
1092 3705 1266 3761 3.Lex
1296 3701 1529 3758 Domini
1555 3701 2317 3767 immaculata,convertens

676 3795 944 3851 animas:
995 3790 1401 3847 testim0nium
1431 3789 1664 3846 Domini
1715 3790 1902 3858 ﬁdele,
1960 3791 2317 3863 sapientiam

673 3885 965 3955 praestans
989 3879 1270 3959 parvulis.

749 3970 966 4027 Oratio.
993 3969 1106 4025 Lex
1134 3974 1235 4026 tua
1277 3967 1770 4041 imprehensibilis
1829 3970 2129 4024 convertat
2184 3967 2318 4025 ani-

674 4076 808 4118 mas
847 4061 1085 4116 nostras
1113 4073 1127 4114 :
1155 4061 1212 4114 et
1240 4055 1641 4115 testimonium
1671 4060 1841 4114 tuum
1884 4055 2057 4112 ﬁdele
2079 4060 2319 4128 praestet

675 4147 936 4222 parvulis
962 4146 1326 4220 sapientiam
1356 4151 1500 4203 :tuaa
1514 4161 1755 4218 quoque
1762 4144 1781 4215 j
1791 4162 1825 4206 υ
1838 4145 2004 4201 stitia:
2016 4144 2202 4201 corda
2214 4161 2318 4201 no-

677 4236 1258 4303 stralaatiﬁcentmon
1278 4234 1623 4291 contristent
1640 4257 1653 4289 :
1670 4238 1957 4304 tuumque
1971 4237 2315 4304 praeceptum

674 4323 879 4382 oculos
908 4323 1201 4379 mentium
1227 4324 1567 4378 nostrarum
1590 4320 1919 4377 ‘illuminet.
1958 4331 2021 4391 Βί.
2036 4324 2243 4376 Amen.

746 4424 816 4483 ἢ.
854 4414 1000 4469 Ecce
1027 4425 1129 4481 per
1156 4425 1367 4466 omnes
1397 4409 1638 4466 semitas
1674 4425 1897 4482 pascua
1920 4424 2128 4465 eorum
2162 4424 2318 4477 ;non

677 4500 960 4567 esurient,
979 4513 1174 4571 neque
1187 4498 1381 4554 sitient
1411 4512 1425 4553 :
1454 4497 1642 4554 P.Sed
1666 4496 2135 4553 misericordiam
2151 4512 2318 4553 suam

676 4578 915 4646 exhibet
936 4586 1021 4643 eis
1042 4582 1329 4643 Dominus
1355 4588 1507 4642 Deus
1542 4601 1769 4641 eorum.
1801 4584 1866 4645 tr.
1922 4585 2085 4651 Vide,
2118 4585 2319 4641 Hieru-

678 4677 887 4748 salem,
918 4679 1311 4746 congregatos
1336 4673 1492 4731 ﬁlios
1514 4678 1668 4745 tuos,
1684 4674 1828 4746 quia
1851 4688 1972 4729 non
1993 4674 2319 4746 percutien-

675 4772 771 4825 tur
799 4767 878 4824 ab
904 4770 1055 4827 testu
1075 4776 1263 4840 usque
1278 4766 1355 4822 ad
1368 4764 1554 4821 solem
1574 4779 1586 4820 :
1610 4765 1675 4820 P.
1689 4764 1802 4821 Sed
1825 4763 2317 4822 misericordiam.

745 4850 971 4913 Preces.
1010 4855 1285 4911 Dicamus
1325 4866 1566 4911 omnes:
1600 4852 1887 4921 Miserere,
1931 4852 2201 4918 Domine,
2265 4857 2322 4909 et

677 4944 894 5001 exaudi
917 4957 1050 4999 nos.
1082 4946 1140 4997 P.
1172 4943 1336 5007 Quia.
1370 4942 1439 5002 ir.
1468 4945 1686 5014 Jugum
1709 4957 1889 5014 grave
1909 4942 2127 5013 premit
2200 4940 2318 5013 ple-

674 5032 816 5089 bem
847 5047 861 5097 ;
892 5034 950 5086 et
972 5046 1093 5086 non
1119 5035 1209 5087 est
1238 5029 1343 5103 qui
1398 5036 1566 5087 eruat
1615 5031 1729 5085 nisi
1787 5034 1867 5100 tu,
1923 5028 2193 5092 Domine,
2240 5030 2310 5086 P.

678 5119 844 5187 Quia.
872 5117 935 5178 ῒ.
964 5121 1208 5174 Peccata
1250 5124 1455 5174 nostra
1512 5133 1625 5173 nos
1654 5118 1990 5185 incurvant,
2035 5122 2089 5171 et
2124 5116 2321 5187 ﬂagel-

676 5206 804 5263 lant
832 5221 846 5272 ;
880 5204 985 5261 sed
1016 5211 1097 5270 tu,
1126 5204 1392 5271 Domine,
1424 5203 1629 5259 libera.
1673 5204 1747 5260 P.
1779 5203 1951 5268 Quia.
1985 5203 2048 5264 ἵ.
2101 5204 2318 5260 Vastati

677 5310 891 5351 sumus
910 5297 966 5349 et
996 5288 1215 5349 turbati
1242 5307 1279 5348 a
1298 5292 1574 5361 gentibus
1602 5308 1617 5356 ;
1646 5291 1752 5347 sed
1782 5294 1863 5357 tu,
1906 5290 2175 5361 Domine,
2220 5291 2318 5347 de-

675 5383 852 5440 fende
882 5396 1011 5438 nos.
1044 5380 1108 5435 P.
1138 5380 1307 5444 Quia.
1365 5378 1427 5441 κν.
1461 5382 1571 5436 Cor
1600 5378 1916 5434 contritum
1960 5383 2016 5434 et
2039 5378 2316 5436 humilia-

675 5475 803 5528 tum
833 5486 908 5527 ne
939 5485 1208 5544 spernas,
1243 5466 1348 5523 sed
1370 5466 1572 5523 laetum
1603 5466 1810 5522 facias.
1840 5468 1904 5523 P.
1938 5467 2103 5531 Quia.
2128 5467 2192 5527 tr.
2227 5468 2319 5522 Di-

672 5558 859 5632 spersi
882 5575 1127 5615 sumus:
1158 5573 1231 5613 ne
1258 5574 1294 5614 a
1318 5556 1523 5612 bestiis
1556 5556 1869 5627 abigamur
1900 5571 1912 5622 ;
1964 5556 2063 5610 sed
2086 5557 2212 5626 jam
2230 5571 2318 5610 re-

674 5649 854 5716 dime,
888 5649 1153 5706 Domine.
1196 5646 1261 5705 P.
1292 5646 1456 5711 Quia.
1490 5645 1846 5705 V.Furorem
1878 5650 2044 5702 tuum
2071 5644 2166 5702 fac
2195 5644 2315 5715 pla-

1921 380 2368 458 anmmuit
2403 392 2793 459 GOTHICUM.

3954 411 4050 467 564

2328 522 2375 579 Α
2405 526 2602 580 catum
2622 529 2864 597 prOpter
2886 528 3177 600 populum
3206 528 3617 585 humiliatum.
3668 532 3732 588 P.
3788 531 3957 599 Quia.
3988 534 4045 597 ἰν.

2405 609 2700 667 Ululatum
2731 613 2920 683 plebis
2939 615 3078 671 audi
3103 617 3377 685 clemens,
3407 626 3461 672 et
3487 617 3739 691 respice,
3785 621 4043 690 Domine,

2405 712 2557 769 quos
2587 699 2881 757 redemisti
2906 705 3212 773 sanguine.
3248 707 3305 759 P.
3343 705 3513 770 Quia.

2476 786 2747 856 Hymnus.
2772 789 2813 843 Ο
2837 792 3153 846 Nazarene.
3191 794 3303 861 fol.
3345 795 3465 847 144.

2481 875 3097 948 Capitulaﬂymnum
3126 884 3431 946 novum,et
3456 881 3631 937 dulce
3653 884 4047 952 canticum,ac

2406 964 2522 1017 tuae
2550 961 2744 1018 laudis
2764 969 3149 1036 praeconium,
3181 969 3448 1037 Domine,
3478 969 3691 1027 crebro
3717 987 3832 1027 nos
3853 972 3957 1030 tibi
3972 975 4048 1034 fa-

2408 1048 2523 1105 cito
2551 1050 2926 1113 adclamare:
2959 1058 3025 1111 ut
3060 1056 3121 1110 in
3149 1071 3379 1129 pascua
3404 1056 3566 1128 vitae,
3612 1057 3678 1115 id
3723 1062 3836 1129 est,
3885 1078 4049 1137 super

2410 1151 2631 1209 aquam
2644 1139 2975 1197 refectionis
3006 1142 3320 1200 educando
3334 1148 3906 1224 convertas:utnon
3935 1167 4035 1210 esu

2406 1224 2632 1281 riamus
2646 1241 2752 1284 nec
2766 1229 2958 1285 sitiam
2968 1247 3035 1285 us
3053 1231 3113 1287 in
3127 1236 3414 1288 aeternum
3432 1251 3445 1300 ;
3462 1233 3611 1289 dum
3625 1235 3814 1307 pedes
3827 1242 4048 1299 nostros

2407 1308 2469 1365 in
2499 1312 2717 1368 semitis
2737 1314 2852 1370 tuis
2878 1317 3066 1387 gratia
3091 1322 3193 1376 tua
3222 1318 3431 1377 feceris
3451 1338 3581 1377 esse
3644 1322 4037 1385 ﬁrmissimos.

2480 1400 2646 1454 Pater
2672 1408 2894 1459 noater.

2483 1485 2661 1559 334
2692 1490 2757 1543 In
2784 1492 2986 1548 Hamis
3004 1495 3767 1567 palmarum,z’ngrediente
3788 1500 4038 1572 Vespera.

2483 1573 3016 1647 LaudaJllumina,
3046 1578 3382 1651 Domine,in
3418 1580 3656 1641 vultum
3683 1589 3851 1644 tuum
3880 1606 4043 1662 super

2413 1675 2525 1717 nos
2547 1678 2747 1719 servos
2764 1669 2895 1722 tuos
2924 1683 2946 1723 :
2974 1670 3032 1723 P.
3062 1670 3128 1725 Et
3146 1668 3293 1727 doce
3309 1688 3410 1728 eos
3430 1672 4040 1744 justiﬁcationestuas.

2414 1749 2479 1811 7.
2517 1752 2846 1811 Declaratio
2876 1771 3221 1815 sermonum
3248 1764 3489 1817 tuorum
3519 1761 3815 1822 illuminet
3854 1782 3965 1836 eos,
3992 1777 4040 1825 et

2340 1867 2386 1923 Β
2417 1839 2775 1898 intellectum
2807 1844 2904 1900 det
2926 1848 3205 1917 parvulis.
3234 1853 3294 1905 P.
3328 1853 3395 1906 Et
3423 1850 3573 1907 doce
3605 1868 3726 1908 eos.

2493 1929 2994 1989 OratioJllumina
3020 1935 3267 1993 Domine
3283 1938 3520 1995 vultum
3545 1940 3721 1997 tuum
3735 1959 3901 2016 super
3915 1961 4033 2015 nos,

2421 2020 2487 2073 ut
2496 2017 2811 2075 declaratio
2824 2036 3169 2079 sermonum
3185 2028 3429 2083 tuorum
3446 2027 3638 2085 corda
3654 2029 3714 2085 ill
3722 2031 3921 2089 uminet
3935 2049 4030 2090 no-

2424 2108 2547 2162 s‘tra
2565 2124 2582 2177 ;
2616 2110 2672 2161 et
2700 2106 3021 2166 intellectus
3051 2116 3292 2184 pectora
3335 2115 3599 2172 enutriat
3636 2118 4027 2191 parvulorum:

2422 2196 2506 2261 ut,
2551 2195 2697 2251 dum
2735 2197 3018 2256 mandata
3069 2205 3171 2257 tua
3208 2205 3709 2278 concupiscimus,
3756 2208 4033 2281 sapientia:

2423 2285 2480 2338 et
2506 2282 2834 2341 intellectus
2856 2287 3131 2360 spiritum
3169 2291 3346 2348 corde
3386 2294 3695 2365 patefacto
3728 2311 4035 2354 sumamus.

2422 2380 2485 2443 ﬁ.
2527 2375 2737 2431 Amen.

2490 2462 2841 2531 Antiphone.
2883 2466 3175 2523 Benedicti
3215 2469 3399 2525 Patris
3430 2469 3571 2539 mei,
3600 2471 3791 2529 venite
3819 2475 3905 2529 :P.
3928 2475 4041 2530 Per-

2422 2545 3053 2625 cipiteregnum,quod
3068 2561 3478 2628 praeparatum
3502 2562 3591 2615 est
3612 2558 3784 2616 vobis
3809 2558 4041 2631 abinitio

2423 2634 2642 2693 sieculi.
2664 2637 2725 2698 ῒ.
2758 2641 3122 2710 Magniﬁcate
3154 2646 3477 2704 Dominum
3509 2664 3751 2705 mecum
3782 2654 3871 2709 :et
3907 2635 4043 2713 exal-
4075 2694 4079 2700 .

2421 2725 2615 2776 temus
2645 2737 2869 2780 nomen
2886 2726 3015 2795 ejus
3039 2727 3099 2782 in
3128 2744 3337 2785 unum.

2490 2809 2715 2868 Lauda.
2757 2814 2872 2869 Vos
2904 2812 3040 2870 estis
3066 2831 3254 2886 genus
3284 2818 3771 2894 electum,regale
3800 2818 4042 2881 sacerdo-

2420 2895 2592 2962 tium,
2624 2913 2769 2968 gens
2796 2904 3743 2981 sancta,populusacquisitionis.
3775 2909 3835 2971 ἵ.
3874 2908 4046 2967 Venite
4108 2936 4113 2937 ί

2420 2983 2543 3053 ﬁlii,
2573 2987 2770 3045 audite
2798 3006 2921 3047 me:
2949 2991 3222 3051 timorem
3253 2994 3489 3053 Domini
3520 2994 3758 3057 docebo
3786 3015 3907 3056 vos.

3128 3082 3408 3155 Hymnus.

2635 3167 2870 3223 Vocaris
2891 3166 2970 3225 ad
2991 3171 3195 3239 vitam,
3233 3175 3480 3232 Sacrum
3510 3174 3614 3232 Dei
3651 3179 3864 3249 Genus,

2566 3255 2804 3310 Creator
2826 3259 3145 3328 asciscens,
3181 3266 3346 3319 amat
3362 3279 3498 3336 quas
3526 3266 3802 3323 condidit
3828 3286 3840 3323 :

2564 3340 2922 3415 Redemptor
2952 3349 3189 3406 attrahit
3214 3349 3479 3422 benigno
3510 3354 3765 3426 spiritu:

2567 3431 2788 3498 Venite,
2810 3433 2968 3502 dicit,
2998 3442 3193 3493 vester
3222 3452 3378 3497 unus
3402 3458 3537 3497 sum
3562 3445 3747 3500 Deus.

2636 3518 3051 3579 Damnationis
3075 3541 3182 3582 vos
3207 3527 3425 3599 jugum
3452 3532 3678 3602 pressit
3725 3547 3934 3604 grave;

2568 3605 2794 3664 Collum
2824 3609 3067 3668 dedistis
3089 3613 3343 3685 ponderi
3373 3617 3664 3689 nequitiae
3682 3638 3702 3690 ,-

2569 3696 2644 3753 Os
2672 3700 3070 3772 tranquillavit
3094 3709 3316 3774 guttur,
3363 3700 3419 3762 et
3438 3709 3776 3780 pernicies;

2571 3785 2860 3853 Substate,
2882 3790 3167 3865 quicquid
3193 3793 3401 3860 afﬂuit,
3428 3800 3627 3853 totum
3663 3799 3798 3854 ruit.

2638 3874 2884 3933 Prorsus
2922 3880 3121 3937 relicto
3151 3881 3430 3940 claritatis
3454 3885 3679 3943 lumine

2567 3965 2780 4034 Ingens
2806 3966 2989 4024 chaos
3025 3985 3135 4026 vos
3167 3972 3428 4045 pessime
3459 3975 3844 4034 concluserat
3871 3996 3883 4035 :

2569 4053 2757 4109 Locus
2783 4056 3169 4114 Beatitudinis
3195 4058 3324 4131 jam
3352 4077 3476 4118 non
3502 4068 3636 4120 erat
3666 4084 3680 4135 ;

2568 4144 2822 4200 Cruenta
2852 4150 3009 4203 terra
3035 4163 3157 4219 qua
3172 4164 3235 4203 re
3257 4164 3421 4206 mors
3442 4151 3798 4210 intraverat.

2638 4233 2743 4294 En,
2762 4234 2918 4289 mitis
2941 4234 3175 4301 adveni,
3212 4252 3441 4303 creans,
3470 4254 3778 4310 recreans,
3798 4241 3962 4298 Deus.

2569 4314 2797 4387 Potens,
2831 4321 3189 4380 inﬁrmitatis
3212 4326 3510 4399 particeps
3542 4334 3768 4386 vestrae

2568 4406 2838 4464 Valenter
2872 4426 2980 4464 vos
3010 4411 3223 4481 feram,
3253 4414 3586 4472 concurrite
3612 4436 3629 4487 ;

2571 4496 2639 4551 Ut
2660 4496 2790 4567 jam
2818 4503 3077 4571 receptet
3105 4516 3211 4557 vos
3235 4500 3386 4557 ovile
3418 4496 3651 4573 gaudii.

2640 4585 2820 4655 Signo
2843 4588 3033 4643 crucis
3063 4586 3226 4646 frons
3253 4597 3619 4662 praenotetur
3666 4594 3856 4652 indito
3889 4612 3901 4652 :

2568 4672 2772 4741 Aures,
2806 4682 2860 4729 et
2884 4691 2950 4731 os
2972 4676 3214 4748 perfusa
3245 4678 3437 4749 signet
3476 4684 3718 4741 unctio:

2570 4760 2825 4817 Praebete
2854 4764 3025 4819 dictis
3042 4766 3239 4822 cordis
3276 4783 3479 4823 aurem
3514 4786 3526 4824 :
3554 4771 3832 4829 Vividutn

2572 4850 2966 4907 Confessionis
2994 4859 3308 4925 personate
3335 4857 3641 4917 canticum

2643 4939 2860 4994 Omnes
2888 4955 3042 4997 novo
3072 4948 3252 4999 estote
3290 4943 3405 5001 laeti
3430 4947 3681 5003 nomine
3714 4967 3726 5004 :

2350 4551 2395 4607 D

2572 5028 2787 5082 Omnes
2814 5042 2980 5083 novae
3013 5030 3183 5086 sortis
3204 5031 3363 5088 fovet
3385 5032 3717 5092 hereditas:

2568 5114 2773 5170 Nullus
2795 5116 3051 5173 manebit
3082 5136 3286 5175 servus
3305 5120 3495 5177 hostis
3524 5122 3811 5181 subditus
3842 5142 3854 5179 :

2568 5191 2735 5257 Erilis
2768 5200 2939 5258 unius
2980 5205 3080 5261 Dei
3098 5222 3351 5277 regnum
3376 5216 3655 5267 manens.

2641 5280 2838 5345 Honor
2863 5284 2935 5346 sit
2959 5298 3177 5349 aeterno
3210 5296 3345 5363 Deo,
3389 5298 3672 5367 sitgloria
3738 5352 3745 5365 ,

2572 5380 2677 5435 Uni
2710 5378 2885 5448 Patri,
2915 5380 3159 5453 ejusque
3199 5380 3309 5439 soli
3338 5385 3501 5451 Filio,

2570 5468 2714 5521 Cum
2748 5467 2963 5537 Spiritu
2996 5485 3008 5535 ;
3038 5485 3172 5541 qum
3205 5472 3450 5529 Trinitas
3491 5478 3836 5546 perenniter

2572 5556 2711 5609 Vivit
2741 5562 2950 5627 potens
2982 5556 3038 5612 in
3064 5560 3416 5617 saeculorum
3447 5563 3688 5622 saecula.

2638 5650 2845 5699 Amen.
