4194 6442
263 380 385 461 565

1388 389 1736 465 DOMINlCA
1774 390 1843 460 lN
1885 398 2110 459 HAMIS
2150 400 2585 462 PALMARUM.

3581 396 3690 468 5'66

338 528 652 601 Capitula.
682 532 858 596 Deus,
893 533 997 605 qui
1029 531 1106 589 ad
1160 532 1455 604 judicium
1506 550 1643 589 cum
1699 531 1925 589 Sanctis
1957 529 2003 582 A
2034 543 2195 585 nunc
2216 530 2636 601 navigantibus
2660 528 3048 586 nobisintuitu
3065 545 3306 602 superno
3324 534 3680 603 adsiete.Sic-,

252 619 553 676 omnibus
585 620 809 689 venies,
835 625 890 678 et
947 626 1147 678 tamen
1180 638 1339 678 nunc
1370 622 1431 678 in
1463 623 1685 692 gremio
1716 620 1923 677 matris
2032 635 2407 690 quaesumus,
2427 619 2751 676 famulatus
2778 617 2962 675 nostri
2990 623 3132 676 vota
3162 622 3454 695 suscipias
3484 640 3495 682 :
3520 630 3583 682 ut
3604 625 3684 684 ad

254 706 544 763 Ecclesiae
560 707 706 764 facis
722 725 828 781 per
838 708 1010 765 ﬁdem
1030 714 1287 782 populos
1299 710 1569 767 habitare
1591 711 1917 775 unanimes,

2030 707 2215 763 lucem
2244 708 2395 764 lucis
2427 707 2748 764 abundanti
2780 724 2882 763 nos
2912 707 3310 766 misericordia
3335 711 3680 770 sublevando

254 798 506 869 suscipe
527 813 769 870 precem
798 797 1042 854 familire
1073 807 1206 870 tuae,
1236 804 1291 855 et
1311 799 1565 855 benedic
1612 798 1923 855 hcrcditati
2028 796 2342 867 perducas.
2376 807 2440 867 It.
2469 799 2677 851 Amen.

251 890 380 941 tuae
408 886 712 957 :injunge,
742 894 805 941 ut
826 892 883 942 et
910 888 1133 943 renatis
1153 888 1280 959 jam
1312 888 1485 944 nobis
1511 886 1793 943 omnibus
1815 902 1922 959 per

251 990 485 1047 aquam
520 982 576 1031 et
606 975 891 1047 Spiritum
921 978 1203 1032 Sanctum
1235 978 1305 1031 sit
1351 977 1625 1033 remissio
1651 983 1918 1049 peccato-

246 1077 397 1119 rum
421 1078 436 1129 ;
460 1064 517 1119 et
546 1062 645 1119 his
669 1064 803 1136 quis
830 1064 1221 1120 sacramentis
1242 1064 1381 1120 ﬁdei
1404 1064 1705 1121 initiantur
1729 1064 1917 1137 perfe-

247 1158 363 1207 ctae
405 1149 769 1207 credulitalis
806 1150 1187 1225 imprimatur
1224 1154 1578 1226 mysterium
1616 1168 1737 1225 quo
1770 1153 1915 1209 etin

241 1238 431 1295 nobis
453 1240 591 1296 etin
626 1240 739 1296 illis
771 1238 853 1296 ita
890 1255 1044 1296 verte
1078 1240 1220 1296 ﬁdei
1250 1247 1627 1298 sacramenta
1670 1241 1913 1297 fructiﬁ-

243 1330 409 1393 cent,
435 1331 501 1384 ut
517 1331 598 1398 tu,
620 1327 781 1384 solus
800 1333 1301 1386 sacramentorum
1322 1330 1581 1403 ipsorum
1601 1334 1826 1399 auctor,
1849 1328 1909 1385 in

240 1414 431 1473 nobis
463 1432 626 1473 nunc
661 1421 718 1474 et
744 1418 806 1473 in
830 1421 1120 1474 aeternum
1143 1418 1307 1475 solus
1339 1418 1586 1476 exultes.

312 1504 493 1561 Pater
508 1511 730 1563 noster.

313 1594 671 1651 Benedictio.
696 1593 978 1667 Deus,qui
1000 1595 1318 1653 Ecclesiam
1342 1612 1514 1652 suam
1543 1595 1689 1653 ditat
1715 1596 1908 1652 multi-

240 1681 384 1757 plici
415 1683 797 1741 foeconditate
827 1685 1217 1756 credentium,
1253 1691 1307 1742 et
1336 1687 1698 1755 regeneratis
1727 1703 1903 1743 suam

238 1772 519 1846 praebeat
547 1772 821 1843 gratiam,
852 1777 909 1829 et
932 1775 1366 1845 regeneraturis
1393 1776 1699 1842 concedat,
1734 1780 1799 1830 ut
1826 1776 1901 1832 ad

2100 883 2460 954 Antiphona.
2483 886 2671 955 Super
2686 882 2979 956 populum
2998 886 3186 955 tuum,
3211 886 3367 941 Deus
3390 886 3555 944 salus
3576 891 3679 947 tua

2029 975 2085 1028 et
2111 972 2468 1028 benedictio.
2508 972 2780 1029 Psalmus
2810 989 2890 1028 ιιι.

2094 1062 2569 1133 Antiphona.Cor
2586 1061 2881 1117 mundum
2905 1078 3041 1118 crea
3062 1062 3120 1118 in
3138 1078 3251 1118 nos
3273 1062 3427 1119 Deus
3451 1082 3463 1121 :
3484 1070 3539 1120 et
3558 1064 3677 1137 spi‘é

2022 1149 2201 1206 ritum
2232 1150 2762 1206 rectuminnovain
2786 1151 3111 1207 visceribus
3141 1151 3585 1210 meis.Psal‘mus
3615 1158 3668 1212 ι.

2090 1240 2450 1310 Antiphone.
2482 1242 2546 1295 In
2575 1240 2793 1297 umbra
2810 1239 3045 1297 alarum
3070 1243 3310 1298 tuarum
3334 1256 3669 1316 speramus,

2018 1325 2192 1395 Deus,
2251 1326 2442 1383 donec
2513 1331 2775 1385 transeat
2830 1343 2867 1385 a
2925 1328 3103 1386 nobis
3143 1329 3445 1403 iniquitas.
3504 1330 3670 1389 Psal-

2017 1430 2146 1469 mus
2176 1431 2282 1470 LV].

2089 1501 2559 1561 0ratz‘o.Domine
2577 1507 2749 1571 Deus,
2770 1505 2935 1578 apud
2954 1522 3137 1579 quem
3162 1507 3511 1566 conﬁtentes
3539 1527 3666 1568 me-

2015 1591 2213 1649 delam
2241 1594 2448 1649 salutis
2476 1594 2783 1651 inveniunt
2808 1614 2819 1663 ;
2850 1594 2979 1652 dele
3009 1597 3382 1669 piaculorum
3413 1598 3666 1657 vulnera

2013 1682 2294 1737 cordibus
2317 1683 2652 1752 hominum;
2681 1688 2737 1740 et
2766 1685 3017 1741 ostende
3035 1702 3336 1760 supernos
3352 1686 3663 1746 clementiae

2010 1774 2128 1826 tute
2143 1772 2539 1829 clarissimum
2563 1774 3113 1848 vultum;tuumque
3136 1777 3500 1834 clamoribus
3520 1794 3665 1852 sup-

242 1867 474 1918 sanctzn
526 1861 667 1918 ﬁdei
722 1868 1140 1920 consummata
1189 1864 1542 1935 perveniant
1593 1865 1897 1937 mysteria.
1934 1880 1978 1934 Β
2010 1858 2224 1931 plicum
2253 1860 2472 1918 inclina.
2500 1867 2764 1919 sanctum
2793 1864 3047 1920 auditum
3076 1884 3090 1919 :
3123 1864 3351 1921 Ei‘funde
3377 1868 3662 1924 mentibus

244 1963 311 2025 Βι.
341 1954 552 2009 Amen.
582 1952 664 2009 Sit
680 1956 1069 2026 utrorumque
1108 1953 1288 2025 plena
1316 1952 1588 2021 salvatio,
1616 1954 1719 2026 qui
1744 1953 1902 2010 Chri-

241 2041 581 2098 stianorum
602 2047 693 2097 est
718 2057 859 2098 vera
881 2042 1230 2115 redemptio.
1266 2053 1328 2112 ἢ.
1364 2047 1573 2098 Amen.
1610 2046 1678 2098 Ut
1705 2042 1766 2097 in
1798 2042 1898 2099 illo

236 2134 293 2186 et
313 2131 630 2186 credentes
658 2130 930 2187 habeatis
951 2131 1152 2198 vitam,
1182 2135 1394 2187 etcum
1420 2132 1732 2187 creo‘ituris
1752 2146 1898 2201 gau-

233 2219 336 2275 dia
364 2218 733 2291 possideatis
762 2219 1046 2276 caelestia.
1071 2231 1138 2291 Βι.
1171 2226 1379 2276 Amen.

301 2308 546 2365 Lauda.
576 2308 767 2374 Pater,
793 2307 1055 2366 clariﬁca
1076 2326 1172 2365 me
1199 2310 1481 2375 claritate,
1506 2325 1691 2382 quam
1711 2309 1898 2366 habui

230 2398 403 2471 apud
434 2401 490 2453 te
522 2398 875 2472 priusquam
906 2398 1169 2455 mundus
1222 2399 1404 2455 ﬁeret.
1455 2399 1519 2460 γ.
1570 2399 1898 2455 Declaratio

232 2501 578 2543 sermonum
602 2489 831 2543 tuorum
850 2486 1154 2545 illuminat:
1182 2490 1237 2544 et
1258 2487 1615 2544 intellectum
1637 2488 1740 2544 dat
1766 2505 1899 2560 par-

231 2576 412 2632 vulis.

303 2667 545 2723 Oratio.
594 2666 923 2722 Declaratio
953 2681 1277 2722 sermonum
1306 2670 1536 2722 tuorum
1564 2666 1895 2724 illuminans

226 2756 516 2821 Domine,
537 2754 720 2811 corda
736 2762 790 2810 et
810 2754 1192 2823 intellectum,
1216 2760 1461 2827 pectora
1482 2755 1736 2812 enutriat
1759 2772 1896 2827 par-

224 2843 370 2901 vula
396 2864 411 2904 :
450 2843 667 2900 utdum
684 2843 973 2901 mandata
994 2847 1095 2900 tua
1121 2843 1897 2916 conscupiscimus,sapien-

100 2940 115 2946 ”
223 2933 323 2991 tiae
342 2940 404 2991 et.
422 2933 758 2990 intellectus
779 2932 1044 3006 spiritum
1063 2932 1239 2987 corde
1261 2932 1556 3005 patefacto
1578 2949 1891 2989 sumamus.

278 3066 289 3078 .
316 3027 541 3079 Amen.

278 3066 289 3078 .
316 3033 541 3079 Amen.

224 3033 272 3095 ἢ
290 3112 673 3170 Lauda.Hzec
694 3116 781 3168 est
805 3112 1108 3183 generatio
1128 3110 1528 3185 quaerentium
1545 3111 1887 3177 Dominum,

2010 1950 2223 2004 nostris
2237 1955 2349 2005 tuae
2362 1951 2565 2020 gratiae
2583 1951 2813 2007 donum
2839 1956 2922 2019 ;et
2938 1954 3198 2009 concede
3221 1954 3661 2025 postulantibus

2005 2038 2339 2094 remedium
2370 2040 2689 2112 quaesitum
2714 2058 2728 2107 ;
2757 2056 2825 2096 ac
2839 2041 2942 2113 qui
2955 2040 3033 2097 ad
3059 2041 3529 2113 impendendum
3558 2044 3659 2100 de-

2004 2124 2195 2181 bitum
2224 2131 2441 2183 nostrae
2470 2129 2768 2184 servitutis
2793 2129 3244 2201 consurgimus;
3280 2130 3515 2187 effunde
3560 2132 3665 2189 be-

2006 2214 2358 2271 nedictionis
2384 2220 2439 2272 et
2471 2216 2678 2273 salutis
2699 2216 3135 2274 abundantiam
3165 2234 3344 2291 super
3363 2219 3659 2292 populum

2005 2307 2179 2360 tuum
2211 2322 2223 2360 :
2266 2320 2336 2361 ac
2360 2305 2492 2361 dele
2539 2306 2875 2362 misericors
2929 2306 3121 2362 scelus
3158 2310 3532 2365 contractum
3558 2325 3573 2379 ;
3604 2312 3662 2367 et

2006 2393 2099 2449 fac
2136 2409 2259 2449 non
2302 2410 2432 2450 esse
2460 2394 2680 2451 liberos
2709 2412 2746 2451 a
2768 2398 2936 2451 reatu
2970 2394 3337 2453 facinorum:
3368 2395 3513 2454 audi
3556 2414 3661 2469 ge-

2008 2482 2186 2538 mitus
2211 2483 2625 2555 poenitentium
2647 2504 2662 2553 ;
2688 2484 2904 2554 largire
2934 2484 3319 2555 indulgentim
3366 2484 3658 2555 fructum;

2007 2575 2064 2627 et
2093 2570 2457 2628 clamoribus
2474 2571 2842 2644 pulsantium
2881 2571 3148 2630 ﬁdelium
3166 2575 3426 2631 concede
3458 2574 3661 2647 singu-

2005 2658 2077 2716 lis
2107 2660 2459 2731 suffragium
2491 2660 2881 2732 postulatum.
2915 2672 2981 2732 13,.
3019 2663 3232 2718 Amen.

2076 2750 2421 2819 Antiphona
2456 2754 2506 2807 l.
2536 2749 3015 2806 Annunciabitur
3067 2752 3321 2808 Domino
3352 2752 3655 2823 generatio

2004 2842 2276 2892 ventura.
2307 2837 2444 2893 P.Et
2473 2837 2934 2893 annunciabunt
2948 2838 3243 2908 justitiam
3256 2839 3387 2911 ejus
3402 2839 3650 2912 populo,

2004 2925 2108 2997 qui
2130 2929 2599 2998 nascetur,quem
2622 2924 2759 2982 fecit
2773 2926 3071 2981 Dominus.
3094 2926 3431 2988 WZNarrabo
3448 2944 3658 2985 nomen

2002 3019 2176 3070 tuum
2220 3014 2500 3071 fratribus
2547 3014 2736 3072 meis:
2793 3014 2855 3070 in
2884 3013 3076 3073 medio
3124 3010 3399 3072 Ecclesiae
3439 3015 3654 3077 lauda-

2000 3102 2081 3160 bo
2106 3107 2184 3160 te.

219 3199 666 3275 requirentium
688 3176 903 3257 faciem
922 3200 1023 3257 Dei
1043 3176 1247 3258 Jacob.
1265 3199 1325 3261 ἲν.
1350 3199 1693 3256 Dominiest
1713 3176 1887 3267 terra,
1929 3234 1969 3289 ρ
2040 3191 2297 3289 ’ἰοναιία
2332 3194 2493 3289 Ecce,
2516 3192 3136 3289 Domina-venturam,
3165 3206 3352 3289 quam
3382 3195 3658 3289 praedixit

218 3294 275 3346 et
303 3289 622 3364 plenitudo
652 3289 781 3362 ejus
810 3307 823 3346 :
854 3289 1015 3347 orbis
1046 3294 1359 3358 terrarum,
1393 3294 1449 3346 et
1475 3288 1755 3358 universi,
1785 3292 1890 3362 qui

217 3378 505 3435 habitant
532 3379 591 3434 in
623 3394 715 3435 eo.

297 3469 532 3524 Oratio.
554 3467 802 3523 fEdiﬁca
823 3468 1073 3525 Domine
1102 3484 1280 3540 super
1307 3483 1532 3541 aquam
1553 3467 1889 3524 refectionis

220 3552 473 3628 plebem
503 3560 687 3628 quam
718 3556 989 3613 formasti
1012 3572 1118 3629 per
1148 3572 1373 3631 aquam
1396 3556 1800 3629 baptismatis:
1828 3560 1887 3612 ut

222 3643 529 3715 legalibus
552 3643 844 3702 inebriata
873 3645 1180 3710 doctrinis,
1204 3645 1317 3701 illic
1344 3652 1615 3702 nostrum
1636 3645 1890 3718 inrapiat

224 3733 725 3800 desiderium,ubi
742 3737 798 3790 te
818 3734 963 3791 dare
988 3739 1263 3790 aeternum
1288 3734 1570 3806 promittis
1588 3733 1889 3807 praemium

224 3822 577 3878 Beatorum.
612 3833 674 3892 13;.
716 3827 927 3878 Amen.

302 3927 549 3982 Lauda.
584 3927 944 3999 lnquirentes
1000 3927 1319 3984 Dominum
1352 3944 1473 3983 non
1504 3928 1780 3985 deﬁcient
1811 3929 1889 3985 ad

227 4013 811 4072 omnibono.Venite
837 4015 940 4071 ﬁlii
962 4015 1160 4071 audite
1178 4031 1274 4071 me
1307 4032 1320 4069 :
1354 4015 1625 4071 timorem
1658 4017 1891 4072 Domini

225 4101 469 4159 docebo
498 4119 626 4159 vos.
663 4103 725 4166 ῐίτ.
763 4104 1133 4174 Magniﬁcate
1167 4103 1484 4159 Dominum
1515 4119 1754 4160 mecum
1789 4121 1801 4159 :
1835 4108 1890 4161 et

225 4191 571 4249 exaltemus
604 4208 820 4249 nomen
855 4192 983 4264 ejus
1011 4193 1072 4249 in
1102 4208 1311 4249 unum.

303 4299 536 4355 Oratio.
557 4298 924 4371 lnquirentes
947 4302 1000 4355 te
1021 4298 1291 4369 Domine,
1311 4297 1627 4367 dignanter
1647 4298 1886 4367 exaudi,

226 4392 415 4460 atque
433 4392 495 4444 ut
511 4390 569 4444 in
589 4392 641 4445 te
661 4389 1154 4459 laudeturanima
1174 4392 1382 4445 nostra
1400 4389 1512 4461 33
1525 4389 1576 4461 5
1595 4388 1887 4461 propitius

226 4476 536 4533 indulator
562 4478 800 4550 imperti
834 4495 849 4532 :
875 4482 930 4534 et
956 4478 1098 4550 quia
1118 4478 1291 4549 juxta
1311 4494 1373 4533 es
1393 4478 1463 4533 iis
1482 4477 1587 4550 qui
1606 4477 1887 4534 tribulato

230 4570 373 4621 sunt
401 4566 592 4634 corde,
619 4582 819 4623 aurem
850 4571 1004 4623 tuam
1032 4566 1110 4623 ad
1141 4567 1537 4622 contritionem
1568 4565 1747 4621 nostri
1775 4567 1888 4637 spi—
1918 4572 1963 4637 Ι]

228 4653 382 4710 ritus
413 4655 612 4727 pande
632 4674 651 4728 ς
678 4661 735 4711 et
758 4656 837 4712 ad
866 4671 1101 4728 pacem,
1133 4671 1269 4728 quae
1295 4660 1611 4727 exsuperat
1640 4670 1885 4711 omnem

233 4758 498 4811 sensum,
521 4760 766 4817 corpora
789 4750 989 4802 nostra
1004 4749 1061 4801 et
1081 4744 1260 4801 corda
1285 4749 1575 4800 converte.
1600 4755 1664 4815 It.
1688 4748 1883 4813 Amen,

451 4852 785 4909 DOMINICA
811 4854 878 4907 ΙΝ
900 4851 1122 4907 RAMIS
1153 4853 1557 4907 PALMARUM.

803 4950 890 5004 Ad
961 4948 1350 5005 Matutinum.

304 5057 605 5128 Hymnus.
632 5057 863 5111 lEterne
885 5071 1106 5111 rerum.
1133 5056 1246 5126 fol.
1280 5060 1332 5111 3.

305 5146 534 5203 Oratio.
558 5144 797 5201 Domine
816 5147 968 5200 Deus
985 5145 1162 5202 Pater
1177 5144 1559 5218 omnipotens,
1579 5146 1889 5219 inspirator

233 5238 663 5306 precum,teque
676 5233 1069 5289 invocantium
1084 5232 1249 5289 velox
1266 5234 1647 5299 auditor,voci
1662 5238 1883 5301 nostrae,

235 5322 833 5390 oramus,clementite
854 5328 966 5379 tuae
985 5338 1191 5378 aurem
1214 5327 1530 5395 appone;et
1546 5329 1887 5381 nostrorum

234 5411 471 5468 vincula
501 5411 923 5484 peccaminum
945 5410 1171 5483 potenti
1195 5411 1575 5468 miseratione
1594 5411 1884 5468 dissolve:

240 5502 483 5565 ac,sicut
501 5518 613 5557 nos
633 5501 913 5572 gallorum
930 5500 1245 5557 canoribus
1265 5501 1340 5557 ad
1358 5502 1622 5558 matutini
1644 5502 1888 5571 gratiam

238 5603 533 5660 provocas
586 5605 969 5660 consurgere,
1021 5596 1074 5644 et
1130 5589 1463 5662 prophetali
1516 5589 1797 5646 vaticinio
1828 5589 1890 5645 in

242 5674 433 5736 lucem
451 5674 716 5750 gentium
734 5672 923 5736 unicae
940 5674 1369 5751 redemptionis
1384 5674 1763 5751 praenhnclas
1782 5676 1890 5748 ;ita

2001 3274 2143 3338 olim
2165 3282 2611 3352 generationem
2624 3281 2947 3355 Propheta;
2964 3298 3099 3354 quae
3124 3281 3329 3356 utique
3345 3300 3448 3356 per
3469 3284 3654 3342 ﬁdem

2000 3374 2275 3439 cucurrit,
2303 3375 2367 3427 ut
2387 3370 2465 3427 ad
2486 3373 2539 3426 te
2570 3372 2793 3427 veniat:
2823 3371 3066 3443 Suscipe
3087 3388 3228 3443 ergo
3259 3389 3424 3429 eam:
3449 3377 3513 3431 ut
3529 3389 3657 3447 per-

1999 3459 2252 3516 fectione
2286 3459 2562 3515 salutaris
2591 3459 2815 3516 lavacri
2856 3460 3056 3527 tincta,
3113 3464 3347 3518 aeternae
3383 3463 3656 3519 Hierusa-

1999 3547 2119 3603 lem
2152 3547 2467 3604 nobiscum
2496 3547 2801 3619 possideat
2832 3549 3055 3617 gaudia
3080 3547 3417 3621 inﬁnita“.
3440 3555 3651 3608 Amen.

2067 3637 2413 3707 Antiphona
2434 3642 2485 3691 2.
2520 3635 3009 3704 Reminiscentur,
3043 3642 3099 3693 et
3124 3644 3543 3696 convertentur
3568 3638 3647 3695 ad

1997 3726 2322 3782 Dominum
2352 3726 2615 3781 universi
2660 3726 2808 3781 ﬁnes
2838 3732 3007 3783 terra;
3041 3743 3055 3791 ;
3106 3732 3162 3783 et
3214 3726 3555 3785 adorabunt
3590 3728 3653 3784 in

1998 3819 2321 3887 conspectu
2361 3814 2489 3886 ejus
2533 3830 2743 3870 omnes
2791 3816 2999 3887 patriae
3030 3817 3317 3886 gentium.
3349 3816 3418 3879 ὴ.
3468 3818 3655 3875 Edent

1997 3910 2374 3977 pauperes,et
2395 3902 2822 3960 saturabuntur
2842 3906 2931 3973 ;et
2949 3900 3287 3961 laudabunt
3306 3906 3650 3977 Dominum,

1999 3990 2101 4062 qui
2130 3992 2438 4063 requirunt
2464 4007 2601 4047 eum
2628 4007 2640 4048 :
2667 3991 2813 4047 vivit
2850 4007 2953 4047 cor
3005 4007 3213 4048 eorum
3250 3994 3312 4049 in
3361 3996 3651 4051 sreculum

2000 4079 2226 4135 seaculi.
3181 4090 3187 4097 ‘

2073 4166 2295 4223 Oratz‘o.
2332 4167 2572 4235 Christe,
2596 4167 2700 4240 qui
2730 4171 2971 4240 propter
2986 4167 3461 4227 incredulitatem
3478 4169 3653 4228 relin-

1997 4271 2189 4329 quens
2203 4254 2495 4327 populum
2520 4257 2875 4328 Synagogee,
2891 4256 3272 4313 innumeram
3292 4252 3394 4315 tibi
3411 4258 3650 4331 plebem

1998 4343 2265 4400 Ecclesia:
2281 4358 2349 4399 ex
2363 4344 2644 4401 omnibus
2657 4342 2935 4415 gentibus
2949 4344 3247 4418 ampliasti
3263 4362 3275 4401 :
3291 4347 3473 4419 imple
3486 4349 3651 4421 quod

1995 4434 2329 4507 prophetali
2352 4433 2629 4491 vaticinio
2643 4433 2962 4507 praedixisti
2983 4453 2996 4503 ;
3015 4439 3078 4491 ut
3101 4432 3650 4505 reminiacantur,et

1995 4525 2414 4581 convertantur
2442 4524 2521 4580 ad
2552 4527 2606 4580 te
2628 4526 2816 4579 Deum
2833 4524 3091 4580 universi
3118 4524 3271 4582 ﬁnes
3294 4529 3483 4593 terrae,
3509 4526 3652 4585 ado-

1994 4618 2244 4685 rentque
2268 4618 2321 4669 te
2348 4628 2560 4669 omnes
2588 4612 2795 4684 patriae
2823 4613 3395 4687 gentium,quisolus
3409 4616 3652 4674 salvasti

1995 4704 2197 4775 utique
2237 4702 2568 4759 mundum:
2598 4702 2827 4759 Suscita
2853 4719 2994 4775 ergo
3026 4703 3131 4760 tibi
3159 4703 3314 4761 ﬁlios
3338 4694 3652 4762 credulita-

1994 4791 2090 4855 tis,
2124 4808 2195 4847 ex
2250 4790 2706 4847 Circumcisione
2754 4794 2807 4847 et
2860 4792 3154 4863 Praaputio
3202 4791 3548 4853 venientes:
3588 4778 3654 4851 ut

1997 4885 2052 4936 et
2081 4884 2229 4952 quot
2253 4880 2518 4949 veniunt,
2564 4880 2967 4952 pervehantur
2996 4879 3073 4936 ad
3098 4878 3238 4936 ﬁdei
3266 4892 3555 4952 regnum;
3598 4882 3655 4939 et

1996 4973 2144 5041 quot
2172 4969 2461 5023 venerunt
2480 4966 2574 5023 vel
2601 4967 2889 5032 venerint,
2926 4967 3104 5023 nullis
3135 4967 3485 5028 meritorum
3529 4986 3654 5028 sor-

1997 5055 2232 5112 dibusa
2257 5053 2691 5111 tuahereditate
2732 5055 3055 5127 priventur.
3082 5069 3143 5127 Bg.
3187 5058 3396 5115 Amen.

2066 5144 2405 5216 Antiphona
2422 5148 2694 5201 3.lntrate
2710 5148 2916 5217 portas
2930 5145 3165 5202 Domini
3180 5145 3241 5202 in
3259 5147 3652 5214 confessione,

1996 5235 2060 5291 P.
2090 5234 2251 5290 Atria
2285 5234 2413 5305 ejus
2432 5233 2493 5289 in
2522 5233 2765 5305 hymnis
2787 5234 3255 5293 confessionum.
3286 5236 3352 5299 ἰν.
3378 5236 3574 5294 Jubila
3595 5241 3652 5293 te

1998 5322 2462 5379 Dominoomnis
2487 5327 2661 5391 terra,
2686 5323 2992 5396 psalmum
3021 5324 3196 5382 dicite
3224 5326 3457 5382 nomini
3486 5325 3643 5396 ejus.

2071 5413 2292 5468 Oratio.
2328 5413 2658 5468 Servientes
2682 5413 2806 5480 tibi,
2836 5414 3105 5481 Domine,
3134 5415 3195 5470 in
3226 5414 3456 5481 timore,
3476 5414 3654 5469 intre-

2000 5516 2134 5557 mus
2151 5500 2571 5572 portastuasin
2590 5501 2981 5573 confessione,
3014 5508 3070 5558 et
3102 5502 3251 5559 atria
3270 5508 3371 5558 tua
3392 5503 3450 5556 in
3478 5500 3653 5571 hym-

1997 5587 2090 5646 nis
2104 5590 2540 5648 confessionum
2564 5609 2577 5647 :
2597 5590 2908 5661 laudemus
2931 5607 3144 5648 nomen
3161 5596 3319 5645 tuum
3338 5580 3655 5667 ;quoniani

2000 5672 2203 5736 suavis
2235 5674 2329 5737 es:
2353 5682 2526 5753 atque
2547 5683 2612 5736 ut
2633 5694 2701 5736 os
2723 5674 2997 5737 nostrum
3008 5670 3361 5736 dilateturih
3387 5666 3502 5734 tua
3522 5666 3654 5732 tau;
