4194 6452
518 380 621 437 567

1773 377 2224 436 BREVIARIUM
2261 378 2649 438 GOTHICUM.

3848 370 3952 426 568

522 502 718 567 dibus,
750 506 1137 559 cornostrum
1172 503 1448 573 instiges;
1479 505 1536 558 et
1560 502 1621 557 in
1665 501 1952 558 saeculum
2009 515 2172 574 prae-
2198 506 2245 560 Α
2276 503 2541 576 reliquus
2566 504 2652 558 est
2674 500 2982 573 parvulus,
3005 502 3061 555 et
3088 497 3278 571 pascit
3300 499 3541 555 oves.Et
3568 496 3661 553 ait
3695 493 3944 554 Samuel

520 589 690 645 cellet
716 589 930 645 veritas
966 588 1220 647 infinita.
1250 601 1313 659 Bg.
1348 590 1553 645 Amen.

593 688 656 747 ne.
691 675 882 731 Boves
926 694 1068 732 mene
1098 686 1149 732 et
1182 693 1318 732 oves
1350 677 1546 745 gregis
1579 676 1693 733 mei
1721 691 1826 733 vos
1859 678 1995 732 estis
2023 695 2037 745 ;

599 768 654 819 P.
698 764 765 819 Et
794 781 904 831 ego
931 767 1214 820 Dominus
1244 772 1450 833 vester,
1484 764 1628 819 dicit
1657 766 1960 828 Dominus,

597 852 660 913 ἲν.
692 853 860 909 Dabo
888 853 1082 924 legem
1120 870 1308 910 meam
1337 853 1398 908 in
1418 852 1742 909 visceribus
1768 854 1995 919 vestris,
2030 857 2087 908 et
2108 852 2169 908 in

530 940 814 996 cordibus
833 941 1042 996 vestris
1080 939 1417 998 adscribam
1455 955 1602 1007 eam,
1654 944 1709 997 et
1738 941 1897 997 eritis
1947 940 2170 997 mihiin

530 1027 854 1101 populum;
894 1031 956 1086 P.
987 1031 1055 1087 Et
1072 1044 1204 1100 ego.

606 1116 818 1171 Oratio.
865 1115 1108 1183 Christe,
1139 1115 1314 1172 Filius
1347 1115 1447 1172 Dei
1488 1115 1697 1185 Patris,
1750 1116 1856 1188 qui
1897 1115 1977 1172 ad
2006 1130 2167 1182 oves,

534 1217 669 1275 qum
692 1203 992 1274 perierant
1020 1204 1239 1261 domus
1278 1203 1477 1273 Israel,
1508 1208 1563 1259 te
1584 1204 1835 1260 missum
1850 1218 1982 1260 esse
1996 1206 2170 1260 testa-

532 1289 613 1346 ris
637 1305 651 1355 ;
675 1294 738 1345 ut
774 1305 951 1346 verus
977 1296 1180 1365 pastor
1210 1307 1391 1365 super
1419 1307 1562 1347 oves
1607 1295 1741 1348 tuas
1788 1290 2055 1362 invigila,
2116 1294 2173 1348 et

536 1376 939 1445 gubernacula
993 1380 1051 1433 in
1078 1380 1161 1434 eis
1191 1380 1492 1452 praetende
1532 1380 1837 1451 pastoria:
1881 1395 2003 1452 quo
2057 1383 2170 1435 tum

535 1465 815 1519 custodiae
841 1467 1176 1522 defensiOne
1208 1468 1817 1536 vallata,etcredentes
1830 1467 2171 1523 etcredituri

534 1567 802 1609 morsum
833 1555 1092 1611 evadant
1116 1556 1469 1612 insatiabilis
1494 1556 1737 1612 inimici.
1769 1566 1832 1621 Br.
1856 1560 2061 1611 Amen.

604 1640 696 1695 Ad
725 1640 1049 1699 Canticum.
1079 1644 1446 1713 Antiphone.
1490 1644 1738 1700 Attende
1764 1643 1999 1713 caelum,
2023 1644 2173 1700 etlo-

535 1743 706 1799 quar,
729 1733 785 1784 et
811 1730 988 1801 336
1012 1730 1214 1787 audiat
1247 1736 1398 1788 terra
1435 1732 1619 1788 verba
1649 1748 1721 1788 ex
1750 1747 1850 1787 ore
1882 1747 2049 1788 meo:
2080 1748 2175 1788 ex—

2278 592 2356 649 ad
2376 590 2510 646 lsai:
2535 590 2706 654 Mitte,
2737 591 2793 644 et
2832 586 3031 642 adduc
3056 601 3215 642 eum:
3250 600 3358 641 nec
3390 584 3552 640 enim
3578 583 3941 641 discumbe-

2278 696 2411 735 mus
2438 678 2789 749 priusquam
2826 675 2944 729 huc
2970 674 3062 729 ille
3092 674 3311 729 veniat.
3342 672 3494 729 Misit
3521 687 3700 742 ergo,
3742 677 3802 727 et
3841 672 3945 727 ad-

2279 767 2443 821 duxit
2468 781 2626 820 eum.
2662 768 2795 818 Erat
2832 768 3032 819 autem
3063 762 3247 831 rufus,
3297 767 3353 817 et
3383 760 3639 833 pulcher
3665 767 3938 832 aspectu,

2280 854 2615 924 decoraque
2644 850 2792 906 facie
2822 866 2834 906 :
2868 854 2924 905 et
2944 851 3024 906 ait
3056 850 3346 906 Dominus
3379 865 3393 904 :
3447 850 3665 918 Surge,
3696 853 3755 903 et
3788 863 3940 918 unge

2280 940 2578 1011 eum,ipse
2594 943 2682 996 est
2701 938 2880 995 enim.
2904 936 3053 994 Tulit
3076 953 3217 1009 ergo
3247 935 3489 994 Samuel
3503 952 3704 992 cornu
3721 935 3859 1004 olei,
3890 943 3942 995 et

2281 1027 2451 1084 unxit
2493 1042 2628 1083 eum
2670 1026 2732 1082 in
2757 1026 2957 1082 medio
2982 1025 3236 1082 fratrum
3267 1025 3396 1097 ejus
3430 1043 3444 1081 :
3475 1030 3535 1082 et
3562 1025 3841 1082 directus
3861 1032 3945 1084 est

2282 1115 2531 1189 Spiritus
2570 1113 2806 1171 Domini
2829 1114 2979 1171 adie
3008 1113 3112 1171 illa
3137 1114 3201 1170 in
3231 1113 3442 1171 David.
3475 1124 3544 1185 Β).
3577 1114 3801 1172 Amen.

2350 1203 2635 1272 Hymnus.
2660 1202 2899 1259 Vocaris
2927 1201 3006 1258 ad
3039 1201 3244 1258 vitam.
3269 1201 3380 1272 fol.
3414 1202 3545 1258 334.

2355 1290 2729 1360 Capitula.Ne
2759 1288 3129 1346 obliviscaris
3158 1289 3411 1346 Domine
3428 1304 3647 1346 vocem
3671 1306 3936 1364 queren-

2280 1380 2428 1434 tium
2452 1383 2585 1446 te;et
2611 1370 2950 1450 superbiam
2980 1378 3319 1451 eorum,qui
3352 1381 3406 1434 te
3427 1378 3709 1444 oderunt,
3738 1395 3929 1436 ascen-

2281 1467 2517 1522 dentem
2552 1467 2611 1520 in
2647 1468 3087 1537 sempiternum:
3123 1469 3185 1522 ut
3209 1466 3289 1535 hi,
3320 1466 3426 1539 qui
3457 1481 3567 1538 per
3596 1467 3932 1526 adnotatio-

2282 1571 2419 1611 nem
2450 1554 2699 1610 ofﬁciiin
2727 1554 2950 1623 gremio
2967 1553 3236 1610 Ecclesiae
3256 1554 3464 1610 matris
3491 1557 3756 1629 suscepti
3776 1562 3923 1623 sunt;

2284 1643 2363 1698 ad
2393 1642 2542 1699 sacri
2568 1642 2940 1715 Baptismatis
2967 1641 3222 1711 gratiam
3253 1642 3544 1699 accedere
3570 1648 3925 1701 mereantur:

2285 1747 2406 1803 quo
2432 1735 2487 1786 et
2502 1730 2581 1786 illi
2598 1730 2733 1786 talia
2749 1735 3020 1801 optantes
3040 1735 3388 1803 perceptum
3410 1730 3571 1787 inter
3588 1747 3701 1788 nos
3714 1731 3927 1789 lavacri

537 1820 828 1889 spectetur
845 1819 996 1873 sicut
1012 1818 1212 1890 pluvia
1241 1820 1541 1893 eloquium
1566 1819 1941 1886 meum.Quia
1954 1836 2174 1877 nomen
2209 1841 2255 1897 Β
2286 1834 2407 1875 non
2431 1819 2757 1888 denegatur
2784 1818 3173 1890 mysterium;
3199 1824 3255 1875 et
3274 1819 3391 1891 ipsi
3409 1818 3736 1877 nobiscum
3755 1821 3928 1893 possi-

539 1903 771 1959 Domini
791 1904 1078 1961 invocavi.

612 1990 943 2049 Canticum.
971 1994 1217 2050 Attende
1239 1994 1475 2051 ccelum.
1499 1996 1610 2067 fol.
1650 2000 1702 2052 4.

607 2079 1083 2137 Matutinarum.
1108 2083 1468 2139 Hierusalem
1499 2085 1633 2140 vitae
1663 2083 2008 2151 claritatem,
2042 2099 2176 2157 qua;

539 2169 708 2225 tibia
749 2169 867 2225 Deo
908 2173 1314 2241 superveniet:
1366 2189 1499 2229 ecce
1542 2172 1645 2228 ﬁlii
1689 2175 1771 2228 tui
1822 2173 2047 2229 collecti
2099 2173 2176 2229 ab

536 2257 757 2315 oriente
795 2264 847 2312 et
878 2259 1180 2314 occidente
1208 2262 1533 2329 gaudentes
1555 2261 1615 2316 in
1636 2277 1818 2331 regno
1838 2260 2176 2321 Dei.V.Lau-

535 2347 613 2400 da
641 2346 997 2403 Hierusalem
1036 2350 1384 2404 Dominum:
1427 2350 1725 2406 conlauda
1776 2353 1958 2405 Deum
2011 2353 2175 2405 tuum

539 2433 675 2491 Sion
688 2477 702 2489 .

603 2523 837 2578 Lauda.
871 2523 1138 2580 Seniores
1175 2540 1311 2580 cum
1335 2524 1674 2597 junioribus
1704 2524 1943 2581 laudate
1971 2526 2176 2581 Domi-

533 2625 711 2676 num;
736 2612 793 2665 P.
824 2612 887 2667 Et
916 2611 1165 2668 exaltate
1189 2628 1411 2669 nomen
1434 2614 1562 2685 ejus
1597 2613 1809 2670 solius.
1838 2612 1899 2676 1V.
1926 2613 2174 2670 Conﬁte.

532 2696 684 2753 mini
726 2699 973 2755 Domino
1001 2700 1062 2755 in
1084 2699 1231 2756 caelo
1262 2700 1392 2757 etin
1416 2706 1606 2771 terra;
1639 2704 1698 2759 P.
1720 2703 1786 2757 Et
1807 2700 2079 2760 exaltate.
2103 2702 2164 2764 ν.

531 2786 833 2858 Hymnum
863 2786 1035 2844 dicite
1065 2789 1186 2844 Deo
1219 2804 1429 2845 omnes
1460 2792 1613 2847 servi
1642 2791 1806 2862 ejus;
1834 2791 1904 2846 P.
1927 2789 1992 2846 Et
2020 2789 2174 2846 exal-

528 2878 666 2932 tate.

647 2963 842 3019 Lectio
873 2963 1017 3019 libri
1031 2963 1319 3023 Samuelis
1358 2966 1417 3037 ([
1440 2967 1706 3037 Regnum
1737 2982 1865 3037 cap.
1899 2966 2035 3038 xvi).

601 3060 663 3119 ﬁ.
692 3049 813 3106 Deo
838 3051 1076 3120 gratias.

2286 1907 2465 1963 deant
2502 1906 2790 1977 gaudium
2821 1906 3147 1964 infinitum.

2352 1996 2585 2052 Lauda.
2622 1993 2810 2061 Pater,
2843 1993 3101 2051 clarifica
3126 2010 3242 2050 me.
3263 1994 3376 2064 fol.
3412 1998 3541 2051 334.

2813 2082 3020 2138 Exeun
3029 2088 3079 2137 te
3116 2083 3386 2154 Vespera.

2358 2171 2578 2226 Lauda.
2610 2175 2669 2225 In
2697 2169 2967 2225 noctibus
2992 2169 3266 2226 extollite.
3298 2171 3414 2240 fol.
3454 2172 3572 2230 140.

2355 2260 2887 2329 AntiphonaPater
2909 2265 3130 2327 sancte,
3161 2275 3317 2331 quos
3350 2258 3567 2315 dedisti
3595 2259 3755 2325 mihi,
3785 2259 3916 2316 volo

2288 2353 2371 2414 ut,
2405 2347 2507 2402 ubi
2545 2363 2656 2416 ego
2686 2363 2842 2414 sum,
2875 2351 2930 2401 et
2976 2346 3087 2417 ipsi
3114 2348 3227 2402 sint
3260 2362 3523 2403 mecum.
3579 2347 3641 2408 ἡ.
3674 2346 3921 2404 Narrabo

2285 2450 2505 2493 nomen
2529 2440 2694 2490 tuum
2726 2433 3005 2490 fratribus
3031 2434 3195 2490 meis:
3216 2435 3275 2490 in
3299 2434 3504 2491 medio
3528 2434 3792 2491 Ecclesim
3807 2434 3920 2492 lau-

2284 2523 2445 2579 dabo
2474 2528 2547 2578 te.

2353 2612 2586 2668 Lauda.
2614 2612 2734 2679 Ego
2761 2610 2898 2665 dedi
2917 2611 2999 2665 eis
3022 2626 3362 2668 sermonem
3390 2617 3650 2685 tuum,et
3678 2610 3923 2669 mundus

2287 2716 2389 2757 eos
2418 2699 2556 2755 odio
2580 2698 3125 2755 habuitzsauctifica
3147 2699 3371 2771 illos,ut
3391 2701 3509 2758 sint
3537 2705 3594 2758 et
3619 2701 3735 2773 ipsi
3752 2699 3925 2756 sancti

2284 2789 2344 2844 in
2356 2788 2612 2844 veritate.
2639 2786 2700 2847 il.
2728 2786 3059 2843 Declaratio
3081 2804 3431 2846 sermonum
3455 2794 3701 2847 tuorum
3726 2787 3921 2847 illumi-

2283 2880 2387 2933 nat
2417 2893 2431 2932 :
2464 2881 2520 2931 et
2546 2874 2905 2931 intellectum
2943 2875 3048 2931 dat
3076 2876 3362 2948 parvulis.

2354 2965 2649 3034 Hymnus.
2682 2962 2989 3019 Vocaveris
3020 2962 3100 3019 ad
3128 2964 3331 3021 vitam.
3356 2967 3462 3037 fol.
3486 2965 3622 3023 334.

2356 3051 2652 3121 Capitula.
2682 3051 2817 3106 Haec
2846 3056 2950 3119 est,
2988 3050 3506 3117 Domine,novella
3533 3052 3920 3123 generationis

604 3137 669 3192 In
704 3136 815 3192 illis
861 3137 1099 3226 diebus:
1133 3138 1285 3196 Dixit
1326 3139 1604 3196 Dominus
1658 3138 1736 3195 ad
1786 3137 2122 3195 Samuelem
2153 3152 2171 3197 :
2205 3169 2247 3226 ο
2285 3137 2502 3226 inclyta
2526 3136 2905 3226 ﬁdes,quaetc
2919 3138 3194 3226 exquirit,
3229 3142 3292 3196 ut
3314 3139 3533 3209 videat;
3560 3156 3700 3214 quae
3719 3142 3775 3198 te
3813 3155 3934 3196 con-

535 3226 856 3296 Usquequo
894 3229 957 3282 tu
982 3225 1149 3297 luges
1183 3226 1343 3295 Saul,
1374 3244 1509 3282 cum
1534 3243 1645 3297 ego
1674 3226 2020 3297 projecerim
2035 3240 2175 3283 eum

535 3326 610 3366 ne
639 3315 843 3381 regnet
879 3329 1060 3386 super
1087 3313 1316 3370 Israel?
1342 3314 1516 3385 Imple
1552 3329 1738 3369 cornu
1759 3318 1928 3369 tuum
1960 3313 2178 3380 oleo,et

533 3400 689 3465 veni,
714 3403 777 3455 ut
804 3399 1025 3456 mittam
1052 3406 1103 3457 te
1139 3401 1217 3456 ad
1248 3398 1361 3456 lsai
1392 3399 1911 3457 Bethlehemitem:
1946 3400 2177 3471 providi

535 3486 685 3543 enim
707 3487 770 3543 in
793 3485 929 3542 ﬁliis
953 3489 1079 3558 ejus
1104 3488 1248 3544 mihi
1277 3502 1499 3556 regem.
1525 3490 1591 3543 Et
1617 3488 1697 3543 ait
1718 3487 1991 3545 Samuel:
2048 3489 2174 3553 Quo

535 3573 795 3631 vadam?
816 3573 1018 3630 audiet
1040 3575 1201 3630 enim
1227 3574 1386 3643 Saul,
1420 3580 1477 3632 et
1500 3575 1812 3632 interficiat
1850 3592 1964 3632 me.
2008 3579 2073 3633 Et
2099 3576 2180 3633 ait

540 3662 855 3721 Dominus:
897 3661 1155 3719 Vitulum
1184 3663 1258 3720 de
1293 3670 1561 3720 armento
1588 3664 1830 3721 tollesin
1852 3670 2176 3732 manutua,

539 3755 598 3808 et
620 3749 778 3805 dices
804 3766 817 3817 ;
844 3749 933 3806 Ad
965 3749 1401 3808 immolandum
1422 3753 1673 3810 Domino
1698 3752 1923 3809 veni.Et
1938 3752 2180 3810 vocabis

540 3837 652 3894 lsai
673 3835 752 3894 ad
779 3836 1102 3910 victimam,
1136 3844 1194 3895 et
1211 3854 1321 3910 ego
1336 3840 1648 3898 ostendam
1670 3840 1774 3897 tibi
1802 3841 1951 3914 quid
1977 3840 2180 3907 facias,

539 3930 597 3983 et
637 3940 825 3997 unges
854 3941 1295 4001 quemcumque
1322 3927 1395 3984 ad
1421 3934 1835 3986 monstravero
1879 3928 2006 3985 tibi.
2032 3930 2185 3986 Fecit

540 4029 682 4087 ergo
704 4012 960 4079 Samuel,
989 4015 1487 4073 sicutlocutusest
1516 4016 1565 4073 ei
1592 4018 2185 4090 Dominus.Venitque

542 4103 601 4159 in
624 4102 973 4170 Bethlehem,
1004 4104 1340 4161 etadmirati
1368 4110 1503 4160 sunt
1523 4107 1783 4162 seniores
1810 4106 2188 4174 civitatis,oc-

543 4195 841 4249 currentes
879 4191 951 4247 ei.
978 4192 1404 4265 Dixeruntque:
1442 4193 1812 4250 Paciﬁcusne
1838 4199 1926 4249 est
1954 4195 2180 4264 ingres-

544 4297 646 4335 sus
665 4281 842 4337 tuus?
860 4279 1042 4339 Etait:
1063 4280 1352 4337 Paciﬁcus
1367 4298 1380 4336 :
1395 4281 1473 4337 ad
1487 4281 1928 4338 immolandum
1939 4283 2184 4338 Domino

543 4366 699 4431 veni,
722 4365 1196 4434 sanctiﬁcamini,
1228 4372 1284 4426 et
1310 4369 1499 4425 venite
1528 4385 1770 4426 mecum
1785 4369 2185 4427 utimmolem.

551 4452 953 4511 Sanctiﬁcavit
978 4469 1117 4525 ergo
1166 4456 1274 4512 lsai
1301 4461 1358 4512 et
1379 4454 1528 4512 ﬁlios
1560 4458 1709 4527 ejus,
1741 4462 1796 4514 et
1821 4459 2057 4515 vocavit
2084 4473 2186 4515 eos

551 4542 629 4598 ad
658 4515 1296 4613 sacriﬁciumiumque
1314 4542 1563 4613 ingrcssi
1581 4515 1947 4611 essentwidit
1963 4545 2187 4611 Heliab,
2220 4515 2265 4571 Β

552 4635 611 4687 et
636 4628 720 4687 ait
749 4647 763 4685 :
792 4632 941 4686 Num
957 4646 1157 4687 coram
1184 4632 1435 4688 Domino
1448 4637 1534 4688 est
1551 4633 1816 4690 Christus
1842 4635 2009 4705 ejus?
2038 4635 2191 4691 Dixit

554 4720 834 4779 Dominus
859 4718 937 4777 ad
965 4719 1333 4778 Samuelem:
1372 4723 1453 4777 Ne
1475 4724 1756 4794 respicias
1783 4722 2009 4780 vultum
2039 4724 2186 4795 ejus,

554 4822 739 4879 neque
795 4806 1169 4866 altitudinem
1204 4812 1441 4867 staturas
1482 4810 1647 4881 ejus:
1673 4811 1963 4884 quoniam
2000 4810 2191 4883 abjeci

555 4910 901 4969 eum,neque
911 4897 1082 4969 juxta
1098 4898 1363 4956 intuitum
1375 4898 1624 4956 hominis
1635 4900 1959 4971 egojudico
1978 4911 1995 4962 :
2017 4899 2192 4957 homo

557 4983 717 5039 enim
747 4983 903 5041 videt
928 5000 997 5044 ea
1017 5003 1146 5059 quos
1161 4991 1388 5060 parent,
1411 4987 1696 5045 Dominus
1713 4992 1909 5044 autem
1936 4988 2195 5044 intuetur

557 5087 677 5128 cor.
709 5074 774 5128 Et
809 5075 1040 5133 vocavit
1061 5078 1170 5132 lsai
1202 5075 1554 5141 Aminadab,
1586 5081 1642 5131 et
1669 5076 2073 5131 adduxiteum
2093 5092 2197 5130 co-

555 5176 685 5225 ram
712 5163 958 5219 Samuel.
992 5165 1101 5230 Qui
1131 5166 1276 5219 dixit
1305 5182 1318 5216 :
1367 5167 1480 5219 Nec
1504 5163 1850 5233 huncelegit
1875 5162 2184 5218 Dominus.

554 5250 813 5308 Adduxit
830 5257 1029 5309 autem
1061 5253 1179 5308 lsai
1195 5251 1535 5318 Samma,de
1555 5266 1673 5322 quo
1692 5250 1803 5305 ait:
1833 5249 2016 5305 Etiam
2037 5250 2197 5307 hunc

556 5355 676 5396 non
696 5339 871 5410 elegit
892 5342 1194 5397 Dominus.
1234 5338 1492 5394 Adduxit
1516 5337 1717 5410 itaque
1745 5338 1854 5393 lsai
1886 5345 2110 5409 septem
2134 5339 2199 5394 ti-

554 5428 664 5485 lios
687 5445 829 5485 suos
849 5445 1053 5485 coram
1094 5427 1331 5484 Samuel
1356 5446 1367 5484 :
1397 5433 1453 5481 et
1481 5426 1811 5482 aitSamuel
1826 5425 1901 5480 ad
1923 5427 2032 5481 lsai
2051 5429 2197 5483 :Non

556 5516 729 5588 elegit
754 5516 1125 5574 Dominusex
1153 5514 1576 5587 istis.Dixitque
1608 5513 1845 5571 Samuel
1865 5514 1972 5570 lsai
2003 5517 2197 5571 :Num-

557 5605 702 5681 quid
879 5602 1158 5689 completi
1182 5608 1319 5659 sunt
1340 5601 1480 5695 ﬁlii?
1639 5601 1945 5699 respondit
1966 5601 2197 5687 :Adliuc

2286 3225 2552 3298 cupiscit,
2576 3229 2640 3282 ut
2667 3225 2724 3282 in
2752 3231 2805 3280 te
2835 3225 3075 3282 feliciter
3090 3227 3454 3300 vivat:Aperi
3479 3245 3631 3301 ergo
3651 3229 3757 3295 eis,
3785 3244 3929 3302 qua:-

2288 3329 2515 3380 sumus,
2549 3317 2767 3369 sancite
2796 3312 2934 3369 fidei
2968 3319 3409 3372 sacramentum
3446 3335 3460 3376 :
3498 3322 3568 3374 ut
3596 3317 3660 3374 in
3689 3334 3809 3390 qua
3833 3331 3932 3373 nos

2287 3400 2647 3474 perfectione
2672 3401 3089 3458 conscendisse
3118 3405 3635 3475 cognoscimus,in
3662 3421 3741 3462 ea
3767 3404 3930 3462 etiam

2290 3492 2347 3545 et
2365 3488 2476 3547 hos
2501 3488 2752 3544 illustres
2775 3488 3021 3547 existere
3046 3490 3506 3561 gratulemurzut
3533 3497 3595 3551 et
3614 3491 3699 3551 illi
3720 3493 3798 3549 ad
3817 3492 3931 3549 red-

2289 3577 2610 3650 emptionis
2674 3577 3021 3649 perveniant
3057 3578 3299 3648 gaudia,
3368 3586 3425 3637 et
3483 3596 3602 3638 nos
3649 3584 3929 3655 percepta:

2287 3663 2694 3738 redemptionis
2705 3663 2950 3722 inlibata
2960 3665 3016 3722 in
3029 3664 3199 3723 nobis
3220 3682 3641 3728 conservemus
3654 3669 3930 3744 mysteria.

2363 3754 2537 3810 Pater
2572 3756 2793 3809 noster.

2363 3842 2720 3899 Benedictio.
2783 3841 3043 3899 Christus
3102 3843 3410 3913 Dominus,
3443 3846 3556 3917 qui
3588 3846 3797 3904 salutis
3821 3861 3930 3901 sua:

2294 3933 2463 4003 signo
2476 3931 2745 3986 humano
2764 3930 2963 4000 generi
2981 3930 3088 3986 dat
3104 3930 3477 3999 salutem,det
3492 3936 3678 3992 nobis
3693 3950 3817 3992 cum
3829 3934 3929 3999 his,

2294 4020 2396 4094 qui
2418 4033 2577 4075 nunc
2602 4018 2674 4074 ad
2704 4018 2829 4088 ejus
2862 4018 3109 4074 veniunt
3132 4018 3661 4093 ﬂdem,pervenire
3682 4024 3757 4080 ad
3788 4028 3932 4081 aeter-

2295 4124 2438 4165 nam
2467 4106 2872 4164 hereditatem.
2914 4117 2980 4176 It.
3016 4116 3223 4164 Amen.
3282 4110 3473 4166 Donet
3495 4127 3748 4186 quoque
3788 4110 3934 4167 vobis

2295 4195 2613 4253 inlibatum
2664 4194 3055 4266 redemptoris
3085 4203 3303 4254 nostra
3334 4213 3552 4270 capere
3586 4200 3859 4265 fructum,
3888 4203 3936 4251 et

2295 4281 2411 4339 illis
2441 4280 2683 4337 feliciter
2723 4281 2800 4337 ad
2830 4280 3106 4339 salutaris
3135 4283 3358 4341 lavacri
3388 4288 3709 4358 pervenire
3730 4291 3935 4360 myste-

2296 4370 2471 4427 rium.
2494 4379 2560 4439 ἢ.
2588 4373 2796 4425 Amen.
2832 4372 2900 4425 Ut
2920 4372 3280 4440 regeneratis
3313 4377 3369 4429 et
3394 4376 3839 4445 regeneraturis
3862 4373 3934 4427 sic

2296 4457 2513 4514 divina:
2532 4458 2905 4530 protectionis
2929 4460 3117 4528 gratia
3143 4460 3667 4529 faveat,utnullum
3682 4480 3753 4520 ex
3774 4464 3858 4519 his
3872 4460 3932 4517 ad

2294 4551 2518 4605 aeterna
2543 4548 2918 4620 possessione
2946 4548 3239 4606 excludat.
3278 4561 3345 4622 ﬁ.
3377 4552 3591 4609 Amen.

2367 4636 2594 4692 Lauda.
2626 4639 2837 4692 Notum
2864 4635 2974 4691 feci
3035 4636 3138 4702 eis,
3192 4640 3460 4704 Domine,
3491 4655 3725 4698 nomen
3755 4646 3929 4703 tuum,

2301 4723 2473 4797 337
2508 4727 2565 4778 et
2583 4727 2790 4779 notum
2815 4722 3131 4781 faciammt
3150 4724 3538 4799 dilectio,qua
3559 4728 3931 4793 dilexistime,

2300 4812 2364 4869 in
2400 4811 2548 4883 ipsis
2577 4810 2668 4880 sit,
2705 4815 2761 4867 et
2790 4827 2902 4882 ego
2927 4813 2988 4868 in
3036 4813 3203 4885 ipsis.
3233 4814 3298 4874 ἡ.
3330 4818 3444 4872 Lex
3473 4817 3717 4875 Domini
3742 4818 3935 4873 imma-

2301 4899 2497 4956 culata
2525 4904 2874 4955 convertens
2904 4902 3160 4958 animas.

2375 4988 2597 5044 Oratio.
2618 4990 2825 5043 Notam
2855 4990 3026 5045 nobis
3047 4990 3611 5058 fac,Domine,tuam
3633 4994 3933 5066 justitiam;

2303 5082 2360 5133 et
2380 5082 2585 5132 uteam
2612 5077 3123 5148 exquiramus,cor
3149 5086 3421 5138 nostrum
3448 5083 3667 5139 ardore
3694 5079 3934 5140 caritatis

2305 5163 2607 5220 accende:
2665 5163 2745 5219 da
2793 5165 3153 5224 intellectum
3202 5170 3400 5225 sensui
3442 5176 3674 5237 nostro,
3707 5185 3825 5244 quo
3848 5182 3934 5221 va-

2304 5252 2390 5309 lea
2402 5255 2662 5308 mustum
2683 5250 2824 5319 legis
2842 5253 3048 5311 abdita
3063 5258 3530 5327 prescrutarizda
3542 5258 3933 5329 perfectionem

2304 5339 2463 5406 ﬁdei,
2493 5342 2555 5395 ut
2584 5340 2882 5411 possimus
2910 5347 3146 5399 tuorum
3210 5351 3651 5417 praceptorum
3683 5345 3935 5403 ordinem

2306 5427 2635 5493 custodire,
2677 5430 2739 5483 ut
2764 5444 2869 5500 per
2896 5430 3021 5486 haec
3078 5436 3131 5487 et
3157 5448 3194 5488 a
3245 5439 3493 5505 peccato
3532 5436 3853 5497 immunes,
3888 5433 3935 5485 et

2302 5515 2494 5571 beatas
2513 5515 2648 5571 vitta
2673 5516 3003 5573 efﬁciamur
3028 5519 3299 5576 heredes.
3324 5533 3387 5588 Βρ.
3414 5524 3630 5579 Amen.

2374 5604 2600 5699 Lauda.
2636 5606 2847 5682 Legem
2871 5622 3029 5689 pone
3044 5609 3128 5701 eis
3159 5610 3407 5696 Domine
3435 5612 3600 5677 viam
3625 5611 3931 5699 justitiwgel
