4194 6410
254 373 361 429 569

1368 379 1718 436 ΒΟΜῘΝΙΟΑ
1759 380 1831 434 IN
1869 379 2093 438 RAMIS
2132 382 2557 440 PALMARUM.

3577 383 3685 441 570

252 497 575 571 exquirant
597 514 734 557 eam
766 515 1021 574 semper.
1056 515 1119 571 ἢ.
1160 502 1243 559 Da
1271 503 1417 561 mihi
1442 504 1838 575 intellectum,
1858 511 1915 561 et
1944 512 1988 567 A
2027 523 2247 575 sumus,
2282 508 2360 564 ad
2387 523 2621 579 precem
2667 508 2941 565 Ecclesiae
2990 515 3105 565 tuae
3143 510 3261 579 jam
3318 509 3542 580 respice
3575 523 3590 564 :
3624 511 3681 564 et

251 587 676 658 perscrutabor
707 588 903 659 legem
939 595 1105 647 tuam
1138 610 1150 647 :
1185 595 1240 647 et
1282 592 1619 648 custodiam
1658 593 1821 649 illam
1853 593 1914 649 in

254 678 376 730 toto
403 675 607 742 corde,
643 676 913 732 Domine.

327 763 561 819 Oratio.
591 766 811 822 lnclina
832 783 933 823 cor
956 771 1230 824 nostrum
1246 811 1259 835 ,
1279 768 1550 831 Domine,
1573 770 1632 824 in
1658 770 1915 826 testimo-

250 852 503 923 niatua;
530 870 565 909 a
594 870 717 926 quo
745 855 994 912 intuitus
1016 857 1293 913 vanitatis
1312 862 1505 913 averte
1537 874 1547 913 :
1568 863 1629 913 ut
1656 857 1732 913 ab
1750 874 1915 913 amo-

248 955 313 997 re
340 943 577 997 terreno
595 958 706 999 nos
721 958 997 1014 segreges
1022 961 1034 1001 :
1070 950 1412 1018 etsupernae
1442 945 1739 1002 dilectioni
1770 962 1911 1002 con-

248 1029 458 1085 socies.
482 1041 547 1100 ne.
570 1035 780 1088 Amen.

316 1118 551 1175 Lauda.
586 1123 670 1176 Da
690 1120 776 1177 eis
823 1120 1204 1189 intellectum,
1254 1123 1525 1193 Domine,
1548 1127 1612 1180 ut
1681 1122 1915 1181 discant

244 1207 545 1265 mandata
571 1213 694 1265 tua.
741 1221 805 1282 Βι.
839 1211 950 1276 Qui
982 1212 1187 1268 timent
1218 1215 1272 1268 te
1297 1211 1703 1279 videbuntme,
1728 1216 1784 1269 et
1812 1212 1913 1269 lae-

244 1295 574 1352 tabuntur:
608 1298 753 1369 quia
773 1300 833 1354 in
860 1300 1045 1356 verbo
1072 1306 1172 1355 tuo
1211 1302 1460 1373 speravi.

319 1385 921 1459 Oratz'o..Equitatem
953 1389 1449 1447 testimoniorum
1506 1396 1765 1454 tuorum,
1810 1393 1917 1445 Do-

243 1472 425 1542 mine,
453 1474 535 1531 da
573 1475 746 1531 nobis
767 1477 1012 1535 avidi-ori
1040 1495 1215 1535 sensu
1280 1494 1491 1549 capere
1580 1484 1705 1546 :ut,
1752 1478 1918 1552 quod

241 1563 564 1621 mortiﬁcat
599 1566 656 1620 in
711 1582 820 1623 nos
868 1568 1112 1625 stultitia
1154 1568 1409 1625 viviticet
1456 1584 1491 1625 a
1535 1574 1588 1624 te
1618 1569 1913 1641 sapientia

243 1650 564 1709 destinata.
595 1665 657 1724 13,.
682 1652 887 1710 Amen.

643 1758 881 1798 SECUNDA
903 1760 1058 1799 FBRIA
1093 1758 1234 1802 POST
1272 1761 1337 1799 HA
1352 1760 1461 1801 MOS
1476 1787 1486 1799 .

798 1832 895 1886 Ad
958 1832 1341 1889 Matutinum.

332 1918 967 1991 Antiphona.Exsurge
986 1921 1251 1978 Domine:
1274 1922 1508 1977 salvum
1524 1938 1617 1977 me
1645 1922 1736 1977 fac
1753 1925 1908 1978 Deus

257 2019 451 2062 meus.
486 2009 773 2073 Quoniam
795 2012 856 2064 tu
878 2012 1219 2080 percussisti
1269 2026 1480 2067 omnes
1528 2012 1909 2068 adversantes

241 2093 389 2150 mihi
413 2095 542 2151 sine
567 2112 769 2153 causa.
820 2099 1098 2154 Psatmus
1130 2115 1215 2156 ιιι.

326 2185 559 2242 Oratio.
621 2189 886 2257 Exsurge
944 2188 1213 2254 Domine,
1269 2204 1385 2244 non
1419 2206 1453 2244 a
1516 2204 1751 2259 somno,
1786 2204 1909 2245 non

243 2272 469 2340 aloco,
526 2290 649 2330 non
675 2292 705 2330 e
752 2280 1027 2347 tempore,
1069 2277 1363 2333 immense
1420 2276 1663 2349 pervigil
1696 2279 1909 2350 sempi-

246 2366 411 2419 terne
444 2381 456 2419 :
485 2368 546 2420 ut
576 2364 1016 2437 quiapusillum
1044 2381 1285 2435 gregem
1318 2372 1484 2421 tuum
1512 2367 1683 2422 multi
1709 2383 1909 2439 perse-

245 2456 500 2526 quntur,
524 2452 1000 2520 multilacerant;
1036 2460 1097 2509 ut
1120 2455 1473 2526 propitiator
1505 2462 1685 2527 atque
1710 2456 1911 2512 defen-

248 2556 351 2596 sor
380 2541 589 2597 adesto
622 2558 758 2613 spes
789 2542 1090 2607 aturbine,
1140 2543 1562 2599 umbraculum
1596 2545 1673 2601 ab
1719 2548 1905 2600 aestu:

249 2632 311 2685 et
342 2629 775 2700 insurgentium
804 2630 1113 2695 feritatem,
1142 2647 1253 2686 nos
1278 2648 1652 2703 quaesumus,
1696 2637 1751 2688 et
1772 2648 1909 2687 con-

249 2716 386 2774 silia
415 2718 630 2790 iniqua
656 2719 950 2790 despicias
976 2738 987 2785 ;
1021 2726 1076 2775 et
1107 2720 1480 2775 saevientium
1519 2719 1581 2775 in
1631 2736 1741 2775 nos
1767 2721 1908 2775 den-

248 2810 341 2865 tes
383 2823 453 2862 ac
470 2807 649 2879 pedes
667 2814 937 2865 conteras
962 2825 975 2875 ;
1008 2812 1062 2864 et
1086 2808 1591 2865 circumdantium
1612 2824 1721 2865 nos
1735 2808 1909 2865 millia

258 2893 510 2951 collecta
536 2896 868 2968 disperdas.
899 2908 968 2967 Iv.
996 2897 1193 2951 Amen.

324 2986 675 3055 Antiphona
710 2992 759 3042 1.
791 2990 869 3042 Ne
886 2986 1194 3042 tradideris
1214 3002 1321 3052 me,
1348 2986 1598 3051 Domine,
1629 2986 1690 3043 in
1712 2986 1909 3043 mani-

242 3072 367 3130 bus
388 3077 861 3147 persequentium
894 3090 987 3131 me
1018 3074 1344 3147 :quoniam
1375 3074 1820 3131 insurrexerunt
1848 3076 1906 3131 in

246 3177 349 3217 me
384 3167 560 3219 testes
591 3162 743 3228 falsi,
780 3164 1089 3220 etmentiti
1131 3168 1270 3219 sunt
1319 3164 1427 3234 ipsi
1483 3164 1615 3222 sibi.
1664 3164 1910 3235 Adjutor

244 3267 424 3307 meus
464 3268 525 3307 es
556 3258 634 3317 tu,
668 3255 945 3310 Domine:
978 3270 1050 3309 ne
1074 3253 1459 3325 derelinquas
1490 3270 1601 3310 me.
1626 3254 1687 3315 ὴ.
1714 3254 1910 3310 Ι)οωὶ-

242 3356 366 3398 nus
396 3340 752 3400 illuminatio
786 3359 920 3400 mea
942 3348 996 3399 et
1026 3344 1187 3401 salus
1239 3360 1392 3408 mea,
1422 3361 1594 3415 quem
1639 3344 1856 3400 timebo
1879 3345 1906 3401 ‘2

248 3430 543 3486 Dominus
576 3432 852 3489 defensor
878 3433 1006 3488 vitae
1042 3449 1209 3493 mete.
1249 3450 1283 3488 a
1314 3450 1436 3505 quo
1486 3434 1788 3505 trepidabo
1809 3433 1838 3489 ?

334 3524 550 3580 Oratio.
587 3526 665 3578 Ne
696 3522 1008 3577 tradideris
1029 3522 1300 3589 Domine,
1322 3524 1643 3579 Ecclesiam
1662 3528 1823 3579 tuam
1847 3524 1907 3579 in

247 3611 741 3690 persequentium
774 3626 837 3665 se
858 3626 1045 3666 manu
1077 3610 1435 3666 cruenta:in
1460 3611 1909 3681 insurgentesin

248 3721 327 3763 ea
352 3709 528 3760 testes
545 3700 699 3769 falsi,
732 3699 1013 3755 resileant
1042 3717 1055 3765 ;
1088 3716 1226 3754 cum
1258 3700 1319 3755 in
1351 3715 1421 3755 ea
1444 3701 1642 3756 Crucis
1693 3700 1910 3758 vexilla

246 3789 726 3852 fuerintelevata
762 3828 773 3841 .
814 3799 877 3853 ην.
919 3788 1126 3842 Amen.

326 3878 677 3946 Antiphona
689 3873 893 3929 2.Cum
907 3874 1679 3946 operantibusiniquitatem
1695 3891 1767 3931 ne
1782 3892 1911 3947 per-

251 3970 368 4027 das
388 3982 503 4029 me,
538 3961 826 4031 Domine;
860 3978 999 4018 cum
1043 3962 1154 4027 his,
1189 3963 1292 4034 qui
1324 3962 1650 4033 loquuntur
1697 3980 1906 4035 pacem

249 4074 394 4114 cum
426 4053 700 4127 proximo
729 4067 857 4116 suo,
898 4049 1270 4105 malaautcm
1296 4050 1354 4104 in
1371 4050 1651 4105 cordibus
1676 4067 1906 4106 eorum.

255 4160 320 4218 13,.
359 4143 695 4202 Secundum
728 4140 1131 4212 Operationem
1172 4154 1461 4194 manuum
1506 4155 1713 4195 eorum
1746 4140 1909 4195 retri-

247 4235 371 4292 bue
398 4232 549 4302 illis;
582 4228 760 4284 redde
800 4227 1249 4283 retributionem
1282 4242 1489 4281 eorum
1529 4227 1692 4298 ipsis.

328 4322 550 4378 Oratio.
579 4319 725 4374 Cum
753 4316 1139 4389 operantibus
1172 4315 1545 4387 iniquitatem
1587 4332 1659 4372 ne
1700 4317 1911 4390 perdas

251 4428 365 4469 nos
393 4408 679 4466 Domine:
706 4411 761 4462 et
787 4406 926 4476 quia
954 4404 1252 4477 passionis
1285 4408 1550 4475 tempore
1599 4404 1912 4478 loquentes

251 4500 398 4557 foris
440 4512 674 4572 pacem,
718 4494 876 4549 mala
901 4498 1098 4549 autem
1131 4493 1189 4548 in
1224 4492 1505 4548 cordibus
1531 4494 1906 4565 meditantes,

252 4586 543 4661 singulari
566 4586 851 4657 patientia
876 4582 1132 4655 perferre
1164 4582 1448 4651 dignatus
1475 4598 1536 4637 es
1558 4600 1570 4638 :
1593 4599 1702 4638 nos
1720 4583 1911 4639 famu-

250 4679 345 4735 los
376 4682 509 4733 tuos
542 4680 595 4731 et
620 4691 655 4730 a
696 4674 867 4729 totius
902 4671 1217 4727 simultatis
1250 4671 1385 4727 vitio
1417 4670 1651 4737 liberes,
1681 4678 1737 4729 et
1764 4690 1798 4728 a
1830 4679 1910 4730 ta-

248 4769 402 4825 lium
417 4770 713 4822 conventu
728 4762 891 4819 ethic
912 4762 1039 4817 etin
1068 4768 1358 4817 aeternum
1382 4760 1600 4817 reddas
1616 4768 1904 4818 exsortes.

250 4870 322 4927 Ri.
349 4858 557 4911 Amen.

326 4944 680 5011 Antz'phona
702 4946 754 4997 3.
808 4938 1338 4995 Circumdederunt
1383 4953 1467 4992 me
1512 4938 1738 4993 inimici
1772 4940 1906 5005 mei,

250 5035 407 5089 sicut
432 5047 578 5103 apes
628 5044 847 5087 ceram.
904 5032 959 5083 et
1017 5033 1386 5091 exarserunt,
1445 5027 1593 5082 sicut
1636 5028 1789 5097 ignis
1848 5029 1909 5084 in

249 5119 441 5191 spinis
474 5137 486 5175 :
518 5123 573 5174 et
604 5118 664 5172 in
694 5115 938 5172 nomine
958 5115 1187 5169 Domini
1208 5115 1483 5186 superavi
1510 5131 1635 5171 eos.
1666 5116 1907 5175 V.Tam-

249 5225 436 5282 quam
468 5206 739 5264 cumulus
767 5220 960 5260 arenae
991 5204 1283 5274 impulsus
1307 5220 1465 5269 sum,
1490 5210 1553 5259 ut
1588 5205 1863 5261 caderem
1886 5225 1903 5260 :

246 5303 307 5355 et
346 5298 638 5353 Dominus
654 5293 1036 5364 suscepitme.

324 5386 619 5457 Capitula.
663 5382 1113 5440 Circumdantes
1157 5380 1411 5437 animam
1466 5386 1654 5449 tuam,
1681 5383 1905 5439 Christe

248 5475 528 5537 Domine,
581 5473 801 5529 inimici
833 5471 1101 5527 alacriter
1141 5486 1322 5542 super
1353 5476 1423 5535 te,
1445 5476 1507 5527 ut
1538 5488 1682 5544 apes
1726 5489 1907 5545 super

247 5579 476 5634 ceram,
498 5564 837 5629 inruerunt;
885 5577 1022 5616 cum
1055 5565 1319 5632 tempore
1350 5561 1652 5632 passionis
1677 5578 1905 5618 cuneus

250 5668 437 5737 super
465 5658 518 5709 te
548 5650 785 5736 exarsit,
815 5650 1143 5733 sicutignis
1167 5650 1229 5716 in
1256 5650 1463 5739 spinis.
1489 5654 1554 5730 Et
1588 5650 1725 5731 ideo
1745 5668 1905 5735 quia

2025 601 2329 653 cruentum
2364 597 2656 652 saevientis
2692 598 2881 652 hostis
2914 598 2988 652 de
3022 612 3203 653 manu
3222 596 3675 665 gladiumtolle:

2024 691 2087 739 ut
2112 700 2460 740 mucronem
2484 701 2659 739 suum
2690 684 2962 741 decisum
2995 684 3228 751 sentiat,
3263 701 3400 739 cum
3425 700 3531 756 per
3550 700 3674 749 eos,

2024 774 2461 845 quostenuerit,
2504 772 2640 828 fidei
2672 778 2787 829 tuas
2820 774 3165 845 cognoverit
3204 772 3679 844 praedicaridoc-

2023 863 2260 917 trinam.
2302 873 2368 923 nr.
2432 864 2638 917 Amen.

2095 961 2156 1020 Βρ.
2192 950 2537 1021 Congregati
2562 954 2701 1006 sunt
2730 951 3018 1007 adversus
3028 953 3257 1024 justum
3287 964 3498 1005 omnes
3514 949 3675 1022 prin-

2023 1038 2183 1109 cipes
2221 1038 2392 1103 Juda,
2445 1043 2501 1093 et
2547 1039 3126 1111 comprehenderunt
3172 1054 3311 1095 eum
3366 1038 3672 1094 dicentes:

2023 1129 2200 1185 Morte
2238 1126 2526 1182 moriatur
2576 1127 2759 1183 homo
2785 1129 2891 1185 iste
2924 1149 2937 1184 :
2972 1134 3027 1185 et
3057 1130 3292 1184 locutus
3324 1130 3412 1181 est
3450 1125 3530 1181 ad
3550 1141 3673 1197 eos,

2025 1214 2228 1271 dicens
2255 1232 2267 1269 :
2299 1215 2521 1271 P.Ecce
2535 1216 2721 1287 egoin
2743 1217 3025 1273 manibus
3060 1215 3421 1271 vestrissum
3448 1229 3677 1285 ;opera—

2024 1303 2171 1358 mini
2201 1303 2261 1358 in
2292 1319 2407 1369 me,
2448 1304 3015 1360 sicutconsiliamini
3036 1306 3096 1360 in
3128 1303 3405 1359 cordibus
3437 1303 3673 1362 vestris:

2025 1392 2519 1458 verumtamen,si
2543 1399 2731 1448 morte
2744 1392 3248 1457 condemnabitis,
3282 1392 3508 1457 scitote,
3532 1392 3677 1463 quia

2026 1481 2382 1549 sanguinem
2415 1482 2791 1537 innocentem
2819 1486 3027 1537 contra
3049 1498 3152 1537 vos
3176 1480 3427 1537 traditis.
3448 1479 3514 1539 ἰν.
3544 1482 3679 1535 0m-

2025 1584 2130 1623 nes
2153 1568 2212 1623 in
2235 1570 2526 1641 sanguine
2542 1569 2802 1625 insidiati
2822 1570 3171 1625 suntvirum
3196 1570 3426 1640 justum
3447 1583 3459 1623 :
3480 1566 3679 1622 venati

2027 1661 2165 1713 sunt
2197 1658 2273 1713 ad
2300 1662 2551 1712 mortem
2582 1676 2593 1725 ;
2626 1658 2752 1729 ipse
2767 1663 2966 1713 autem
2985 1658 3235 1729 paciﬁca
3263 1655 3445 1711 verba
3469 1655 3677 1728 loque-

2023 1743 2201 1801 batur
2241 1746 2313 1801 ad
2347 1761 2469 1801 eos.
2495 1746 2552 1799 P.
2588 1747 2750 1801 Ecce.
2792 1747 2928 1803 Non
2957 1744 3171 1801 Gloria.

1945 1862 1988 1915 Β
2097 1835 2320 1892 Oratio.
2349 1836 2507 1901 Jesu,
2534 1835 2803 1891 Salvator
2829 1839 3029 1891 noster
3049 1839 3107 1890 et
3153 1832 3423 1897 Domine,
3458 1833 3672 1887 adver-

2024 1939 2127 1977 sus
2152 1940 2332 1995 quem
2369 1938 2570 1979 omnes
2593 1924 2749 1979 Juda
2772 1923 3068 1994 principes
3093 1920 3677 1993 congregati,imma-

2020 2029 2093 2067 ne
2126 2013 2355 2069 facinus
2386 2017 2809 2084 perpetrantes,
2860 2013 3219 2081 sanguinem
3287 2010 3664 2064 innocentem

2020 2102 2336 2157 effundunt
2371 2117 2384 2157 :
2418 2116 2538 2172 quo
2561 2105 2613 2156 et
2644 2100 2895 2156 Mundus
2937 2100 3116 2171 338
3143 2097 3440 2154 veternosi
3481 2095 3675 2151 crimi-

2018 2190 2110 2245 nis
2126 2189 2361 2262 eloquio
2383 2189 2764 2251 emundatur,
2786 2196 2841 2243 et
2862 2189 3479 2259 cuncta,quaeinterra
3508 2188 3667 2249 sunt,

2021 2279 2237 2335 unione
2261 2278 2429 2351 pacis
2463 2278 2686 2333 sociata
2734 2281 3101 2345 noscuntur;
3128 2291 3239 2330 nos
3269 2273 3540 2346 ejusdem
3576 2272 3665 2328 tui

2018 2368 2244 2424 cruoris
2268 2366 2646 2440 perceptione
2672 2383 2708 2422 a
2739 2366 2965 2422 cunctis
2992 2364 3268 2420 sordibus
3300 2363 3658 2419 delictorum

2019 2474 2111 2512 em
2121 2456 2311 2522 acula,
2329 2454 2748 2511 etinnocentiae
2762 2455 2925 2510 bono
2950 2469 3177 2509 exorna
3203 2474 3213 2512 :
3232 2455 3532 2525 quatenus
3548 2449 3603 2504 vi
3616 2466 3675 2505 n-

2021 2546 2154 2602 culo
2183 2546 2425 2600 alternae
2456 2545 2622 2615 pacis
2652 2544 2873 2608 innexi,
2908 2548 3177 2617 tempore
3199 2542 3407 2613 judicii
3448 2540 3532 2596 tui
3564 2538 3672 2594 tibi

2020 2638 2083 2690 ut
2106 2650 2261 2689 verae
2284 2633 2448 2704 pacis
2478 2632 2577 2687 ﬁlii
2608 2638 3060 2705 prtesentemur.
3088 2634 3144 2687 et
3175 2647 3246 2685 ex
3294 2635 3409 2685 tua:
3432 2627 3675 2684 visionis

2019 2722 2231 2778 intuitu
2260 2721 2593 2777 nullatenus
2649 2720 3113 2777 confundamur.
3140 2730 3204 2789 nr.
3240 2720 3451 2775 Amen.

2615 2811 2683 2865 In
2730 2810 3057 2865 Laudibus.

2090 2899 2456 2968 Antiphonti.
2490 2900 2697 2953 Averte
2712 2897 3105 2953 faciemtuam
3135 2912 3171 2952 a
3200 2895 3460 2968 peccatis
3483 2892 3670 2950 meis:

2020 2992 2073 3045 et
2089 3004 2300 3044 omnes
2344 2988 2690 3061 iniquitates
2719 3003 2886 3043 meas
2925 2986 3076 3041 dele.
3100 2987 3373 3042 Psalmus
3401 3001 3455 3040 L.

2094 3078 2309 3133 Oratio.
2363 3077 2569 3131 Averte
2616 3075 2828 3131 faciem
2857 3075 3185 3145 tuam.fol.
3228 3074 3346 3130 161.

2100 3167 2201 3224 Ad
2233 3165 3152 3235 CanticumAntiphona.Factus
3173 3162 3371 3217 sumin
3401 3160 3668 3217 derisum

2023 3258 2143 3311 tota
2166 3254 2279 3318 die,
2323 3260 2379 3309 et
2416 3268 2627 3308 omnes
2672 3251 3128 3307 subsannabant
3160 3266 3278 3305 me.

2096 3340 2735 3399 Canticumﬁeduxisti
2770 3356 2883 3405 me,
2917 3341 3183 3395 Domine.
3236 3338 3349 3408 fol.
3386 3341 3522 3394 276.

2094 3431 2567 3487 Matutinarium.
2599 3433 2657 3484 In
2675 3429 2980 3485 matutinis
2997 3427 3415 3483 meditaborin
3443 3425 3678 3498 tezquia

2022 3522 2214 3578 factus
2238 3539 2299 3577 es
2340 3525 2650 3592 susceptor
2686 3535 2879 3582 meus,
2915 3519 3181 3575 Domine.
3231 3516 3294 3577 ἓν.
3325 3518 3479 3573 Deus
3520 3517 3676 3571 Deus

2021 3628 2192 3668 meus
2213 3610 2291 3666 ad
2322 3615 2375 3665 te
2407 3608 2480 3665 de
2511 3609 2643 3665 luce
2668 3608 2868 3679 vigilo.

2093 3701 2323 3758 Lauda.
2354 3699 2614 3755 Laudate
2626 3698 2946 3754 Dominum
2964 3696 3041 3753 de
3063 3696 3229 3753 coelis
3248 3694 3518 3751 :laudate
3537 3709 3676 3750 eum

2019 3789 2081 3845 in
2112 3789 2396 3845 excelsis:
2438 3787 2643 3858 Angeli
2676 3789 2825 3858 ejus,
2874 3786 3116 3842 laudate
3156 3801 3317 3841 eum.

2091 3876 2447 3941 Lectio,libri
2470 3876 2824 3932 Malachim.
2877 3875 3007 3945 (III
3032 3876 3251 3944 Regum
3287 3887 3420 3942 cap.
3451 3871 3549 3942 xi).

2092 3978 2157 4033 ﬁ.
2192 3967 2311 4019 Deo
2343 3965 2582 4034 gratias.

2093 4054 2157 4108 In
2174 4053 2286 4107 illis
2308 4052 2520 4107 diebus
2533 4068 2670 4107 cum
2684 4055 2835 4105 esset
2849 4050 3130 4107 Salomon
3145 4064 3347 4112 senex,
3379 4049 3672 4119 deprava-

2022 4146 2149 4198 tum
2169 4148 2253 4195 est
2279 4156 2380 4195 cor
2400 4140 2528 4210 ejus
2555 4155 2659 4210 per
2691 4138 2989 4204 mulieres,
3038 4143 3103 4192 ut
3133 4140 3477 4208 sequeretur
3528 4136 3676 4189 deos

2022 4228 2247 4285 alienos
2283 4244 2294 4284 :
2331 4243 2439 4284 nec
2471 4232 2596 4283 erat
2617 4243 2718 4282 cor
2744 4226 2871 4297 ejus
2897 4225 3226 4298 perfectum
3257 4240 3393 4278 cum
3424 4223 3676 4279 Domino

2023 4320 2141 4374 Deo
2175 4334 2303 4383 suo,
2329 4318 2479 4373 sicut
2505 4332 2606 4371 cor
2636 4316 2823 4371 David
2856 4313 3042 4387 patris
3073 4314 3221 4385 ejus.
3277 4313 3391 4369 Sed
3443 4311 3679 4367 colebat

2024 4407 2307 4464 Salomon
2338 4407 2688 4462 Astberthen
2715 4406 2893 4461 deam
2910 4404 3314 4472 Sidoniorum,
3342 4407 3401 4459 et
3419 4402 3679 4459 Chamos

2022 4497 2203 4553 deum
2220 4495 2686 4562 Moabitarum,et
2699 4494 2924 4551 Moloch
2942 4494 3170 4549 idolum
3184 4493 3669 4548 Ammonitarum.

1948 4564 1991 4616 D
2025 4586 2295 4658 Fecitque
2319 4584 2599 4642 Salomon
2628 4584 2795 4656 quod
2835 4599 2956 4638 non
2988 4582 3295 4654 placuerat
3321 4596 3527 4637 coram
3565 4580 3680 4635 Do-

2022 4674 2204 4740 mino,
2253 4684 2308 4730 et
2337 4688 2460 4730 non
2501 4672 2850 4744 adimplevit
2881 4678 2944 4727 ut
2970 4676 3314 4743 sequeretur
3349 4669 3673 4725 Dominum

2022 4764 2175 4820 sicut
2195 4764 2379 4819 David
2398 4768 2564 4835 pater
2581 4763 2628 4832 ej
2642 4780 2737 4817 us.
2772 4764 2928 4817 Tunc
2945 4759 3263 4816 tediticavit
3285 4758 3568 4815 Salomon
3591 4758 3677 4812 ta-

2019 4868 2165 4908 num
2191 4853 2446 4908 Chamos
2469 4849 2627 4905 idolo
2644 4849 2831 4915 Moab,
2853 4849 2911 4903 in
2945 4854 3145 4903 monte
3162 4852 3371 4902 contra
3399 4848 3678 4901 Hierusa-

2018 4943 2219 5007 lem,et
2241 4939 2636 4995 Molochidolo
2660 4939 2920 4994 ﬁliorum
2943 4940 3418 5008 AmmouAtque
3439 4936 3499 4991 in
3512 4935 3676 4991 hunc

2019 5031 2269 5087 modum
2303 5029 2435 5085 fecit
2473 5028 2762 5084 universis
2805 5026 3093 5082 uxoribus
3143 5025 3265 5081 suis
3302 5025 3676 5096 alienigenis,

2018 5137 2153 5193 quae
2176 5117 2495 5175 adolebant
2513 5119 2767 5187 tliura,et
2786 5116 3313 5172 immolabantdiis
3335 5117 3479 5171 suis.
3499 5115 3682 5184 Igitur

2018 5210 2203 5265 iratus
2241 5216 2331 5265 est
2371 5209 2656 5263 Dominus
2709 5207 3037 5276 Salomoni,
3071 5207 3236 5277 quod
3284 5221 3498 5261 aversa
3529 5207 3683 5259 esset

2018 5314 2189 5354 mens
2218 5299 2347 5367 ejus
2376 5314 2411 5351 a
2442 5296 2696 5352 Domino
2724 5299 2838 5351 Deo
2870 5296 3066 5360 Israel,
3099 5294 3202 5366 qui
3235 5295 3595 5365 apparuerat
3628 5291 3679 5345 ei

2018 5387 2301 5452 secundo,
2321 5392 2376 5441 et
2400 5390 2769 5459 praeceperat
2798 5385 2872 5439 de
2894 5384 3080 5440 verbo
3102 5385 3215 5439 hoc
3235 5399 3311 5437 ne
3332 5384 3679 5453 sequeretur

2016 5476 2161 5531 deos
2195 5476 2442 5539 alienos,
2483 5479 2540 5531 et
2581 5490 2704 5530 non
2739 5474 3059 5530 custodivit
3099 5487 3234 5545 quae
3275 5467 3585 5525 mandavit
3622 5464 3678 5519 ei

2017 5566 2323 5632 Dominus,
2363 5565 2513 5621 Dixit
2553 5565 2757 5636 itaque
2804 5564 3093 5619 Dominus
3134 5556 3437 5616 Salomoni
3472 5573 3485 5610 :
3521 5553 3674 5617 Quia

2016 5654 2283 5743 habuisti
2319 5654 2435 5743 hoc
2455 5653 2619 5743 apud
2671 5656 2746 5729 te,
2798 5656 2855 5725 et
2890 5666 3013 5727 non
3059 5645 3365 5733 custodisti
3419 5646 3668 5724 pactum
