4194 6430
541 398 642 467 s71

1806 385 2257 476 BRlSVIARIllM
2297 388 2684 471 GOTHICUM.

3842 378 3938 463 sit

543 534 772 598 meum,
792 535 849 591 et
866 540 1163 608 praecepta
1178 554 1313 594 mea
1329 552 1462 612 quae
1487 542 1767 598 mandavi
1784 542 1910 610 tibi,
1930 543 2182 598 disrum-
2213 538 2260 594 A
2291 555 2363 595 ex
2392 539 2670 595 omnibus
2700 537 2972 596 tribubus
3002 536 3185 594 Israel
3222 553 3234 591 :
3268 549 3339 591 eo
3368 518 3537 607 quod
3567 528 3938 605 dereliquerit

543 618 694 693 pens
708 621 980 679 scindam
992 639 1243 693 regnum
1258 634 1448 697 tuum,
1468 633 1523 685 et
1537 629 1696 687 dabo
1712 629 1857 687 illud
1875 648 2043 687 servo
2062 636 2180 686 tuo.

546 711 963 766 Verumtamen
979 712 1039 767 in
1055 712 1265 769 diebus
1282 715 1393 770 tuis
1412 731 1534 773 non
1552 718 1790 786 faciam,
1823 726 2063 793 propter
2081 723 2186 775 Da-

548 796 655 853 vid
682 804 916 870 patrem
940 804 1109 855 tuum
1143 818 1156 854 :
1184 800 1257 858 de
1282 818 1467 859 manu
1486 805 1590 862 ﬁlii
1622 808 1701 862 tui
1729 808 1999 864 scindam
2019 806 2183 872 illud,

550 901 663 941 nec
688 890 878 942 totum
896 904 1146 958 regnum
1165 891 1450 958 auferam,
1470 897 1571 949 sed
1594 895 1811 952 tribum
1831 912 2011 952 unam
2027 895 2187 951 dabo

551 972 675 1029 ﬁlio
690 977 1250 1047 tuo,propterDavid
1264 995 1493 1035 servum
1516 998 1739 1050 meum,
1756 989 1808 1040 ct
1825 983 2188 1041 Hierusalem

558 1062 743 1134 quam
767 1062 935 1132 elegi.
951 1064 1261 1122 Suscitavit
1275 1071 1464 1123 autem
1482 1069 1766 1126 Dominus
1778 1071 2187 1129 adversarium

558 1148 878 1217 Salomoni,
910 1150 1084 1207 Adad
1130 1152 1458 1211 idumaaum
1507 1156 1580 1214 de
1611 1158 1834 1216 semine
1870 1158 2056 1229 regio,
2083 1173 2190 1232 qui

551 1241 676 1293 erat
704 1235 763 1291 in
791 1235 1152 1296 Edom.Cum
1178 1241 1339 1297 enim
1373 1246 1730 1303 essetDavid
1749 1248 1808 1303 in
1831 1248 2114 1314 ldumaea,
2134 1244 2190 1303 et

551 1325 1068 1383 ascendissetJoab
1080 1327 1346 1402 princeps
1358 1332 1570 1389 militiae
1583 1335 1657 1390 ad
1670 1335 2071 1406 sepeliendum
2084 1350 2186 1391 eos

548 1412 653 1484 qui
670 1411 905 1469 fuerant
926 1413 1232 1489 interfecti,
1255 1423 1311 1475 et
1327 1421 1638 1480 occidisset
1656 1439 1834 1481 omne
1853 1423 2188 1481 masculum

547 1499 610 1556 in
656 1500 922 1558 Idumaaa
949 1508 1076 1571 (sex
1114 1508 1273 1564 enim
1320 1511 1628 1568 mensibus
1674 1512 1757 1568 ibi
1788 1518 2051 1569 moratus
2102 1517 2189 1570 est

547 1586 715 1654 Joab,
757 1594 814 1645 et
836 1592 1031 1647 omnis
1059 1595 1252 1665 Israel,
1272 1595 1461 1654 donec
1485 1599 1844 1657 interimeret
1863 1618 2040 1658 omne
2065 1618 2190 1658 ma-

551 1674 783 1731 sculum
814 1676 877 1732 in
897 1676 1549 1754 Idumaaa),fugitAdad
1579 1690 1725 1761 ipse,
1749 1691 1922 1746 etviri
1943 1690 2188 1746 Idumaei

554 1762 629 1819 de
659 1765 843 1820 servis
868 1768 1050 1837 patris
1071 1770 1199 1840 ejus
1224 1788 1361 1828 cum
1388 1790 1478 1841 eo,
1502 1781 1565 1831 ut
1591 1775 1996 1847 ingrederetur
2011 1779 2189 1852 ngy-

2293 642 2407 692 me,
2441 630 2497 681 et
2526 627 2795 683 adoravit
2832 625 3183 682 Astherthen
3212 622 3392 679 deam
3422 618 3835 686 Sidoniorum,
3887 623 3938 677 et

2294 714 2549 770 Chamos
2576 715 2757 770 deum
2786 714 2976 782 Moab,
3006 718 3062 769 et
3078 711 3305 769 Moloch
3324 704 3507 765 deum
3524 704 3797 763 ﬁliorum
3811 710 3935 765 Am-

2292 818 2473 858 mon:
2506 807 2563 858 et
2581 818 2701 858 non
2724 801 3114 858 ambulaverit
3159 799 3222 856 in
3262 798 3377 854 viis
3419 795 3591 862 meis,
3634 800 3703 851 ut
3732 795 3939 853 faceret

2289 890 2576 960 justitiam
2607 907 2808 947 coram
2839 906 2955 961 me,
3003 892 3059 945 et
3104 890 3403 962 praecepta
3429 900 3570 940 mea
3598 887 3657 940 et
3697 882 3933 955 judicia,

2296 977 2447 1033 sicut
2475 979 2660 1035 David
2677 983 2842 1051 pater
2870 979 3018 1049 ejus.
3048 980 3161 1033 Nec
3178 975 3447 1032 auferam
3479 987 3664 1029 omne
3688 987 3934 1042 regnum

2295 1064 2370 1121 de
2399 1082 2583 1123 manu
2596 1066 3478 1138 ejus,eedducemponameum
3491 1059 3726 1117 cunctis
3741 1059 3938 1116 diebus

2294 1152 2430 1209 vitm
2452 1169 2593 1221 suae,
2614 1159 2853 1226 propter
2869 1152 3056 1209 David
3073 1165 3310 1207 servum
3333 1162 3755 1221 meum,quem
3777 1147 3934 1219 elegi,

2296 1240 2399 1312 qui
2427 1241 3039 1298 custodivitmandata
3054 1254 3189 1296 mea
3210 1243 3265 1294 et
3285 1242 3593 1311 praecepta
3613 1230 3938 1292 mea.Aufe-

2293 1344 2424 1383 ram
2462 1334 2660 1384 autem
2690 1344 2941 1398 regnum
2967 1327 3041 1383 de
3071 1342 3256 1382 manu
3276 1324 3384 1380 ﬁlii
3405 1324 3632 1397 ejus,et
3660 1323 3818 1380 dabo
3840 1316 3936 1379 tibi

2296 1415 2501 1471 decem
2529 1416 2716 1473 tribus
2738 1438 2750 1476 :
2782 1416 2904 1472 ﬁlio
2926 1419 3126 1472 autem
3152 1415 3280 1485 ejus
3292 1411 3456 1469 dabo
3487 1412 3716 1468 tribum
3739 1410 3931 1485 unam,

2295 1496 2358 1559 ut
2377 1505 2936 1560 remaneatlucerna
2953 1503 3137 1560 David
3154 1482 3324 1558 servo
3337 1516 3477 1557 meo
3491 1500 3722 1556 cunctis
3736 1482 3931 1556 diebué

2295 1608 2497 1649 coram
2519 1608 2614 1649 me
2636 1592 3072 1649 inHierusalem
3084 1589 3536 1662 civitate,quam
3555 1587 3703 1660 elegi
3719 1570 3931 1645 utessét

2293 1696 2515 1736 nomen
2536 1698 2737 1737 meum
2763 1681 2869 1737 ibi.
2900 1683 2975 1737 Te
3003 1685 3204 1735 autem
3231 1690 3565 1747 assumam,
3585 1680 3643 1732 et
3662 1674 3924 1747 regnabis

2296 1785 2475 1840 super
2502 1770 2872 1841 omnia,quae
2903 1767 3197 1823 desiderat
3215 1765 3421 1823 anima
3442 1770 3567 1831 tua,
3588 1765 3813 1838 erisque
3831 1780 3924 1821 rex

553 1854 725 1923 ptum
742 1867 757 1908 :
772 1856 897 1909 erat
911 1861 1109 1913 autem
1125 1860 1292 1916 Adad
1313 1877 1460 1934 puer
1476 1864 2050 1940 parvulus_(;umque
2068 1884 2191 1924 sur-
2216 1862 2261 1919 B
2297 1873 2473 1929 super
2486 1857 2688 1913 lsrael.
2701 1858 2755 1912 Si
2768 1857 2942 1927 igitur
2962 1854 3218 1912 audieris
3229 1854 3438 1910 omnia
3449 1870 3588 1926 quae
3607 1868 3924 1929 praecepero

553 1939 843 2030 texissent
858 1941 932 1997 de
952 1942 1207 2013 Madian,
1225 1965 1438 2007 venere
1457 1952 1517 2008 in
1540 1939 2190 2030 Pharan,'tuleruntque

556 2040 762 2119 secum
777 2028 935 2085 viros
953 2032 1027 2087 de
1047 2032 1293 2106 Pharan,
1323 2043 1379 2096 et
1398 2041 1750 2100 introierunt
1768 2028 2191 2119 ngyptum'ad

552 2113 926 2203 Pharaonem
941 2136 1143 2191 regem
1154 2124 1392 2200 Egypti
1419 2149 1432 2187 :
1458 2130 1561 2203 qui
1585 2131 1745 2187 dedit
1765 2133 1815 2188 ei
1841 2113 2110 2199 domum,
2136 2138 2192 2190 et

551 2199 718 2255 cibos
759 2202 1073 2272 constituit,
1114 2213 1170 2263 et
1218 2199 1435 2268 terram
1475 2199 1808 2285 —delegavit.
1860 2220 1927 2272 Et
1970 2217 2193 2273 invenit

550 2287 720 2344 Adad
749 2290 999 2359 gratiam
1023 2294 1227 2352 coram
1258 2299 1571 2358 Pharaone
1598 2304 1773 2359 valde
1802 2305 2097 2374 intimam,
2129 2309 2193 2363 ut

549 2374 719 2432 daret
746 2378 799 2432 ei
828 2392 1075 2438 uxorem
1124 2400 1388 2444 sororem
1429 2392 1624 2446 uxoris
1676 2409 1797 2448 suae
1842 2408 2191 2463 germanam

550 2463 822 2555 :I'aphnes
850 2467 1089 2540 reginae.
1118 2474 1443 2550 Genuitque
1469 2479 1520 2534 ei
1534 2496 1697 2536 soror
1715 2482 1989 2555 Taphnes
2009 2486 2190 2541 Gene-

552 2549 940 2640 bathﬁlium,
973 2562 1028 2614 et
1050 2561 1291 2620 nutrivit
1310 2549 1448 2621 eum
1469 2569 1742 2640 Taphnes
1759 2549 1819 2626 in
1845 2570 2026 2628 domo
2047 2573 2195 2631 Pha-

555 2639 758 2731 raonis
774 2649 1040 2731 ;_eratque
1057 2649 1355 2709 Genebath
1364 2652 1637 2712 habitans
1652 2658 1813 2731 apud
1826 2660 2192 2718 Pharaonem

556 2742 696 2823 cum
725 2729 860 2823 ﬁliis
890 2730 1335 2823 ejuspr'Cumque
1353 2744 1615 2801 audisset
1634 2729 1806 2803 Adad
1831 2749 1891 2804 in
1920 2750 2189 2823 Egypto,

557 2813 846 2872 dormisse
886 2821 1071 2877 David
1114 2832 1249 2880 cum
1294 2829 1562 2899 patribus
1597 2834 1736 2901 suis,
1798 2838 1856 2890 et
1890 2813 2193 2892 mortuum

557 2915 684 2956 esse
711 2903 864 2959 Joab
888 2907 1220 2980 principem
1243 2914 1484 2984 militiae,
1535 2918 1683 2975 dixit
1719 2922 2011 2977 Pharaoni
2043 2939 2056 2977 :
2099 2923 2193 2977 Di-

554 2988 719 3081 mitte
742 3006 859 3059 me,
892 2998 956 3050 ut
979 2996 1198 3055 vadam
1234 3001 1296 3057 in
1326 3008 1545 3061 terram
1573 3022 1795 3063 meam.
1847 3010 2116 3081 Dixitque
2142 3009 2193 3064 ei

553 3074 786 3168 Pharao
822 3097 834 3136 :
866 3083 994 3146 Qua
1017 3087 1177 3142 enim
1206 3104 1268 3145 re
1293 3092 1451 3162 apud
1473 3110 1568 3149 me
1589 3094 1843 3167 indiges,
1872 3102 1936 3151 ut
1962 3074 2196 3168 quaeras

2298 1945 2421 2010 tibi,
2444 1951 2501 2001 et
2530 1944 2929 2001 ambulaveris
2973 1944 3037 2000 in
3082 1943 3195 2000 viis
3236 1944 3406 2009 meis,
3447 1945 3507 1998 et
3542 1938 3745 1998 feceris
3772 1941 3923 2023 quod

2297 2038 2525 2089 rectum
2553 2037 2640 2088 est
2667 2049 2870 2089 coram
2895 2048 3008 2102 me,
3044 2029 3390 2087 custodiens
3415 2028 3705 2087 mandata
3722 2028 3845 2085 inca
3869 2029 3920 2085 e‘t

2298 2125 2598 2193 praecepta
2626 2137 2780 2187 mea,
2805 2121 2955 2177 sicut
2976 2120 3112 2176 fecit
3133 2120 3310 2175 David
3342 2133 3556 2174 servus
3586 2130 3740 2174 meus
3782 2137 3793 2176 :
3824 2130 3917 2173 ero

2300 2214 2513 2276 tecum,
2539 2213 2594 2264 et
2613 2208 2925 2265 aediﬁcabo
2947 2207 3052 2264 tibi
3073 2207 3325 2263 domum
3346 2205 3605 2273 ﬁdelem,
3631 2204 3925 2278 quomodo

2300 2296 2589 2353 aediﬁcavi
2620 2297 2806 2353 David
2835 2296 3106 2364 domum,
3139 2300 3195 2352 et
3223 2295 3467 2351 tradam
3504 2293 3609 2351 tibi
3625 2293 3797 2350 Israel
3830 2311 3845 2349 :
3874 2286 3929 2351 δι

2299 2384 2564 2456 afﬂigam
2597 2401 2799 2441 semen
2821 2384 3009 2442 David
3030 2401 3208 2457 super
3226 2384 3362 2451 hoc,
3386 2384 3798 2440 verumtamen
3815 2394 3929 2437 non

2300 2474 2528 2529 cunctis
2550 2472 2786 2529 diebus.
2805 2472 2996 2529 Voluit
3012 2488 3153 2543 ergo
3176 2472 3464 2529 Salomon
3478 2470 3802 2528 interﬁcere
3817 2470 3929 2526 Hie-

2297 2561 2549 2617 roboam
2602 2578 2613 2618 :
2643 2562 2747 2634 qui
2777 2561 3044 2631 surrexit,
3076 2567 3131 2618 et
3159 2560 3393 2630 aufugit
3422 2559 3487 2615 in
3516 2557 3837 2632 {Egyptum
3859 2557 3930 2634 ad

2302 2652 2478 2707 Sesac
2503 2620 2705 2719 regem
2732 2649 2992 2722 lEgypti,
3021 2620 3076 2704 et
3120 2648 3229 2706 fuit
3257 2620 3839 2720 inIABgyptowusque
3862 2620 3932 2702 ad

2300 2744 2555 2795 mortem
2569 2739 2921 2795 Salomonis.
2938 2736 3235 2810 Reliquum
3250 2740 3452 2792 autem
3464 2733 3774 2791 verborum
3788 2733 3933 2792 Salo-

2300 2827 2519 2891 monis,
2551 2831 2607 2882 et
2627 2827 2849 2893 omnia,
2870 2842 3005 2899 quae
3032 2825 3181 2896 fecit,
3213 2829 3271 2882 et
3292 2823 3594 2897 sapientia
3626 2825 3789 2895 ejus:
3813 2837 3934 2880 ecce

2303 2916 2566 2971 universa
2581 2916 2790 2987 scripta
2801 2915 2994 2970 suntin
3004 2914 3151 2969 libro
3163 2912 3462 2970 verborum
3484 2912 3938 2970 Salomonis.Dies

2302 3006 2501 3060 autem
2526 3018 2681 3076 quos
2702 3003 2971 3073 regnavit
3000 3002 3282 3059 Salomon
3305 3001 3366 3057 in
3390 3000 3763 3058 Hierusalem
3782 3015 3943 3073 super

2303 3107 2543 3149 omnem
2563 3090 3170 3163 Israel,quadraginta
3184 3092 3329 3148 anni
3352 3094 3516 3147 sunt.
3550 3090 3945 3163 Dormivitque

552 3160 638 3260 ire
670 3162 750 3219 ad
769 3170 985 3260 terram
1006 3174 1173 3229 tuam
1193 3177 1221 3233 ?
1246 3160 1436 3233 Atille
1464 3160 1780 3251 respondit
1812 3160 1839 3240 ε’
1857 3160 2024 3238 Nulla
2055 3199 2067 3238 :
2093 3182 2197 3238 sed
2227 3202 2267 3260 ο
2307 3180 2585 3237 Salomon
2608 3160 3026 3251 eumpatribus
3041 3179 3249 3245 suis,et
3265 3176 3537 3251 sepultus
3550 3180 3718 3235 estin
3731 3160 3946 3235 civitate

553 3250 803 3342 obsecro
846 3259 900 3311 te
929 3262 993 3314 ut
1028 3260 1293 3318 dimittas
1346 3282 1462 3321 me.
1512 3250 1823 3324 suscitavit
1865 3286 2107 3342 quoque
2146 3269 2198 3326 ei
2232 3250 2267 3260 ν
2304 3250 3210 3339 Davidpatrissui,regnavitque
3228 3250 3503 3323 Roboam
3520 3267 3688 3323 ﬁlius
3707 3268 3832 3339 ejus
3850 3272 3947 3338 pro

554 3340 708 3429 Deus
718 3341 1127 3404 adversarium
1139 3350 1336 3408 Razon
1349 3354 1538 3410 ﬁlium
1557 3356 1820 3411 Eliadam
1832 3340 1953 3429 ,qiui
1972 3340 2201 3427 fugerat

556 3422 634 3483 ad
645 3429 937 3488 Adarezer
947 3446 1150 3503 regem
1165 3439 1322 3496 Soba
1333 3441 1647 3498 dominum
1667 3460 1843 3500 suum
1860 3422 1948 3501 ret
1960 3422 2202 3516 cougre-

556 3518 717 3585 gavit
746 3525 955 3575 contra
974 3536 1113 3578 eum
1141 3526 1325 3592 viros,
1347 3534 1403 3584 et
1423 3529 1612 3586 factus
1632 3540 1718 3586 est
1736 3534 2009 3604 princeps
2025 3533 2199 3589 latro-

556 3618 706 3659 num
734 3620 875 3661 cum
902 3607 1253 3670 interﬁceret
1275 3630 1376 3671 eos
1398 3618 1625 3674 David:
1656 3620 2047 3695 abieruntque
2080 3624 2194 3677 Da-

558 3702 860 3761 mascum,
889 3697 946 3750 et
968 3695 1387 3760 habitaverunt
1405 3705 1506 3774 ibi,
1530 3708 1586 3763 et
1607 3709 2039 3767 constituerunt
2061 3726 2197 3765 eum

559 3791 765 3845 regem
793 3780 853 3834 in
873 3783 1173 3852 Damasco,
1187 3795 1430 3865 eratque
1454 3794 1831 3851 adversarius
1845 3797 2040 3852 lsraeli
2058 3814 2197 3853 cun-

560 3866 670 3921 ctis
701 3867 914 3926 diebus
934 3873 1266 3935 Salomonis
1290 3900 1303 3939 :
1329 3886 1384 3937 et
1411 3882 1526 3940 hoc
1554 3889 1641 3941 est
1666 3886 1892 3942 malum
1921 3882 2109 3953 Adad,
2142 3893 2197 3943 et

558 3955 762 4013 odium
776 3966 980 4052 contra
992 3967 1337 4052 Israel,regn
1346 3973 1575 4043 avitque
1587 3974 1647 4028 in
1663 3973 2194 4046 SyriaJ’lieroboam

552 4060 789 4120 quoque
813 4049 971 4107 ﬁlius
989 4049 1221 4112 Nabath
1250 4058 1618 4131 Euphrateus
1648 4062 1721 4117 de
1750 4063 1970 4120 Sareda
1991 4080 2195 4119 servus

551 4133 909 4207 Salomonis,
942 4141 1113 4213 cujus
1134 4152 1325 4202 mater
1353 4154 1477 4205 erat
1498 4152 1740 4206 nomine
1761 4153 1962 4218 Sarva,
1986 4151 2195 4208 mulier

545 4221 727 4279 vidua
741 4243 754 4280 :
767 4225 1001 4284 imvavit
1013 4242 1242 4288 manum
1255 4241 1463 4292 contra
1478 4253 1663 4309 regem
1676 4241 1761 4293 .Et
1774 4239 1895 4294 haec
1911 4245 1996 4295 est
2008 4255 2194 4296 causa

544 4310 888 4371 rebellionis
915 4316 1202 4374 adversus
1225 4338 1383 4393 eum,
1407 4326 1550 4395 quia
1573 4326 1853 4382 Salomon
1876 4327 2196 4384 aediﬁcavit

547 4395 738 4488 Helio,
757 4403 813 4454 et
827 4406 1511 4478 comquavitvoraginem
1532 4413 1783 4469 civitatis
1807 4413 1990 4470 David
2008 4416 2193 4488 patris

2305 3372 2395 3411 eo.
2435 3354 2603 3426 (Cap.
2648 3360 2767 3421 xu.)
2818 3355 2980 3410 Venit
3016 3360 3213 3411 autem
3257 3354 3531 3411 Roboam
3560 3356 3626 3412 in
3680 3355 3944 3426 Sichem;

2306 3444 2440 3499 illuc
2459 3442 2615 3497 enim
2631 3450 3022 3513 congregatus
3044 3447 3168 3499 erat
3184 3445 3384 3500 omnis
3398 3444 3672 3516 populus
3695 3420 3947 3500 israeiad

2309 3530 2784 3587 constituendum
2798 3546 2925 3586 eum
2938 3535 3390 3599 regem.Atvero
3417 3532 3785 3589 Hieroboam
3804 3531 3945 3586 ﬁlius

2305 3618 2557 3685 Nabath,
2598 3635 2735 3674 cum
2764 3618 2957 3675 adhuc
3002 3624 3157 3675 esset
3184 3621 3245 3676 in
3286 3616 3548 3693 [Egypto
3590 3621 3881 3694 profugus
3914 3612 3946 3675 ἃ

2302 3708 2451 3764 facie
2480 3708 2633 3776 regis
2663 3707 3013 3773 Salomonis,
3039 3708 3241 3765 audita
3270 3716 3461 3764 morte
3493 3709 3651 3780 ejus,
3683 3702 3945 3766 reversus

2303 3801 2389 3851 est
2412 3796 2485 3851 de
2512 3799 2780 3868 Egypto.
2814 3797 3213 3868 Miseruntque
3257 3800 3311 3853 et
3334 3802 3715 3854 vocaverunt
3760 3813 3891 3854 eum
3929 3812 3943 3852 :

2301 3883 2457 3940 venit
2482 3899 2622 3954 ergo
2660 3882 3032 3954 Hieroboam,
3066 3882 3121 3940 et
3157 3885 3356 3940 omnis
3398 3882 3730 3943 multitudo
3762 3884 3945 3948 Israel,

2301 3976 2358 4028 et
2383 3972 2563 4028 locuti
2591 3974 2726 4027 sunt
2772 3972 2849 4027 ad
2893 3970 3188 4039 Hoboam,
3248 3972 3510 4028 dicentes
3547 3992 3562 4030 :
3616 3974 3788 4031 Pater
3824 3968 3948 4030 tutis

2300 4060 2688 4116 durissimum
2704 4059 3408 4132 jugumimposuitnobis
3438 4082 3452 4118 :
3480 4065 3550 4117 tu
3576 4065 3786 4136 itaque
3802 4076 3947 4118 nunc

2298 4148 2587 4204 imminue
2604 4147 2912 4220 paululum
2940 4148 3014 4203 de
3030 4149 3280 4219 imperio
3298 4146 3485 4221 patris
3506 4150 3598 4205 tui
3611 4149 3947 4214 durissimo,

2300 4237 2441 4293 etde
2448 4237 2468 4308 j
2480 4252 2594 4305 ugo
2608 4235 2962 4305 gravissimo
2975 4236 3137 4309 quod
3158 4237 3440 4309 imposuit
3455 4238 3664 4305 nobis,
3680 4244 3738 4295 et
3755 4236 3951 4295 servie«

2300 4342 2437 4383 mus
2464 4325 2591 4381 tibi.
2619 4325 2723 4390 Qui
2750 4324 2829 4379 ait
2857 4325 2942 4379 eis
2980 4343 2993 4384 :
3026 4324 3103 4380 lte
3151 4341 3345 4399 usque
3375 4326 3454 4382 ad
3504 4329 3756 4384 tertium
3785 4326 3952 4389 diem,

2302 4418 2359 4471 et
2379 4411 2739 4469 revertimini
2786 4411 2863 4467 ad
2903 4428 3020 4470 me.
3066 4414 3332 4486 Cumque
3381 4414 3637 4472 abiisset
3685 4415 3952 4488 populus,

551 4483 663 4576 sui.
692 4487 825 4543 Erat
852 4493 1052 4547 autem
1077 4494 1433 4554 Hieroboam
1460 4501 1548 4555 vir
1566 4501 1731 4557 fortis
1756 4507 1813 4558 et
1838 4483 2041 4574 potens
2075 4522 2087 4559 :
2112 4504 2198 4560 vi-
2228 4519 2275 4574 1)
2305 4500 2725 4561 iniitconsilium
2742 4517 2837 4555 rex
2850 4499 3103 4556 Roboam
3118 4483 3720 4576 cum—senioribusqu—i
3738 4483 3955 4559 assiste-

558 4571 820 4647 densque
835 4577 1107 4637 Salomon
1121 4584 1543 4645 adolescentem
1557 4589 1722 4646 bona:
1736 4571 1949 4647 indolis
1963 4597 2017 4647 et
2033 4590 2198 4647 indu-

565 4661 797 4731 strium,
830 4670 1214 4728 constituerat
1242 4689 1376 4731 eum
1411 4677 1756 4748 praefectum
1778 4696 1955 4750 super
1985 4678 2202 4736 tributa

569 4751 861 4810 universae
873 4755 1091 4814 domus
1105 4758 1347 4835 Joseph.
1364 4767 1601 4822 Factum
1615 4766 1891 4837 estigitur
1903 4768 1965 4821 in
1978 4772 2093 4823 tem
2102 4783 2205 4839 po-

569 4853 633 4936 re
660 4839 778 4936 illo,
802 4848 865 4900 ut
886 4844 1238 4907 Hieroboam
1262 4855 1639 4923 egrederetur
1654 4854 1726 4911 de
1746 4854 2131 4926 Hierusalem,
2151 4858 2207 4911 et

570 4930 1211 5010 invenireteum.339
1230 4936 1405 4997 Abias
1423 4942 1693 5000 Silonites
1706 4944 1993 5015 propheta
2006 4944 2064 4998 in
2086 4942 2202 5009 via,

572 5022 814 5088 opertus
849 5022 1031 5093 pallio
1070 5042 1227 5083 novo
1260 5046 1273 5084 :
1306 5037 1473 5087 erant
1507 5036 1707 5087 autem
1737 5031 1859 5085 duo
1889 5034 2118 5085 tantum
2145 5031 2208 5086 in

570 5113 1307 5191 agro.Apprehendensque
1325 5119 1501 5175 Ahias
1515 5118 1758 5190 pallium
1773 5133 1947 5171 suum
1961 5133 2204 5183 novum,

570 5215 693 5274 quo
726 5208 1039 5274 coopertus
1070 5211 1213 5272 erat,
1244 5206 1417 5261 scidit
1455 5206 1517 5260 in
1559 5204 1875 5259 duodecim
1904 5209 2118 5275 partes,
2154 5210 2209 5261 et

570 5291 651 5347 ait
679 5288 756 5347 ad
778 5291 1131 5349 Hieroboam
1153 5310 1165 5347 :
1191 5292 1347 5348 Tolle
1374 5292 1479 5347 tibi
1502 5292 1709 5346 decem
1733 5291 2022 5346 scissuras
2053 5291 2208 5348 :hazc

569 5379 729 5435 enim
766 5379 906 5436 dicit
932 5378 1222 5436 Dominus
1253 5380 1409 5433 Deus
1440 5377 1655 5434 lsrael:
1688 5379 1806 5444 Ego
1840 5377 2105 5434 scindam
2126 5397 2211 5435 re-

570 5481 757 5536 gnum
769 5467 842 5522 de
854 5483 1043 5522 manu
1069 5465 1484 5528 Salomonis,et
1500 5463 1661 5519 dabo
1675 5463 1776 5517 tibi
1791 5464 1991 5519 decem
2010 5466 2206 5523 tribus.

570 5572 749 5629 porro
780 5570 901 5611 una
945 5552 1161 5621 tribus,
1191 5552 1523 5607 remanebit
1550 5551 1622 5616 ei,
1678 5560 1916 5623 propter
1975 5571 2211 5610 servum

2307 4590 2447 4645 bant
2459 4606 2652 4645 coram
2667 4588 2968 4645 Salomone
2982 4595 3139 4659 patre
3153 4589 3201 4660 ej
3214 4605 3435 4659 us,cum
3452 4589 3651 4647 adhuc
3670 4582 3957 4655 viveret,et

2310 4679 2391 4735 ait
2419 4677 2499 4731 eis
2532 4695 2545 4732 :
2572 4676 2742 4742 Quod
2774 4675 2930 4731 datis
2962 4677 3298 4746 consilium,
3332 4677 3396 4733 ut
3431 4678 3844 4750 respondeam
3866 4680 3959 4749 po-

2311 4765 2454 4838 pulo
2474 4764 2503 4819 ?
2526 4765 2634 4829 Qui
2662 4764 2938 4820 dixerunt
2965 4764 3017 4819 ei
3050 4780 3062 4820 :
3099 4763 3156 4820 Si
3179 4764 3358 4821 hodie
3402 4765 3715 4833 obedieris
3745 4762 3957 4840 populo

2312 4854 2470 4917 huic,
2504 4857 2559 4907 et
2587 4852 2878 4920 servieris,
2902 4856 2958 4907 et
2982 4852 3249 4923 petitioni
3270 4868 3479 4908 eorum
3500 4854 3783 4926 cesseris,
3812 4852 3959 4910 locu-

2316 4946 2528 5013 iusque
2547 4938 2726 4995 fueris
2760 4938 2839 4994 ad
2867 4955 2968 4994 eos
2995 4938 3179 4995 verba
3219 4938 3395 5005 lenia,
3440 4946 3621 4998 erunt
3662 4940 3771 4999 tibi
3820 4938 3962 4997 servi

2318 5028 2544 5085 cunctis
2572 5026 2783 5083 diebus
2815 5043 2827 5081 :
2859 5027 2962 5099 qui
2993 5027 3303 5100 dereliquit
3341 5028 3675 5086 consilium
3736 5040 3960 5093 senum,

2317 5115 2481 5188 quod
2527 5113 2815 5169 dederant
2855 5114 2929 5180 ei,
2977 5118 3032 5170 et
3072 5114 3345 5171 adhibuit
3382 5112 3834 5185 adolescentes,
3869 5114 3962 5188 qui

2316 5201 2521 5260 nutriti
2542 5199 2777 5256 fuerant
2798 5217 2931 5256 cum
2963 5218 3053 5268 eo,
3078 5207 3133 5257 et
3167 5202 3527 5259 assistebant
3553 5198 3661 5271 illi,
3708 5204 3968 5276 dixitque

2320 5292 2395 5347 ad
2418 5307 2513 5345 eos
2538 5306 2548 5341 :
2576 5289 2744 5353 Quod
2767 5289 2910 5344 mihi
2940 5289 3094 5345 dalis
3107 5290 3443 5358 consilium,
3469 5296 3533 5347 ut
3562 5291 3968 5365 respondeam

2319 5377 2543 5452 populo
2573 5376 2729 5439 huic,
2760 5377 2860 5447 qui
2894 5378 3325 5434 dixeruntmihi
3350 5379 3596 5435 :Levius
3626 5381 3725 5437 fac
3763 5381 3971 5451 jugum

2322 5465 2481 5537 quod
2500 5464 2787 5535 imposuit
2815 5469 3127 5533 patertuus
3153 5481 3332 5538 super
3352 5482 3457 5522 nos
3482 5466 3510 5522 ί)
3538 5462 3604 5522 Et
3628 5463 3973 5524 dixeruntei

2317 5557 2565 5625 juvenes
2580 5550 2681 5625 qui
2707 5551 2906 5607 nutriti
2921 5552 3152 5610 fuerant
3185 5570 3326 5611 eum
3352 5571 3423 5611 eo
3449 5571 3460 5611 :
3486 5548 3581 5611 Sic
3609 5552 3865 5629 quue're
3879 5572 3972 5626 po-

572 5648 778 5701 meum
801 5640 1009 5709 David,
1043 5640 1100 5698 et
1132 5638 1493 5697 Hierusalem
1513 5639 1832 5709 civitatem,
1860 5656 2043 5711 quam
2066 5641 2216 5712 elegi
2324 5638 2468 5713 p‘ulo
2522 5636 2680 5707 huic,
2712 5634 2815 5712 qui
2844 5638 3021 5695 locuti
3058 5644 3196 5697 sunt
3242 5638 3321 5698 ad
3364 5644 3419 5699 te
3460 5638 3735 5702 dicentes
3767 5662 3782 5701 :
3814 5636 3973 5702 Pater
