4194 6412
247 371 348 450 573

248 607 500 679 loqueris
526 606 601 662 ad
624 622 725 661 eos
751 624 762 661 :
789 607 1060 662 Minimus
1082 607 1300 676 digitus
1324 624 1493 664 meus
1528 610 1787 679 grossior
1809 617 1893 663 est

250 695 423 751 dorso
439 695 624 766 patris
670 694 807 749 mei.
840 698 902 750 Et
941 711 1101 750 nunc
1119 700 1285 767 pater
1308 713 1474 751 meus
1493 699 1693 768 posuit
1713 714 1893 769 super

249 785 576 855 vosjugum
600 799 794 853 grave,
823 800 933 853 ego
955 791 1155 840 autem
1189 786 1413 840 addam
1451 803 1628 857 super
1677 788 1890 858 jugum

249 877 922 944 vestrumzpatermeus
944 873 1153 928 cecidit
1192 890 1296 929 vos
1334 873 1752 945 ﬂagellis;ego
1785 889 1891 930 au-

250 965 362 1018 tem
383 961 613 1016 caedam
640 977 746 1016 vos
773 962 1215 1033 scorpionibus.
1244 965 1306 1017 Et
1330 979 1450 1018 non
1473 963 1765 1035 acquievit
1790 979 1892 1018 rex

249 1049 464 1123 populo
485 1050 800 1122 :quoniam
830 1048 1176 1105 adversatus
1195 1050 1384 1106 fuerat
1405 1067 1542 1106 eum
1575 1049 1888 1117 Dominus,

249 1143 309 1195 ut
333 1137 640 1194 suscitaret
663 1137 916 1193 verbum
947 1154 1145 1206 suum,
1177 1139 1342 1211 quod
1358 1139 1590 1195 locutus
1612 1139 1804 1195 fuerat
1831 1139 1892 1195 in

246 1243 425 1284 manu
446 1227 608 1282 Abiae
629 1227 884 1283 Silonitae
902 1227 980 1282 ad
1003 1227 1356 1283 Hieroboam
1391 1228 1581 1283 ﬁlium
1624 1227 1880 1284 Nabath.

245 1315 676 1387 Vidensitaque
701 1315 972 1388 populus,
1011 1316 1174 1387 quod
1201 1316 1489 1372 noluisset
1530 1333 1632 1372 eos
1684 1316 1890 1372 audire

245 1421 360 1473 rex,
394 1405 703 1478 respondit
724 1406 777 1461 ei
800 1405 1038 1463 dicens:
1062 1407 1202 1471 Quae
1221 1405 1394 1461 nobis
1414 1422 1552 1479 pars
1568 1406 1628 1461 in
1645 1407 1835 1462 David
1865 1407 1893 1460 ?

245 1495 334 1551 vel
349 1511 481 1567 quis
504 1494 806 1550 hereditas
835 1493 896 1549 in
916 1493 1040 1550 ﬁlio
1063 1496 1170 1549 lsai
1195 1495 1224 1552 ‘?
1242 1493 1398 1550 Vade
1418 1495 1479 1550 in
1506 1495 1892 1552 tabernacula

248 1588 344 1640 tua
385 1582 582 1649 Israel,
609 1598 769 1637 nunc
786 1583 919 1638 vide
946 1582 1197 1638 domum
1227 1586 1391 1638 tuam
1411 1583 1618 1641 David.
1651 1586 1716 1638 Et
1747 1583 1893 1640 abiit

249 1671 419 1728 Israel
444 1672 508 1726 in
528 1670 913 1727 tabernacula
943 1674 1269 1743 sua.Super
1290 1671 1445 1727 ﬁlios
1473 1675 1668 1728 autem
1696 1671 1887 1743 Israel,

249 1759 610 1832 quicumque
629 1759 1053 1815 habitabantin
1076 1761 1414 1816 civitatibus
1437 1760 1893 1831 Juda,regnavit

1411 395 1757 451 DOMINICA
1795 393 1866 450 IN
1907 368 2133 451 RAMIS
2173 378 2604 452 PALMARUM.

247 523 380 576 tuus
402 517 746 589 aggravavit
769 518 987 588 jugum
1008 521 1303 584 nostrum,
1333 521 1398 574 tu
1418 519 1614 576 releva
1634 536 1765 576 nos.
1799 519 1891 575 Sic
1923 519 1968 572 A

3547 399 3581 452 5

3585 385 3653 453 74

2607 518 2701 574 Ad
2759 520 3041 575 Tertiam.

2214 609 2618 664 Ecclesz'astic-i
2647 608 2978 664 Salomonis
2997 607 3170 677 (Cap.
3197 610 3440 680 xxxvn).

2075 708 2134 765 [tu
2173 699 2289 752 Deo
2323 698 2564 765 gratias.

2071 784 2195 849 Fili,
2225 785 2422 839 omnis
2459 785 2688 840 amicus
2719 785 2905 840 dicet:
2935 787 2995 840 Et
3027 799 3137 852 ego
3183 783 3506 840 amicitiam
3559 802 3653 843 co-

1999 871 2229 945 pulavi:
2252 872 2356 927 sed
2381 878 2470 928 est
2495 873 2724 928 amicus
2756 872 2881 928 solo
2908 872 3152 927 nomine
3173 871 3422 927 amicus.
3445 876 3648 930 Nonne

2002 961 2228 1017 tristitia
2248 961 2398 1017 inest
2430 979 2615 1032 usque
2644 961 2723 1017 ad
2753 967 3006 1018 mortem
3028 959 3300 1016 ?Sodalis
3341 965 3540 1016 autem
3594 963 3651 1017 et

2000 1049 2229 1105 amicus
2259 1050 2337 1105 ad
2362 1050 2728 1106 inimicitiam
2745 1051 3233 1106 convertentur.0
3256 1049 3648 1120 praesumptio

1997 1138 2552 1210 nequissima,unde
2583 1143 2779 1195 creata
2808 1153 2869 1193 es
2896 1137 3196 1210 cooperire
3229 1137 3463 1193 aridam
3481 1135 3650 1192 mali-

1997 1225 2098 1291 tia,
2142 1229 2196 1280 et
2247 1225 2560 1281 dolositate
2611 1224 3065 1282 illius?Sodalis
3121 1225 3316 1280 amico
3371 1224 3651 1281 condolet

1999 1329 2183 1368 causa
2210 1315 2448 1384 ventris,
2485 1319 2541 1370 et
2565 1320 2771 1371 contra
2801 1314 3038 1370 hostem
3097 1313 3348 1386 accipiet
3375 1316 3638 1369 scutum.

1999 1405 2126 1458 Non
2153 1401 2523 1458 obliviscaris
2567 1403 2745 1459 amici
2777 1404 2857 1459 tui
2878 1402 2939 1458 in
2985 1403 3187 1458 animo
3237 1405 3358 1466 tuo,
3405 1405 3461 1456 et
3525 1415 3650 1456 non

1999 1490 2320 1546 immemor
2351 1493 2428 1547 sis
2475 1491 2629 1547 illius
2658 1493 2717 1547 in
2749 1491 3034 1564 operibus
3067 1491 3202 1546 tuis.
3235 1490 3440 1547 Omnis
3461 1487 3652 1545 consi-

1997 1579 2202 1636 liarius
2256 1581 2453 1652 prodit
2508 1581 2841 1646 consilium,
2890 1579 2994 1635 sed
3024 1583 3112 1636 est
3161 1579 3536 1635 consiliarius
3588 1578 3650 1633 in

2001 1670 2342 1739 semetipso.
2361 1669 2754 1726 Aconsiliario
2780 1685 2954 1724 serva
2979 1669 3244 1725 animam
3271 1672 3433 1724 tuam
3454 1666 3651 1739 :prius

2000 1759 2145 1813 scito
2188 1774 2323 1831 quae
2380 1759 2451 1814 sit
2495 1758 2651 1814 illius
2700 1758 3138 1814 necessitaszet
3192 1758 3358 1828 quod
3410 1757 3538 1827 ipse
3585 1755 3649 1811 in

250 1847 535 1904 Roboam.
560 1848 706 1904 Misit
736 1863 877 1917 ergo
907 1865 1009 1903 rex
1035 1848 1305 1905 Roboam
1329 1850 1616 1918 Aduram,
1643 1850 1747 1921 qui
1768 1853 1894 1906 erat
1925 1863 1968 1917 Β
2000 1846 2202 1902 animo
2233 1863 2340 1902 suo
2361 1847 2674 1916 cogitabit:
2700 1861 2772 1901 ne
2801 1847 2946 1902 forte
2969 1847 3163 1901 mittat
3191 1845 3406 1900 sudem
3445 1845 3506 1898 in
3534 1849 3646 1899 ter-

254 1953 420 2010 super
459 1935 726 1993 tributa:
771 1943 827 1993 et
851 1937 1142 2009 lapidavit
1189 1954 1327 1993 eum
1372 1939 1567 1994 omnis
1597 1937 1792 2005 Israel,
1835 1942 1892 1994 et

248 2031 508 2082 mortuus
530 2031 635 2083 est.
667 2027 844 2082 Porro
893 2042 996 2081 rex
1017 2026 1286 2082 Roboam
1330 2027 1577 2082 festinus
1623 2026 1891 2083 ascendit

245 2131 498 2182 currum,
530 2120 588 2171 et
609 2116 758 2186 fugit
787 2116 845 2171 in
875 2115 1244 2172 Hierusalem
1267 2138 1278 2172 :
1301 2117 1656 2189 recessitque
1691 2115 1887 2184 Israel,

243 2222 272 2260 a
298 2205 476 2262 domo
510 2205 714 2270 David,
749 2221 944 2278 usque
973 2205 1034 2260 in
1064 2210 1395 2277 presentem
1426 2205 1609 2260 diem.
1645 2207 1890 2262 Factum

241 2299 322 2350 est
342 2298 547 2350 autem
581 2310 719 2349 cum
736 2293 999 2350 audisset
1019 2294 1214 2350 omnis
1233 2294 1598 2366 lsrael,quod
1614 2310 1888 2350 reversus

241 2387 388 2440 esset
412 2382 1174 2450 Hierohoam,miserunt,et
1197 2389 1565 2440 vocaverunt
1593 2399 1730 2440 eum
1749 2399 1888 2440 con-

241 2477 482 2543 gregato
521 2476 697 2538 coetu,
725 2478 782 2528 et
807 2474 1238 2528 constituerunt
1291 2489 1429 2528 eum
1478 2489 1680 2544 regem
1712 2489 1892 2546 super

241 2577 479 2618 omnem
500 2559 700 2630 Israel,
730 2576 840 2616 nec
867 2559 1044 2633 340
1063 2566 1302 2617 secutus
1332 2566 1417 2617 est
1459 2562 1759 2634 quispiam
1787 2563 1892 2617 do-

239 2667 402 2707 mum
433 2649 625 2706 David
647 2656 854 2722 praeter
870 2649 1088 2705 tribum
1103 2652 1131 2704 J
1140 2649 1258 2705 uda
1285 2649 1670 2706 solam.Venit
1689 2655 1890 2707 autem

236 2739 508 2796 Roboam
529 2738 916 2808 Hierusalem,
940 2742 996 2795 et
1017 2739 1402 2809 congregavit
1425 2739 1768 2795 universam
1787 2739 1888 2794 do-

235 2845 400 2884 mum
415 2827 598 2892 Juda,
630 2832 687 2883 et
716 2827 936 2884 tribum
988 2827 1296 2899 Benjamin
1328 2833 1563 2884 centum
1593 2828 1892 2896 octoginta

233 2917 394 2972 milia
415 2917 745 2972 electorum
802 2915 1064 2972 virorum
1088 2921 1141 2972 et
1171 2915 1548 2980 bellatorum,
1572 2921 1637 2972 ut
1664 2931 1894 2988 pugna-

233 3011 362 3062 rent
391 3001 604 3062 co’ntr‘d
627 3005 880 3060 domum
905 3004 1102 3067 Israel,
1146 3009 1202 3060 et
1248 3005 1599 3061 reducerent
1639 3020 1892 3074 regnum

237 3095 513 3151 Roboam
534 3093 657 3150 ﬁlio
715 3094 1076 3150 Salomonis.
1112 3097 1324 3150 Factus
1347 3098 1432 3150 est
1473 3098 1673 3150 autem
1696 3110 1893 3150 sermo

235 3183 473 3240 Domini
496 3183 574 3239 ad
590 3183 887 3240 Semeiam
902 3184 1094 3239 virum
1115 3183 1238 3247 Dei,
1262 3183 1492 3238 dicens:
1522 3186 1784 3256 Loquere
1814 3182 1892 3238 ad

237 3273 510 3330 Boboam
532 3272 722 3328 ﬁlium
744 3273 1078 3330 Salomonis
1090 3288 1294 3343 regem
1313 3272 1552 3340 Juda,et
1571 3272 1648 3328 ad
1670 3289 1893 3327 omnem

235 3357 488 3418 domum
515 3363 686 3427 Juda,
721 3366 775 3418 et
824 3363 1150 3434 Benjamin,
1182 3366 1237 3418 et
1265 3363 1519 3435 reliquos
1548 3359 1621 3417 de
1643 3361 1888 3436 populo,

232 3437 439 3507 dicens
466 3468 478 3506 :
502 3453 634 3506 Haec
661 3451 801 3506 dicit
828 3451 1143 3508 Dominus:
1167 3454 1294 3507 Non
1320 3451 1664 3517 ascendetis,
1698 3465 1893 3522 neque

229 3540 529 3596 bellabitls
551 3544 758 3596 contra
788 3539 994 3596 fratres
1024 3545 1256 3596 vestros
1296 3540 1444 3596 ﬁlios
1477 3539 1652 3598 Israel
1672 3558 1681 3593 :
1703 3555 1892 3595 rever-

231 3631 389 3684 tatur
414 3629 504 3684 vir
533 3629 592 3684 in
625 3631 871 3685 domum
903 3645 1112 3696 suam;
1137 3645 1173 3685 a
1197 3645 1294 3684 me
1334 3629 1494 3684 enim
1547 3631 1771 3685 factum
1803 3633 1894 3685 est

226 3716 484 3773 verbum
517 3718 650 3773 hoc.
685 3717 1012 3772 Audierant
1045 3733 1384 3773 sermonem
1407 3718 1664 3781 Domini,
1707 3723 1763 3773 et
1789 3733 1888 3773 re-

227 3804 389 3861 versi
414 3808 551 3859 sunt
572 3805 644 3860 de
669 3803 893 3871 itinere,
920 3805 1070 3859 sicut
1092 3805 1175 3858 eis
1199 3810 1560 3877 praeceperat
1581 3807 1888 3862 Dominus.

232 3901 301 3964 ne.
327 3894 538 3946 Amen.

308 3997 594 4066 Hymnus.
629 3996 823 4053 Noctis
849 4000 1084 4068 tempus
1107 3995 1236 4068 jam
1269 3999 1548 4068 praeterit.
1574 3999 1627 4067 f.
1658 4003 1786 4054 257.

309 4103 616 4172 Capitula.
634 4103 861 4160 Exaudi
891 4103 1140 4159 Domine
1158 4103 1604 4160 lamentabilem
1623 4104 1894 4160 Ecclesiae

231 4198 353 4252 tuae
384 4193 672 4262 gemitum
709 4192 845 4265 ;qui
874 4209 983 4265 pro
1013 4208 1084 4248 ea
1113 4191 1401 4248 sustulisti
1448 4192 1731 4263 injuriam
1763 4209 1897 4264 pas-

232 4283 477 4340 sionum
499 4301 510 4337 :
531 4281 876 4352 ignominiis
932 4286 1150 4350 careat,
1207 4296 1342 4353 quia
1373 4298 1434 4338 se
1455 4283 1750 4339 salvatam
1781 4283 1895 4338 tuis

230 4370 624 4445 passionibus
673 4371 944 4439 ignorat:
981 4375 1047 4426 ut
1091 4370 1436 4427 aeternitatis
1483 4375 1598 4426 tum
1642 4370 1893 4441 judicio,

231 4466 288 4518 et
318 4476 741 4534 pressurarum
760 4476 895 4515 eam
917 4460 1400 4516 tribulationibus
1428 4460 1673 4528 releves,
1704 4466 1758 4516 et
1790 4461 1894 4517 tibi

231 4549 649 4606 coronandam
673 4549 799 4604 sine
823 4549 939 4604 ﬁne
966 4549 1250 4606 associes.

302 4658 474 4711 Pater
495 4658 714 4710 noster.

302 4759 538 4817 Lauda.
570 4760 939 4832 Inquirentes
981 4761 1307 4816 Dominum
1329 4775 1452 4816 non
1487 4759 1765 4816 deﬁcient
1815 4760 1892 4816 ab

233 4849 400 4905 omni
424 4848 816 4904 bono.Venite
837 4849 1168 4915 ﬁlii,audite
1201 4865 1295 4904 me
1325 4867 1338 4905 :
1366 4848 1894 4905 timoremDomini

233 4938 462 4994 decebo
488 4953 616 4992 vos.
637 4937 697 4996 ἵ.
718 4937 985 4993 Redimet
1004 4939 1290 4993 Dominus
1322 4937 1558 4994 animas
1582 4954 1891 4993 servorum

235 5032 486 5083 suo'rUm
510 5043 522 5081 :
549 5030 604 5081 et
635 5041 755 5082 non
786 5025 1155 5098 derelinquet
1175 5033 1385 5082 omnes
1431 5027 1536 5099 qui
1562 5030 1804 5098 sperant
1831 5026 1892 5082 in

234 5125 399 5173 eum.

306 5221 909 5294 0ratio.lnquirentes
932 5223 984 5278 te
1007 5221 1256 5276 Domine
1285 5221 1604 5292 dignanter
1630 5222 1846 5278 exaudi
1876 5239 1888 5287 ;

230 5313 410 5382 atque
427 5310 562 5365 utin
586 5315 638 5364 te
652 5309 928 5366 laudetur
942 5310 1144 5365 anima
1164 5310 1685 5382 nostra,propitius
1702 5308 1893 5364 indul-

230 5399 574 5470 torimperti
601 5415 612 5453 :
642 5401 700 5453 et
725 5399 866 5470 quia
892 5399 1062 5469 juxta
1084 5414 1146 5453 es
1173 5399 1264 5453 his
1287 5398 1391 5470 qui
1441 5398 1719 5455 tribulato
1751 5402 1892 5453 sunt

227 5487 429 5554 corde,
464 5503 670 5542 aurem
691 5491 855 5543 tuam
877 5488 953 5542 ad
976 5485 1392 5541 contritionem
1421 5487 1610 5543 nostri
1646 5485 1889 5557 spiritus

227 5577 532 5648 pande:et
558 5576 633 5630 ad
670 5592 898 5647 pacem,
937 5592 1071 5648 quin
1117 5579 1438 5646 exsuperat
1486 5591 1728 5631 omnem
1759 5591 1889 5629 sen-

231 5681 390 5731 sum,
426 5679 680 5735 corpora
717 5669 921 5721 nostra
945 5671 1002 5722 et
1027 5663 1211 5720 corda
1241 5667 1537 5721 converte.
1572 5676 1636 5735 It.
1662 5661 1876 5721 Amen.

1998 1951 2149 2002 ram,
2205 1941 2258 1991 et
2310 1936 2470 1992 dicat
2515 1935 2655 1992 tibi:
2700 1937 2866 1991 Bona
2920 1940 3007 1990 est
3059 1936 3156 1990 via
3187 1940 3325 2004 tua;
3358 1937 3414 1989 et
3452 1937 3562 1988 stet
3615 1948 3647 1988 θ

2000 2024 2294 2080 contrario
2323 2025 2522 2079 videre
2559 2024 2705 2096 quid
2730 2024 2833 2079 tibi
2867 2023 3118 2079 eveniat.
3155 2025 3301 2077 Cum
3356 2020 3484 2076 viro
3515 2019 3650 2076 reli-

2000 2112 2166 2182 gioso
2198 2116 2384 2169 tracta
2405 2113 2477 2168 de
2505 2113 2830 2180 sanctitate,
2855 2116 2909 2168 et
2939 2128 3076 2167 cum
3095 2111 3258 2182 justo
3297 2110 3371 2166 de
3398 2109 3646 2182 justitia.

1999 2212 2063 2272 ﬁ».
2098 2202 2306 2257 Amen.
2549 2248 2554 2252 .

2070 2292 2422 2361 Antiphona
2450 2295 2493 2347 l.
2521 2291 2836 2347 Astiterunt
2860 2306 3029 2360 reges
3063 2293 3249 2355 terrae,
3271 2291 3326 2344 et
3351 2287 3652 2360 principes

2001 2386 2405 2438 convenerunt
2427 2381 2486 2436 in
2513 2396 2722 2445 unum,
2753 2379 3042 2435 adversus
3093 2377 3434 2444 Dominum,
3469 2375 3525 2430 et
3551 2374 3656 2430 ad-

1997 2488 2206 2529 versus
2230 2471 2524 2528 Christum
2544 2471 2692 2541 ejus.
2709 2468 2769 2529 )7.
2807 2469 3260 2540 Disrumpamus
3284 2464 3527 2521 vincula
3558 2480 3655 2521 eo-

1997 2577 2132 2618 rum
2158 2576 2169 2614 :
2196 2564 2250 2615 et
2281 2559 2669 2632 projiciamus
2689 2574 2724 2613 a
2743 2558 2918 2613 nobis
2935 2558 3151 2628 jugum
3178 2556 3397 2628 ipsum.

2073 2650 2296 2705 Oratio.
2328 2647 2547 2704 Christe
2593 2649 2766 2718 Deus,
2825 2646 2986 2718 apud
3017 2661 3199 2717 quem
3260 2658 3430 2713 reges
3479 2646 3648 2698 terrae

2000 2739 2311 2794 astiterunt
2330 2736 2683 2791 meditantes
2707 2735 2931 2799 inania,
2960 2737 3014 2790 et
3031 2733 3330 2805 principes
3351 2745 3646 2806 convenef

1997 2825 2275 2892 runt;da
2312 2824 2486 2880 nobis
2537 2823 2789 2896 speciale
2854 2839 3078 2877 munus
3127 2820 3242 2876 hoc
3296 2819 3524 2891 gratim,
3583 2821 3649 2872 ut

2001 2915 2271 2972 adversis
2297 2915 2634 2970 nesciamus
2658 2912 2778 2968 ullo
2836 2910 3019 2966 modo
3057 2907 3296 2966 cedere:
3331 2923 3453 2980 quo
3481 2906 3564 2961 sic
3584 2906 3646 2960 in

2001 3005 2197 3061 furore
2224 3009 2326 3061 tuo
2356 3001 2672 3059 inﬁdelitas
2707 2999 3110 3062 conturbetur,
3146 3003 3209 3053 ut
3230 2997 3323 3052 lex
3348 2993 3648 3067 adjutorio

2000 3098 2209 3150 nostra
2229 3091 2545 3148 credulitas
2584 3094 2920 3147 coronetur.
2948 3099 3012 3160 BI.
3045 3091 3254 3142 Amen.

1922 3213 1964 3271 Ο
2072 3182 2421 3251 Antiphona
2451 3185 2502 3235 2.
2537 3182 2742 3234 Genua
2768 3193 2904 3233 mea
2924 3176 3225 3232 inﬁrmata
3256 3177 3394 3229 sunt
3419 3187 3540 3269 prae
3569 3171 3652 3270 je-

1997 3271 2168 3343 junio
2194 3287 2206 3325 :
2236 3275 2292 3326 et
2315 3285 2454 3324 caro
2501 3283 2638 3323 mea
2687 3267 3004 3321 immutata
3045 3269 3132 3319 est
3157 3267 3398 3336 propter
3430 3257 3655 3315 miseri-

2002 3359 2368 3415 cordiam-Et
2393 3373 2502 3427 ego
2529 3357 2720 3412 factus
2772 3371 2908 3410 sum
2959 3352 3348 3425 opprobrium
3402 3347 3534 3404 illis.
3586 3346 3648 3408 ἲν.

2003 3451 2154 3504 Deus
2184 3446 2425 3503 laudem
2457 3462 2657 3501 meam
2680 3460 2754 3500 ne
2781 3443 3032 3500 tacueris
3058 3440 3377 3514 :quoniam
3414 3455 3482 3494 os
3519 3451 3654 3509 pec-

2001 3537 2237 3602 catoris,
2262 3541 2316 3592 et
2341 3552 2406 3591 os
2430 3533 2623 3590 dolosi
2651 3549 2831 3605 super
2857 3548 2953 3587 me
2992 3533 3266 3604 apertum
3295 3531 3399 3583 est.

2074 3627 2298 3682 Oratio.
2331 3624 2635 3695 Unigenite
2667 3622 2764 3678 Fili
2791 3622 2907 3692 Dei,
2949 3622 3118 3691 cujus
3149 3619 3208 3674 in
3231 3616 3459 3690 jejunio
3489 3612 3648 3669 inﬁr-

1999 3720 2164 3770 mata
2188 3717 2324 3768 sunt
2349 3728 2566 3782 genua;
2591 3711 2884 3783 cujusque
2907 3725 3047 3765 caro
3074 3709 3391 3763 immutata
3414 3707 3500 3759 est
3519 3717 3653 3775 pro-

2000 3809 2129 3876 pter
2153 3805 2353 3859 oleum
2383 3819 2394 3857 :
2421 3803 2513 3857 fac
2538 3818 2647 3857 nos
2679 3805 2818 3872 post
2843 3804 2895 3856 te
2953 3798 3272 3855 efﬁcaciter
3327 3809 3561 3851 currere
3592 3792 3655 3847 in

2002 3892 2251 3948 odorem
2282 3896 2762 3960 unguentorum;
2786 3894 2850 3945 ut
2873 3888 2978 3960 qui
3007 3887 3200 3942 factus
3227 3889 3317 3941 est
3351 3885 3411 3939 in
3437 3897 3654 3954 oppro-

2002 3980 2200 4036 brium
2225 3978 2487 4034 inimicis
2507 3978 2744 4042 nostris,
2775 3976 3051 4032 eiticiaris
3070 3974 3335 4047 potentia
3353 3970 3650 4028 salutaris.

2005 4079 2068 4139 ἢ.
2096 4071 2307 4123 Amen.

2074 4156 2424 4225 Antiphona
2447 4159 2497 4210 3.
2546 4155 2688 4223 Ego,
2739 4152 3006 4221 Domine,
3054 4167 3191 4205 cum
3230 4147 3373 4204 mihi
3423 4145 3659 4202 molesti

2005 4243 2557 4311 essent,induebam
2581 4258 2675 4297 me
2703 4241 2995 4298 cilicio.Et
3020 4237 3411 4294 humiliabam
3428 4234 3656 4306 injeju-

2003 4334 2103 4390 nio
2130 4332 2399 4389 animam
2428 4347 2658 4387 meam:
2684 4335 2739 4386 et
2765 4329 2951 4385 oratio
2970 4345 3105 4384 mea
3130 4329 3190 4384 in
3208 4329 3345 4383 sinu
3361 4341 3497 4381 meo
3519 4340 3657 4380 con-

2003 4422 2362 4478 vertebatur.
2393 4420 2455 4480 .V.
2492 4419 2652 4477 Sicut
2696 4417 3061 4491 proximum,
3126 4422 3181 4473 et
3229 4417 3378 4472 sicut
3414 4415 3657 4470 fratrem

2004 4509 2382 4574 nostrum,ita
2401 4507 2856 4581 complacebam
2883 4525 2894 4561 :
2927 4511 3235 4579 tamquam
3277 4505 3491 4576 lugens
3518 4517 3655 4558 con-

2003 4600 2286 4666 tristatus,
2314 4599 2397 4654 ita
2419 4597 2801 4653 humiliabar.
2833 4597 2965 4653 Non
2993 4597 3235 4652 dicatur
3261 4593 3482 4650 Gloria.

2076 4699 2140 4752 Ri.
2168 4687 2446 4743 Animam
2470 4702 2670 4742 meam
2693 4685 2971 4741 dilectam
2997 4683 3215 4740 tradidi
3253 4683 3316 4738 in
3370 4679 3652 4737 manibus

2004 4777 2375 4833 inimicorum
2405 4791 2698 4832 meorum.
2734 4777 2800 4829 Et
2821 4774 2978 4829 facta
3003 4777 3090 4829 est
3160 4772 3304 4827 mihi
3355 4769 3655 4825 hereditas

2002 4882 2138 4921 mea
2166 4871 2478 4937 tamquam
2499 4864 2591 4919 leo
2622 4863 2680 4918 in
2709 4862 2882 4919 silva:
2912 4861 3074 4917 dedit
3098 4865 3304 4916 contra
3339 4875 3434 4915 me
3449 4875 3656 4915 vocem

2003 4953 2395 5020 adversarius,
2426 4953 2657 5007 dicens:
2688 4950 3230 5022 Congregamini,et
3251 4953 3564 5022 properate
3579 4947 3656 5004 ad

2003 5041 2419 5098 devorandum
2446 5041 2611 5096 illum
2634 5045 3101 5113 :posueruntme
3118 5039 3176 5094 in
3201 5038 3502 5094 desertum
3522 5037 3658 5094 soli-

2003 5131 2388 5186 tudinis.P.Et
2420 5129 2568 5185 luxit
2595 5145 2773 5202 super
2805 5145 2898 5184 me
2930 5128 3126 5184 omnis
3153 5133 3327 5193 terra,
3363 5127 3506 5199 quia
3536 5141 3658 5182 non

2003 5223 2090 5275 est
2117 5219 2528 5290 inventus,qui
2550 5235 2645 5273 me
2676 5223 3196 5289 cognosceret,nec
3226 5218 3444 5272 faceret
3473 5214 3646 5270 bene.

2001 5307 2065 5367 Ψ.
2090 5311 2415 5363 Posuerunt
2441 5322 2537 5361 me
2559 5307 2619 5362 in
2668 5307 2803 5363 lacu
2825 5306 3091 5361 inferiori
3128 5307 3188 5360 in
3221 5303 3477 5361 tenebris
3508 5306 3565 5357 et
3601 5303 3664 5356 in

2001 5397 2215 5452 umbra
2242 5396 2473 5452 mortis.
2507 5397 2570 5449 P.
2605 5397 2666 5451 Et
2688 5395 2856 5451 luxit.
2886 5397 3225 5451 Retteretur
3262 5405 3331 5465 ἣν.

2069 5486 2298 5541 Preces.
2326 5488 2558 5540 Precem
2584 5485 2789 5555 populi
2821 5484 2923 5548 tui,
2967 5483 3234 5551 Domine,
3280 5477 3540 5535 attende.
3591 5478 3652 5531 P.

1998 5578 2258 5645 Etparce
2281 5573 2539 5645 peccatis
2567 5573 2806 5636 nostris,
2840 5571 2983 5644 quia
3032 5572 3164 5642 pius
3206 5585 3285 5621 es.
3340 5563 3509 5636 34],
3576 5563 3642 5622 ἵ.

1997 5662 2234 5718 Creator
2262 5657 2461 5717 Mundi
2494 5659 2763 5724 Domine,
2788 5658 2894 5729 qui
2931 5656 3268 5726 aequitatem
3296 5651 3558 5723 judicas,
3594 5656 3650 5706 tu
