4194 6468
179 291 275 353 581

248 411 439 473 Lectio
472 409 615 466 libri
644 408 973 467 Malachim
1007 412 1133 478 (III
1155 412 1380 483 Regum
1412 428 1544 482 cap.
1588 410 1750 477 xvn).

252 514 312 571 Bg.
348 503 459 556 Deo
491 497 733 567 gratias.

254 593 311 644 In
326 587 428 643 illis
443 585 644 641 diebus
658 582 887 640 locutus
903 589 987 640 est
1002 585 1275 641 Dominus
1290 587 1361 643 ad
1377 586 1585 642 Heliam
1598 582 1825 641 Thesbi-

184 684 315 742 tem,
331 674 560 731 dicens:
581 673 800 729 Recede
814 673 972 738 hinc,
990 675 1209 731 etvade
1223 681 1431 730 contra
1448 674 1754 739 orientem,
1771 676 1826 728 et

184 764 526 828 abscondere
539 762 594 816 in
612 766 853 819 torrente
871 763 1183 835 Carith,qui
1197 771 1279 820 est
1292 770 1494 819 contra
1506 763 1820 831 Jordanem,

183 853 420 926 et355
440 851 519 908 ibi
536 850 895 913 deitorrente
924 852 1096 908 bibes
1118 874 1128 911 :
1153 854 1463 924 corvisque
1487 852 1743 923 praecepi
1765 854 1828 906 ut

181 946 419 1017 pascant
448 944 503 997 te
540 938 642 995 ibi.
700 940 856 995 Abiit
908 956 1069 1011 ergo,
1106 945 1163 997 et
1204 941 1339 997 fecit
1361 941 1532 1010 juxta
1574 939 1827 995 verbum

178 1031 449 1093 Domini:
486 1044 745 1100 cumque
777 1028 1041 1099 abiisset,
1076 1031 1227 1085 sedit
1258 1029 1317 1085 in
1337 1032 1589 1085 torrente
1607 1027 1823 1098 Carith,

179 1121 279 1195 qui
295 1123 381 1177 est
397 1122 606 1175 contra
618 1117 953 1174 Jordanem.
978 1119 1147 1175 Corvi
1160 1134 1401 1191 quoque
1417 1117 1759 1174 deferebant
1775 1116 1827 1173 ei

180 1224 396 1283 panem
426 1211 483 1264 et
506 1222 719 1263 carnes
751 1222 949 1273 mane,
984 1207 1251 1263 similiter
1271 1222 1491 1278 panem
1540 1211 1596 1262 et
1618 1220 1827 1260 carnes

179 1297 424 1368 vesperi,
446 1294 764 1352 etbibebat
789 1295 863 1351 de
890 1300 1165 1351 torrente.
1204 1297 1340 1352 Post
1360 1295 1486 1350 dies
1504 1298 1703 1350 autem
1725 1292 1829 1349 ali-

178 1390 433 1458 quantos
457 1383 710 1440 siccatus
727 1388 815 1439 est
835 1388 1066 1440 torrens
1097 1400 1110 1438 :
1144 1400 1265 1440 non
1292 1385 1451 1440 enim
1473 1384 1707 1454 pluerat
1733 1399 1829 1438 su-

177 1490 280 1547 per
295 1479 541 1530 terram.
576 1475 787 1529 Factus
812 1477 901 1529 est
922 1490 1063 1544 ergo
1085 1490 1280 1529 sermo
1304 1471 1542 1528 Domini
1566 1472 1644 1527 ad
1666 1487 1824 1539 eum,

177 1563 379 1618 dicens
410 1579 423 1613 :
461 1563 667 1631 Surge,
688 1561 911 1617 etvade
932 1562 992 1616 in
1018 1564 1324 1633 Sareptam
1353 1560 1754 1626 Sidoniorum,
1775 1563 1831 1615 et

178 1651 448 1708 manebis
480 1650 563 1705 ibi
592 1666 604 1703 :
638 1650 893 1722 prmcepi
925 1650 1084 1705 enim
1134 1650 1215 1704 ibi
1270 1649 1499 1704 mulieri
1530 1649 1725 1704 vidum
1765 1652 1829 1703 ut

1358 283 1711 344 DOMINIGA
1748 280 1825 341 IN
1859 274 2079 345 “AMIS
2113 290 2536 350 PALMABUM.

3481 298 3586 359 582

1854 410 1902 463 A
2002 414 2292 483 Hymnus.
2334 418 2529 474 Noctis
2555 421 2792 490 tempus
2819 421 2965 490 jam.
2993 423 3101 491 fol.
3136 428 3257 480 257.

2004 502 2306 571 Capitula.
2344 505 2499 560 Deus
2536 505 2633 560 Dei
2676 507 2795 571 Fili,
2844 508 2943 578 qui
2974 509 3227 579 diligens
3270 514 3494 579 oderis,
3535 516 3592 571 et

1934 606 2178 659 parcens
2193 594 2549 648 occidendus
2564 595 2634 648 im
2643 595 2871 664 peteris,
2887 596 3017 651 dum
3032 600 3092 652 in
3107 603 3585 669 persecutoribus

1935 679 2073 743 tuis,
2099 681 2458 750 etbenignus
2483 683 2841 748 ostenderis,
2861 686 3581 757 etmisericorsinveniris;

1935 767 2014 822 da
2044 769 2237 835 nobis,
2270 776 2333 825 ut
2362 786 2467 841 per
2495 772 2792 841 passionis
2821 776 2935 828 tum
2961 774 3229 839 vulnera,
3260 781 3466 834 nostra
3493 795 3589 835 ex-

1934 854 2172 926 pientur
2196 857 2412 914 delicta
2446 876 2456 913 :
2485 866 2571 925 ut,
2608 862 2711 931 qui
2742 862 2984 917 humilis
3013 879 3123 934 pro
3162 864 3339 920 nobis
3367 881 3587 936 passus

1935 958 2001 999 es
2019 952 2291 1017 mortem,
2322 947 2617 1016 gloriosus
2640 954 2926 1007 aeternam
2952 952 3130 1008 nobis
3162 951 3390 1010 tribuas
3420 954 3587 1011 clari-

1938 1037 2116 1089 tatem
2130 1079 2143 1091 .

2006 1124 2186 1180 Pater
2216 1129 2435 1181 noster.

2006 1211 2372 1267 Lauda.llmc
2394 1218 2481 1269 est
2497 1214 2801 1285 generatio
2823 1216 3222 1287 quaerentium
3243 1219 3589 1276 Dominumi

1935 1299 2366 1369 requirentium
2389 1302 2601 1358 faciem
2620 1304 2721 1359 Dei
2737 1305 2939 1360 Jacob.
2959 1306 3024 1366 v.
3049 1308 3281 1363 Domini
3301 1311 3388 1364 est
3406 1313 3587 1376 terra,

1937 1391 1993 1441 et
2019 1387 2327 1458 plenitudo
2352 1392 2482 1461 ejus
2513 1409 2524 1447 :
2556 1392 2718 1448 orbis
2756 1398 3068 1460 terrarum,
3102 1400 3159 1451 et
3182 1395 3443 1453 universi
3484 1414 3589 1469 qu,

1936 1473 2208 1532 habitant
2232 1479 2291 1533 in
2321 1495 2412 1534 eo.

2012 1566 2236 1623 Oratio.
2279 1568 2478 1624 Educa
2517 1571 2763 1626 Domine
2790 1588 2968 1643 super
2998 1589 3222 1645 aquam
3253 1574 3590 1631 refectionis

1937 1652 2197 1723 plebem,
2216 1672 2402 1727 quam
2422 1656 2694 1714 formasti
2712 1676 2818 1731 per
2834 1676 3059 1734 aquam
3080 1662 3463 1734 baptismatis
3486 1680 3503 1716 :
3526 1666 3591 1718 ut

174 1744 379 1816 pascat
411 1744 490 1797 te.
526 1739 805 1807 Surrexit,
840 1744 893 1793 et
922 1739 1067 1795 abiit
1094 1740 1154 1793 in
1202 1740 1512 1809 Sareptam
1561 1737 1825 1794 Sidonio-
1857 1757 1902 1813 Β
1935 1740 2230 1810 legalibus
2258 1744 2889 1815 inebriataadoctrinis,
2922 1750 3058 1805 illuc
3088 1755 3352 1806 nostrum
3397 1750 3593 1822 rapiat

174 1846 327 1886 rum.
348 1829 622 1900 Cumque
642 1826 903 1882 venisset
922 1827 998 1882 ad
1015 1832 1244 1898 portam
1264 1825 1540 1889 civitatis,
1562 1825 1829 1898 apparuit

178 1917 225 1991 ei
259 1916 475 1972 mulier
496 1916 679 1971 vidua
710 1914 995 1985 colligens
1022 1914 1203 1986 ligna,
1239 1919 1295 1970 et
1313 1915 1545 1970 vocavit
1567 1930 1721 1980 eam,
1742 1914 1829 1969 di-

176 2007 371 2081 xitque
389 2006 476 2061 ei:
506 2005 590 2061 Da
608 2004 744 2081 mihi
760 2004 1063 2077 paululum
1081 2020 1253 2075 aqum
1273 2004 1332 2059 in
1346 2020 1507 2069 vase,
1529 2008 1593 2058 ut
1608 2003 1827 2057 bibam.

180 2079 443 2166 Cumque
472 2093 572 2150 illa
600 2079 872 2165 pergeret
890 2097 951 2149 ut
976 2092 1231 2159 afferret,
1259 2092 1541 2148 clamavit
1565 2096 1701 2163 post
1724 2096 1830 2146 ter-

172 2199 312 2255 gum
331 2184 488 2254 ejus,
506 2182 711 2238 dicens
737 2199 752 2235 :
776 2181 931 2237 Aﬁ‘er
950 2182 1114 2247 mihi,
1134 2180 1405 2249 obsecro,
1426 2185 1481 2235 et
1498 2180 1831 2235 buccellam

172 2272 344 2344 panis
366 2272 431 2327 in
453 2287 640 2327 manu
660 2274 782 2327 tua.
814 2272 951 2335 Qum
978 2269 1291 2341 respondit
1318 2289 1330 2328 :
1371 2269 1522 2324 Vivit
1546 2268 1831 2323 Dominus

170 2360 326 2417 Deus
358 2366 527 2429 tuus,
559 2359 702 2431 quia
740 2375 861 2414 non
883 2358 1081 2414 habeo
1120 2374 1364 2430 panem,
1392 2358 1505 2412 nisi
1537 2362 1832 2429 quantum

165 2450 441 2525 pugillus
463 2466 670 2523 capere
686 2454 881 2522 potest
898 2449 1099 2505 farinm
1114 2449 1172 2504 in
1189 2448 1425 2520 hydria,
1446 2454 1501 2504 et
1517 2448 1829 2520 paululum

164 2541 275 2598 olei
290 2542 351 2597 in
364 2540 730 2614 lecythozen
758 2538 971 2609 colligo
998 2540 1114 2594 duo
1144 2538 1326 2610 ligna,
1354 2542 1415 2594 ut
1444 2538 1749 2609 ingrediar
1777 2541 1832 2593 et

1938 1830 2320 1897 desiderium,
2372 1834 2473 1889 ubi
2505 1838 2558 1889 te
2598 1835 2742 1891 dare
2784 1842 3073 1893 mternum
3116 1839 3415 1910 promittis
3444 1855 3593 1910 prm-

1937 1920 2128 1974 mium
2162 1923 2492 1977 Beatorum.
2528 1934 2590 1992 Iv.
2626 1926 2837 1983 Amen.

2552 2014 2651 2066 Ad
2682 2014 2961 2070 Tertiam.

2205 2100 2606 2156 Ecclesiastici
2633 2102 2969 2159 Salomonis
2993 2102 3165 2174 (Cap.
3192 2106 3316 2175 xv).

2014 2197 2076 2254 Βτ.
2114 2187 2230 2241 Deo
2254 2189 2492 2257 gratias.

2014 2274 2133 2344 Fili,
2156 2276 2341 2331 multa
2358 2282 2445 2332 est
2470 2278 2765 2350 sapientia
2796 2282 2932 2347 Deo,
2953 2283 3009 2335 et
3030 2280 3195 2336 fortis
3220 2280 3280 2335 in
3302 2283 3589 2352 potentia,

1940 2361 2149 2417 videns
2180 2380 2391 2420 omnes
2424 2369 2548 2422 sine
2579 2366 3040 2425 intermissione.
3076 2369 3240 2424 Oculi
3258 2370 3492 2425 Domini
3512 2369 3593 2426 ad

1941 2450 2215 2506 timentes
2246 2468 2405 2519 eum,
2429 2458 2484 2509 et
2507 2455 2635 2526 ipse
2658 2457 2927 2526 agnoscit
2948 2472 3193 2513 omnem
3210 2474 3458 2529 operam
3487 2459 3594 2514 ho-

1940 2540 2138 2595 minis.
2158 2542 2450 2598 Attendite
2464 2543 2542 2598 ab
2563 2545 2806 2601 homine
2826 2546 3055 2618 iniquo,
3076 2551 3132 2602 et
3149 2562 3185 2602 a
3200 2548 3479 2618 proximo
3492 2564 3588 2604 ca-

163 2630 389 2689 faciam
426 2630 581 2687 illud
618 2629 765 2685 mihi
795 2634 851 2685 et
877 2628 1000 2685 ﬁlio
1038 2644 1195 2694 meo,
1228 2632 1292 2684 ut
1316 2628 1726 2693 comedamus,
1776 2631 1833 2682 et

158 2722 528 2779 moriamur.
560 2718 649 2775 Ad
680 2734 866 2790 quam
906 2717 1098 2774 Helias
1124 2716 1205 2773 ait
1237 2734 1250 2771 :
1284 2716 1412 2772 Noli
1441 2716 1667 2780 timere,
1723 2715 1831 2771 sed

157 2810 333 2875 vade,
361 2815 423 2865 et
447 2808 566 2877 fac,
584 2807 737 2863 sicut
752 2806 945 2863 dixisti
971 2825 984 2863 :
1007 2810 1403 2862 verumtamen
1424 2805 1573 2860 mihi
1594 2805 1830 2876 primum

155 2899 253 2958 fac
267 2901 343 2958 de
363 2903 509 2974 ipsa
523 2897 785 2955 farinula
803 2896 1253 2952 subcinericium
1269 2912 1479 2968 panem
1501 2894 1830 2966 parvulum,

157 2994 213 3046 et
243 2988 401 3046 aﬂ‘er
427 2987 511 3043 ad
532 3002 628 3042 me
662 3004 675 3042 :
704 2984 807 3041 tibi
831 2988 1031 3041 autem
1053 2984 1245 3040 etﬁlio
1268 2989 1368 3040 tuo
1398 2983 1578 3039 facies
1604 2988 1831 3055 postea.

1940 2643 2025 2682 ve.
2052 2629 2226 2697 (Cap.
2242 2633 2400 2701 xvu.)
2424 2632 2540 2686 Vim
2563 2649 2771 2689 eorum
2794 2650 2999 2689 coram
3020 2635 3153 2705 ipso
3173 2640 3313 2691 sunt
3334 2651 3590 2707 semper,

1939 2732 2062 2771 non
2081 2722 2220 2773 sunt
2238 2718 2608 2776 absconditm
2627 2722 2705 2778 ab
2718 2722 2906 2777 oculis
2918 2723 3118 2793 ipsius.
3136 2727 3199 2778 In
3212 2740 3595 2796 unamquam-

1940 2820 2057 2876 que
2080 2811 2316 2875 gentem
2336 2810 2662 2880 prmposuit
2684 2816 2970 2866 rectorem
2998 2828 3011 2865 :
3040 2816 3096 2867 et
3116 2827 3256 2883 pars
3282 2813 3387 2868 Dei
3412 2812 3593 2867 Israel

1940 2893 2097 2950 facta
2124 2896 2565 2953 estmanifesta.
2591 2901 2656 2953 Et
2672 2899 2877 2953 omnia
2892 2915 3077 2970 opera
3099 2916 3308 2955 eorum
3327 2899 3481 2955 sicut
3503 2899 3595 2956 sol

1944 2983 2004 3038 in
2035 2989 2357 3056 conspectu
2390 2986 2489 3041 Dei
2519 3003 2531 3040 :
2566 2990 2622 3041 et
2650 2986 2805 3042 oculi
2835 2988 2964 3057 ejus
2997 2989 3124 3043 sine
3154 2988 3593 3045 intermissione

156 3080 296 3135 Hmc
331 3080 549 3135 autem
577 3074 721 3131 dicit
750 3072 1042 3130 Dominus
1071 3075 1226 3129 Deus
1258 3072 1433 3128 Israel
1464 3089 1475 3126 :
1504 3071 1727 3144 Hydria
1748 3071 1835 3127 fa-
1869 3102 1911 3159 ρ
1946 3071 2232 3144 inspicien
2245 3080 2327 3129 tes
2348 3075 2410 3129 in
2428 3073 2536 3129 viis
2553 3092 2782 3131 eorum.
2803 3080 2929 3131 Non
2951 3084 3088 3132 sunt
3104 3076 3459 3133 abscondita
3482 3080 3593 3133 tes-

155 3168 311 3225 rinm
330 3182 467 3224 non
487 3164 736 3230 deficiet,
757 3179 866 3219 nec
886 3162 1157 3234 lecythus
1178 3162 1291 3219 olei
1321 3161 1622 3217 minuetur
1649 3176 1838 3233 usque
1947 3165 2209 3219 tamenta
2222 3163 2708 3235 periniquitatem
2722 3180 2949 3231 eorum,
2965 3170 3241 3222 etomnes
3255 3166 3595 3238 iniquitates

156 3256 222 3314 in
249 3258 430 3314 diem
462 3255 521 3312 in
539 3270 665 3326 qua
681 3252 969 3310 Dominus
990 3252 1239 3308 daturus
1266 3251 1632 3322 estpluviam
1660 3266 1839 3322 super
1950 3268 2147 3307 eorum
2167 3253 2229 3307 in
2259 3258 2582 3325 conspectu
2613 3254 2735 3309 Dei.
2770 3255 3165 3327 Eleemosyna
3192 3255 3297 3310 viri
3322 3256 3497 3327 quasi
3520 3254 3595 3310 si-

155 3346 393 3402 faciem
430 3348 622 3400 terrm.
658 3344 801 3409 Qum
827 3340 991 3405 abiit,
1012 3347 1069 3397 et
1088 3340 1225 3397 fecit
1251 3341 1423 3411 juxta
1450 3340 1705 3396 verbum
1732 3341 1837 3395 lle-
1950 3340 2832 3411 gnaculuminipso,etgratiam
2846 3342 3285 3415 hominisquasi
3311 3343 3594 3415 pupillam

152 3434 254 3492 lim
286 3453 301 3490 :
341 3438 405 3491 et
437 3432 693 3488 comedit
719 3431 862 3503 ipse,
892 3436 949 3487 et
975 3430 1096 3497 illa,
1130 3434 1188 3486 et
1215 3430 1435 3486 domus
1465 3429 1594 3500 ejus
1628 3445 1639 3484 :
1683 3432 1738 3483 et
1767 3444 1840 3484 ex
1948 3430 2328 3485 concervabit
2358 3446 2370 3485 :
2400 3434 2456 3486 et
2509 3436 2720 3502 postea
2748 3436 3033 3501 resurget,
3088 3437 3145 3487 et
3173 3432 3456 3488 retribuet
3484 3431 3599 3487 illis

151 3525 266 3583 illa
292 3525 399 3581 die
427 3522 645 3594 hydria
675 3522 882 3577 farinm
912 3537 1035 3577 non
1060 3520 1290 3586 defecit,
1334 3525 1390 3576 et
1412 3520 1680 3590 lecythus
1728 3518 1841 3574 olei
1948 3519 2833 3592 retributionem,unicuiquein
2856 3525 3036 3590 caput
3070 3520 3524 3592 illorum,346
3546 3524 3603 3575 et

152 3630 292 3672 non
312 3618 413 3669 est
430 3612 967 3682 imminutusjuxta
979 3609 1219 3665 verbum
1239 3610 1483 3673 Domini,
1500 3609 1664 3681 quod
1679 3608 1839 3665 locu-
1949 3608 2556 3665 convertetinferiores
2571 3614 2969 3681 partesterrm.
2987 3610 3399 3666 Pmnitentibus
3415 3614 3605 3665 autem

149 3708 259 3761 tus
302 3702 515 3757 fuerat
552 3699 615 3755 in
641 3715 825 3755 manu
864 3698 1057 3753 Heliae.
1089 3700 1332 3753 Factum
1359 3704 1445 3752 est
1474 3703 1674 3753 autem
1702 3700 1841 3769 post
1950 3698 2113 3753 dedit
2132 3698 2293 3753 viam
2304 3699 2567 3767 justitim,
2589 3698 3416 3755 etcorroboravitdeﬁcientes
3432 3697 3608 3753 susti-

147 3786 1021 3857 verbahmc,mgrotavitﬁlius
1041 3786 1305 3841 mulieris
1326 3786 1531 3842 matris
1552 3785 1838 3855 familias,
1949 3802 2110 3851 nere,
2139 3791 2195 3841 et
2214 3786 2529 3842 destinavit
2558 3793 2777 3843 sortem
2806 3787 3087 3843 veritatis.
3144 3790 3495 3844 Convertere
3527 3786 3607 3843 ad

144 3887 213 3938 et
235 3883 382 3936 erat
408 3877 667 3946 languor
693 3875 1074 3943 fortissimus,
1104 3874 1187 3929 ita
1203 3879 1266 3929 ut
1287 3890 1408 3929 non
1428 3882 1762 3930 remaneret
1782 3876 1843 3929 in
1953 3875 2295 3942 Dominum,
2322 3876 2656 3947 etrelinque
2676 3881 2923 3947 peccata
2939 3879 3041 3931 tua
3066 3892 3077 3931 :
3106 3881 3267 3932 etsta
3297 3877 3359 3931 in
3381 3880 3604 3931 sortem

145 3986 229 4026 eo
253 3964 525 4023 halitus.
550 3964 702 4019 Dixit
732 3978 874 4031 ergo
901 3962 981 4018 ad
1003 3961 1228 4017 Heliam
1263 3979 1276 4013 :
1307 3962 1459 4026 Quid
1486 3962 1630 4017 mihi
1662 3967 1718 4017 et
1739 3962 1842 4017 tibi
1953 3963 2390 4033 prmpositionis
2415 3970 2470 4018 et
2499 3964 2784 4019 orationis
2812 3964 3085 4019 altissimi
3113 3965 3234 4019 Dei.
3266 3975 3329 4033 Βι.
3386 3967 3600 4019 Amen.

139 4058 248 4115 vir
278 4052 401 4109 Dei
430 4052 460 4107 ‘i
489 4053 794 4123 ingressus
828 4067 890 4107 es
920 4050 997 4106 ad
1041 4066 1159 4105 me.
1195 4055 1259 4105 ut
1306 4054 1846 4106 rememorarentur
1954 4053 2147 4106 Lectio
2176 4051 2496 4108 Hieremiae
2524 4051 2857 4120 Propheta.
2885 4052 3257 4107 Threnorum
3289 4052 3457 4121 (Cap.
3481 4052 3593 4123 ιιι).

136 4143 535 4219 iniquitates
554 4157 725 4212 mem,
746 4140 1179 4197 etinterﬁceres
1202 4138 1391 4193 ﬁlium
1406 4155 1609 4194 meum
1628 4138 1655 4191 ?
1681 4142 1747 4194 Et
1768 4140 1848 4196 ait
2026 4150 2093 4207 Br.
2136 4139 2254 4193 Deo
2287 4140 2523 4209 gratias.

138 4239 230 4296 ad
258 4248 423 4291 eam
460 4231 670 4287 Helias.
697 4232 783 4286 Da
809 4230 955 4285 mihi
984 4229 1173 4284 ﬁlium
1194 4232 1361 4283 tuum
1377 4271 1392 4286 .
1416 4227 1687 4299 Tulitque
1708 4243 1848 4283 eum
2028 4230 2150 4297 Ego
2168 4227 2256 4281 vir
2280 4226 2492 4282 videns
2511 4230 2931 4299 paupertatem
2960 4242 3179 4297 meam,
3196 4226 3438 4297 etvirga
3457 4224 3608 4282 indi-

138 4327 228 4384 de
263 4324 429 4380 sinu
448 4320 597 4392 ejus,
618 4320 948 4392 etportavit
966 4318 1026 4373 in
1044 4317 1421 4373 omnaculum
1451 4316 1553 4371 ubi
1571 4316 1701 4387 ipse
1723 4331 1847 4372 ma-
1958 4316 2254 4387 gnationis
2284 4317 2432 4387 ejus.
2468 4320 2549 4373 Me
2578 4316 2851 4384 minavit,
2880 4320 2937 4373 et
2955 4317 3207 4373 adduxit
3228 4317 3289 4372 in
3320 4316 3605 4385 tenebris,

136 4415 386 4478 nebat,
426 4414 487 4466 et
507 4409 700 4481 posuit
725 4424 899 4479 super
918 4407 1139 4464 lectum
1154 4421 1351 4461 suum.
1384 4405 1741 4462 Etclamavit
1770 4405 1848 4461 ad
1885 4456 1924 4481 η
1957 4410 2012 4461 et
2032 4421 2154 4461 non
2180 4406 2241 4461 in
2256 4405 2471 4461 lucem.
2499 4408 2751 4462 Tantum
2774 4407 2835 4461 in
2853 4422 2947 4462 me
2970 4406 3410 4463 vertitmanum
3433 4421 3609 4462 suam

138 4502 535 4563 Dominum,
552 4503 609 4555 et
631 4497 777 4552 dixit
805 4516 816 4555 :
848 4497 1098 4552 Domine
1112 4496 1264 4550 Deus
1278 4510 1467 4559 meus,
1485 4494 1744 4549 etiamne
1759 4494 1847 4549 vi—

139 4594 381 4658 duam,
406 4587 762 4661 apudquam
786 4602 897 4658 ego
920 4590 1234 4657 utcumque
1252 4588 1567 4649 sustentor,
1584 4582 1847 4639 afﬂixisti

139 4690 218 4743 ut
250 4677 644 4740 interﬁceres
673 4676 865 4732 ﬁlium
895 4676 1025 4747 ejus
1051 4673 1080 4728 7
1128 4677 1193 4730 Et
1237 4673 1524 4746 expandit
1548 4690 1629 4740 se,
1667 4678 1847 4745 atque

137 4785 439 4834 mensus
455 4771 545 4823 est
566 4782 747 4839 super
763 4782 1018 4838 puerum
1036 4764 1226 4821 tribus
1239 4764 1487 4831 vicibus,
1505 4769 1559 4819 et
1572 4763 1849 4821 clamavit

140 4865 231 4923 ad
253 4857 629 4923 Dominum,
649 4860 705 4911 et
718 4855 798 4911 ait
824 4871 839 4910 :
857 4854 1103 4910 Domine
1122 4853 1276 4907 Deus
1290 4868 1479 4919 meus,
1498 4857 1846 4925 revertatur,
1956 4852 2273 4908 mdiﬁcavit
2285 4852 2610 4907 adversum
2626 4868 2743 4921 me,
2764 4855 2826 4906 ut
2844 4866 2965 4906 non
2982 4851 3255 4921 egrediar
3278 4868 3292 4906 :
3319 4864 3611 4920 aggrava-

139 4953 466 5015 obsecro,
486 4946 690 5001 anima
704 4942 874 5015 pueri
886 4942 1066 5012 hujus
1090 4940 1149 4996 in
1168 4940 1401 4997 viscera
1416 4942 1564 5011 ejus.
1585 4944 1649 4997 Et
1670 4957 1849 4997 exau-
1954 4942 2040 4996 vit
2059 4941 2416 5013 compedem
2432 4956 2656 4997 meum.
2674 4939 2789 4997 Sed
2801 4943 3007 4996 etcum
3020 4940 3381 5006 clamavero,
3394 4942 3453 4994 et
3480 4954 3613 4996 ora-

142 5042 314 5099 divit
350 5033 660 5094 Dominus
687 5047 891 5089 vocem
919 5030 1095 5086 Helim
1126 5045 1139 5084 :
1165 5034 1221 5085 et
1266 5045 1507 5087 reversa
1530 5034 1618 5087 est
1646 5030 1851 5087 anima
1956 5047 2116 5097 vero,
2137 5030 2720 5088 exclusitorationem
2749 5046 2969 5087 meam.
2987 5028 3613 5087 Conclusitviasmeas

138 5128 345 5207 pueri
375 5126 544 5182 intra
563 5138 723 5187 eum,
746 5125 801 5178 et
820 5118 1051 5177 revixit.
1069 5117 1334 5191 Tulitque
1358 5119 1548 5175 Helias
1570 5135 1845 5191 puerum,
1957 5120 2251 5193 lapidibus
2264 5120 2526 5193 quadris,
2544 5121 2777 5177 semitas
2793 5120 3105 5177 subvertit.
3132 5122 3307 5176 Ursus
3321 5119 3614 5175 insidians

136 5227 205 5279 ot
222 5213 699 5290 deposuiteum
716 5210 791 5267 de
809 5207 1117 5265 caenaculo
1136 5207 1197 5263 in
1219 5207 1557 5265 inferiorem
1573 5208 1846 5276 domum,
1958 5209 2154 5266 factus
2180 5214 2267 5267 est
2304 5210 2472 5277 mihi,
2504 5209 2597 5266 leo
2628 5210 2690 5265 in
2735 5209 3111 5267 abscondito.
3145 5209 3398 5265 Semitas
3445 5224 3614 5264 meas

136 5314 204 5368 et
237 5301 525 5366 tradidit
542 5299 721 5357 matri
742 5302 961 5364 sum,et
983 5297 1065 5353 ait
1085 5296 1167 5351 illi
1200 5312 1211 5349 :
1243 5299 1327 5351 En
1352 5297 1666 5354 vivitﬁlius
1690 5303 1847 5354 tuus.
1961 5300 2263 5363 subvertit,
2296 5304 2353 5356 et
2384 5300 2676 5370 confregit
2703 5316 2798 5355 me
2833 5317 2844 5354 :
2874 5300 3073 5371 posuit
3110 5315 3208 5355 me
3257 5298 3613 5353 desolatam.

1960 5389 2224 5445 Tetendit
2253 5405 2460 5445 arcum
2493 5405 2690 5455 suum,
2719 5394 2775 5444 et
2800 5389 2999 5462 posuit
3030 5404 3124 5443 me
3172 5386 3345 5460 quasi
3377 5386 3618 5453 signum

1962 5477 2042 5534 ad
2098 5479 2375 5549 sagittam
2405 5497 2418 5537 :
2448 5478 2608 5535 misit
2663 5479 2725 5533 in
2772 5479 3016 5534 renibus
3062 5476 3211 5532 meis
3256 5474 3411 5529 ﬁlias
3458 5472 3615 5543 pha-

1959 5571 2130 5626 retrm
2157 5585 2300 5626 sum.
2335 5571 2547 5627 Factus
2586 5584 2721 5625 sum
2753 5568 2813 5625 in
2864 5567 3133 5625 derisum
3166 5563 3333 5621 omni
3387 5556 3615 5632 populo

1879 4456 1925 4512 θ
1956 4456 2241 4551 male?
2254 4456 3612 4567 agamagam;saginas;

1956 4600 2177 4654 meam,
2206 4584 2478 4641 contrivit
2498 4600 2635 4640 ossa
2658 4600 2811 4641 mea.
2840 4583 3175 4641 IEdiﬁoavit
3196 4584 3257 4639 in
3276 4599 3424 4655 gyro
3451 4599 3610 4652 meo,

1957 4680 2013 4729 et
2059 4673 2449 4729 circumdedit
2485 4690 2580 4729 me
2620 4673 2770 4740 felle,
2822 4676 2878 4729 et
2915 4674 3139 4729 labore.
3184 4677 3247 4728 In
3278 4671 3610 4727 tenebrosis

1957 4763 2285 4818 conlocavit
2302 4779 2418 4828 me,
2432 4764 2607 4835 quasi
2625 4767 2892 4818 mortuos
2910 4762 3326 4833 sempiternos.
3353 4760 3612 4815 Circum-

136 5399 471 5468 Dixitque
501 5390 713 5447 mulier
739 5388 817 5445 ad
844 5388 1068 5445 Heliam
1098 5403 1114 5441 :
1142 5389 1307 5441 Nunc
1337 5386 1400 5441 in
1429 5387 1541 5443 isto
1571 5388 1844 5458 cognovi,

133 5485 486 5564 quoniam
509 5481 596 5537 vir
624 5478 722 5535 Dei
738 5495 802 5535 es
826 5484 913 5543 tu,
940 5475 1260 5535 etverbum
1282 5476 1517 5534 Domini
1532 5478 1594 5533 in
1624 5493 1725 5536 ore
1748 5482 1849 5534 tuo

129 5591 389 5639 verum
430 5573 542 5629 est.
580 5580 650 5643 ἢ.
698 5570 905 5626 Amen.
