4194 6464
537 310 651 366 583

1783 295 2236 354 BREVIARIUM
2272 295 2659 355 GOTHICUM.

3865 291 3985 349 584

549 443 708 496 meo,
731 425 1033 484 canticum
1061 437 1271 480 eorum
1288 426 1408 480 tota
1431 421 1545 479 die.
1571 421 1834 493 Replevit
1851 436 1948 478 me
1977 420 2190 476 amari-
2220 421 2268 475 Α
2297 420 2707 482 v.Sessionem
2719 434 2924 475 eorum
2938 421 2994 475 et
3010 415 3504 474 resurrectionem
3530 430 3752 473 eorum
3781 414 3942 472 vide

549 513 878 577 tudinibus,
894 510 1211 566 inebriavit
1223 526 1321 566 me
1335 509 1446 566 abs
1450 509 1676 580 ynthio.
1687 508 1980 578 Confregit
1994 507 2071 564 ad
2085 523 2191 563 nu-

543 618 782 658 merum
811 601 1018 655 dentes
1047 614 1234 663 meos,
1263 597 1484 653 cibavit
1503 611 1598 652 me
1629 597 1841 652 cinere.
1869 597 2190 651 Venatione

549 692 836 762 ceperunt
847 703 944 744 me
959 686 1137 759 quasi
1148 702 1312 742 avem
1323 685 1545 741 inimici
1559 683 1673 740 mei
1686 684 1886 753 gratis.
1906 687 2093 755 Lapsa
2103 686 2190 738 est

542 779 605 834 in
622 777 823 834 lacum
840 776 965 832 vita
981 790 1136 841 mea,
1168 778 1224 829 et
1243 777 1572 845 posuerunt
1591 771 1849 842 lapidem
1877 787 2056 843 super
2069 785 2186 826 me.

553 865 1002 922 lnundaverunt
1037 877 1212 933 aqua;
1246 875 1424 931 super
1451 863 1634 930 caput
1658 875 1862 915 meum
1892 876 1904 913 :
1929 863 1985 914 et
2007 858 2131 914 dixi
2173 873 2184 910 :

552 954 726 1010 Perii.
743 950 1020 1008 Invocavi
1031 964 1252 1006 nomen
1264 953 1431 1004 tuum
1446 946 1692 1002 Domine
1705 947 1777 1002 de
1788 946 1929 1003 lacis
1940 945 2190 1002 novissi-

555 1041 690 1098 mis.
721 1043 936 1097 Vocem
967 1053 1164 1094 meam
1194 1034 1411 1093 audisti
1438 1050 1511 1090 ne
1529 1039 1768 1091 avertas
1797 1050 2002 1090 aurem
2023 1038 2188 1090 tuam

550 1146 587 1186 a
601 1128 860 1200 singultu
872 1142 1008 1182 meo
1023 1123 1383 1195 gravissimo
1398 1121 1849 1179 etclamoribus.
1860 1121 2188 1194 Appropin-

544 1217 741 1290 quasti
761 1217 824 1271 in
849 1215 964 1280 die,
992 1230 1115 1286 qua
1145 1218 1197 1269 te
1223 1211 1495 1269 invocavi
1529 1228 1541 1266 :
1575 1211 1772 1267 dixisti
1801 1227 1812 1265 :
1849 1213 1928 1266 Ne
1955 1210 2184 1266 timeas-

539 1302 824 1360 Judieasti
857 1302 1105 1358 Domine
1134 1317 1384 1356 causam
1402 1299 1620 1354 animae
1650 1315 1816 1364 mem,
1843 1298 2188 1368 redemptor

547 1392 680 1448 vitae
702 1407 869 1447 meas.
904 1389 1105 1445 Vidisti
1131 1389 1377 1444 Domine
1399 1387 1739 1459 iniquitates
1753 1403 1959 1443 eorum
1981 1386 2187 1442 adver-

547 1497 673 1537 sum
704 1496 789 1535 me
819 1497 831 1536 :
859 1477 1064 1548 judica
1075 1477 1359 1548 judicium
1380 1492 1588 1532 meum.
1613 1475 1839 1530 Audisti
1859 1473 2186 1546 obprobria

545 1585 743 1625 eorum
756 1566 1014 1632 Domine,
1035 1580 1235 1621 omnes
1252 1563 1639 1634 cogitationes
1651 1579 1852 1619 eorum
1874 1562 2185 1618 adversum

548 1672 634 1711 me
657 1673 671 1722 ;
692 1654 853 1711 labia
867 1653 1287 1722 insurgentium
1300 1651 1459 1717 mihi,
1479 1657 1535 1707 et
1552 1651 1956 1707 meditationes
1987 1665 2183 1707 eorum

542 1744 863 1800 adversum
892 1757 989 1797 me
1011 1745 1131 1797 tota
1156 1740 1267 1796 die.
1299 1740 1636 1795 Sessionem
1658 1754 1885 1805 eorum,
1905 1744 1962 1794 et
1989 1753 2183 1794 resur-
2211 1760 2254 1814 Β

542 1831 864 1888 rectionem
894 1845 1101 1885 eorum
1128 1828 1257 1884 vide
1275 1847 1293 1898 3
1323 1843 1434 1896 ego
1461 1843 1594 1882 sum
1634 1826 1902 1898 psalmus
1952 1841 2180 1882 eorum.

543 1918 744 1974 Redde
761 1918 843 1972 eis
864 1916 1050 1972 vicem
1064 1915 1311 1971 Domine
1334 1919 1508 1986 juxta
1529 1930 1712 1986 opera
1733 1929 2024 1970 manuum
2050 1930 2184 1969 sua-

543 2021 700 2060 rum.
729 2003 909 2059 Dabis
934 2004 1016 2058 eis
1039 2007 1271 2058 scutum
1293 2002 1488 2057 cordis
1507 2001 1775 2057 laborem
1789 2006 1978 2056 tuum.
2008 2001 2177 2069 (Cap.

542 2091 1002 2162 iv.)Velociores
1041 2090 1276 2147 fuerunt
1300 2095 1705 2163 persecutores
1741 2089 1926 2145 nostri
1965 2087 2182 2160 aquilis

542 2181 674 2237 coeli
709 2198 722 2236 :
758 2196 933 2252 super
957 2183 1190 2235 montes
1219 2179 1512 2251 persecuti
1541 2184 1678 2233 sunt
1705 2193 1838 2244 nos,
1860 2178 1922 2233 in
1947 2177 2180 2233 deserto

540 2265 805 2324 insidiati
837 2272 974 2322 sunt
1001 2267 1195 2322 nobis.
1229 2266 1480 2338 Spiritus
1525 2267 1646 2322 oris
1688 2266 1873 2321 nostri
1922 2265 2182 2321 Christus

540 2356 818 2412 Dominus
838 2359 1043 2426 captus
1062 2355 1220 2410 estin
1234 2354 1486 2425 peccatis
1502 2353 1717 2409 nostris
1739 2370 1750 2408 :
1781 2353 1874 2408 cui
1891 2353 2135 2408 diximus
2162 2369 2176 2407 :

542 2445 607 2498 In
631 2443 850 2498 umbra
879 2449 980 2498 tua
1019 2443 1289 2498 vivemus
1317 2443 1379 2497 in
1409 2441 1700 2512 gentibus.
1736 2452 1804 2510 Βτ.
1852 2445 2063 2496 Amen.

610 2530 956 2598 Antiphona
985 2535 1032 2586 1.
1060 2529 1272 2586 Libera
1293 2545 1408 2595 me,
1439 2529 1705 2595 Domine,
1732 2529 1805 2583 de
1830 2545 1932 2584 ore
1951 2527 2175 2584 leonis:

541 2623 598 2675 et
628 2619 702 2675 de
722 2635 908 2674 manu
933 2620 1096 2674 canis
1117 2617 1274 2690 eripe
1301 2618 1566 2674 animam
1594 2633 1817 2674 meam.
1851 2619 1918 2672 Ut
1941 2632 2179 2674 narrem

543 2723 765 2763 nomen
791 2712 955 2762 tuum
973 2706 1254 2762 fratribus
1273 2706 1447 2762 meis:
1467 2705 1527 2761 in
1549 2706 1746 2762 medio
1763 2705 2037 2761 Ecclesiae
2052 2704 2178 2762 lau-

545 2797 706 2852 dabo
737 2800 808 2861 te,
836 2795 1084 2852 Domine
1139 2799 1290 2850 Deus
1318 2811 1512 2850 meus.
1558 2794 1620 2855 V.
1666 2795 1836 2866 Eripe
1864 2810 1900 2850 a
1952 2795 2180 2851 framea

541 2885 810 2942 animam
827 2901 1028 2940 meam
1062 2903 1074 2942 :
1110 2888 1164 2939 et
1196 2884 1269 2938 de
1299 2900 1485 2940 manu
1507 2883 1675 2939 canis
1699 2885 1940 2939 unicam
1955 2898 2174 2938 meam.

610 2974 832 3029 Orat-io.
857 2971 1064 3028 Libera
1083 2988 1192 3027 nos
1218 2971 1469 3028 Domine
1495 2971 1568 3027 de
1591 2962 1691 3026 ore
1709 2971 1899 3026 leonis
1926 2987 1938 3036 ;
1971 2971 2070 3042 qui
2090 2969 2175 3026 in-

531 3061 754 3131 juriam
782 3076 1099 3132 perpessus
1131 3076 1193 3115 es
1219 3060 1411 3115 erucis
1439 3076 1452 3124 ;
1477 3065 1542 3115 ut
1568 3060 1631 3114 in
1659 3059 1858 3114 medio
1907 3057 2176 3113 Ecclesia

540 3155 592 3205 te
619 3148 952 3214 laudantes,
976 3164 1289 3204 narremus
1309 3163 1531 3202 nomen
1549 3151 1720 3202 tuum
1741 3145 2022 3201 fratribus
2042 3161 2178 3201 nos-

536 3236 639 3293 tris
669 3255 682 3292 :
716 3237 817 3308 qui
845 3236 1008 3292 solus
1030 3237 1214 3292 victor
1239 3235 1427 3290 factus
1452 3251 1515 3290 es
1548 3234 1772 3288 mortis.
1801 3244 1864 3302 Βι.
1897 3237 2102 3288 Amen.

603 3325 950 3395 Antiphona
964 3329 1015 3379 2.
1034 3328 1390 3394 Exurgentes
1405 3326 1580 3377 testes
1594 3321 1786 3392 iniqui,
1805 3336 1933 3391 qum
1947 3321 2179 3392 ignora-

534 3412 676 3469 bam
693 3413 1144 3482 interrogabant
1158 3426 1272 3466 me.
1293 3409 1716 3466 Retribuebant
1734 3409 1877 3464 mihi
1893 3408 2054 3464 mala
2069 3425 2178 3480 pro

539 3501 734 3557 bonis.
759 3504 881 3570 Ego
907 3505 1106 3556 autem
1129 3497 1452 3554 induebam
1478 3513 1573 3552 me
1605 3497 1814 3560 cilicio,
1836 3502 1891 3552 et
1910 3496 2179 3553 humilia-

541 3587 758 3644 bamin
778 3586 1008 3657 jejunio
1029 3586 1295 3641 animam
1318 3601 1537 3641 meam.
1556 3584 1620 3645 Υ.
1637 3585 1794 3641 Sicut
1813 3584 2174 3657 proximum,

542 3678 598 3728 et
629 3673 779 3727 sicut
807 3672 1046 3728 fratrem
1077 3676 1369 3743 nostrum,
1405 3673 1486 3728 ita
1516 3671 1965 3744 complacebam
1999 3687 2011 3725 :
2043 3676 2176 3727 tan-

539 3777 726 3832 quam
753 3759 966 3829 lugens
996 3764 1052 3814 et
1071 3759 1446 3816 contristatus
1473 3761 1554 3816 ita
1585 3759 1962 3817 humiliabar.

612 3849 834 3905 Oratio.
864 3847 1020 3904 Deus
1045 3848 1146 3904 Dei
1167 3848 1288 3916 Fili,
1316 3848 1604 3904 adversus
1623 3865 1805 3920 quem
1825 3851 2176 3918 exurgentes

534 3936 737 4008 iniqui,
757 3937 891 3992 dum
913 3937 1638 4008 ignorandainterrogant,
1654 3953 1714 3992 se
1729 3937 1885 4008 ipsos
1900 3938 2175 4006 ignoran-

534 4024 614 4082 tia
635 4024 1523 4097 caacitatisjugulantreddentes
1540 4025 1643 4081 tibi
1657 4041 1764 4097 pro
1780 4024 1954 4081 bonis
1967 4025 2130 4080 mala
2157 4043 2169 4083 :

530 4113 610 4170 da
633 4114 827 4182 nobis,
854 4114 937 4170 sic
959 4115 1021 4170 in
1039 4113 1149 4169 tuis
1169 4114 1548 4186 passionibus
1571 4114 1888 4178 conlmtari,
1908 4114 2041 4169 utin
2061 4129 2174 4168 cce-

527 4200 691 4258 lestis
718 4202 922 4273 gloria:
943 4203 1109 4259 curia
1131 4219 1469 4260 mereamur
1485 4202 1813 4259 coronandi
1829 4201 2081 4258 admitti.
2106 4212 2170 4270 Rt.

528 4291 716 4347 Amen
729 4334 742 4347 .

603 4380 954 4447 Antiphona
975 4383 1026 4434 3.
1055 4380 1504 4450 lmproperium,
1521 4383 1576 4434 et
1598 4379 1898 4436 miseriam
1915 4384 2172 4450 expecta-

528 4464 612 4520 vit
644 4464 848 4521 anima
869 4481 1024 4521 mea.
1059 4468 1125 4520 Et
1153 4466 1402 4522 sustinui
1427 4468 1530 4538 qui
1549 4482 1784 4522 mecum
1806 4467 2172 4523 contristare-
2202 4453 2245 4507 D

530 4557 640 4618 tur,
675 4559 731 4608 et
755 4552 1004 4609 nonfuit
1035 4570 1050 4609 :
1080 4553 1492 4610 consolantem
1515 4569 1612 4608 me
1638 4569 1759 4609 non
1780 4553 1992 4609 inveni.
2022 4553 2082 4613 ν.
2108 4559 2173 4611 Et

527 4640 822 4698 dederunt
851 4641 911 4697 in
943 4659 1145 4698 escam
1166 4658 1365 4698 meam
1395 4642 1471 4698 fel
1507 4659 1519 4696 :
1549 4647 1604 4697 et
1633 4641 1694 4697 in
1719 4642 1812 4698 siti
1841 4659 1978 4699 mea
2006 4649 2171 4715 pota-

526 4737 738 4786 vcrunt
775 4748 871 4787 me
903 4738 1089 4788 aceto.

598 4832 660 4888 ni.
685 4820 980 4876 Conclusit
1003 4821 1126 4876 vias
1145 4837 1310 4876 meas
1326 4820 1600 4877 inimicus
1622 4838 1634 4872 :
1660 4819 1967 4877 insidiator
1982 4821 2171 4878 factus

527 4913 615 4962 est
640 4907 807 4972 mihi,
832 4910 980 4964 sicut
1020 4909 1112 4964 leo
1137 4910 1197 4964 in
1230 4909 1616 4965 absconditis.
1653 4910 1933 4965 Semitam
1973 4926 2171 4965 meam

531 4995 837 5064 subvertit,
857 5002 911 5052 et
931 4997 1237 5066 confregit.
1256 4997 1519 5054 Tetendit
1535 5013 1743 5053 arcum
1771 5014 1969 5064 suum,
1993 5003 2049 5053 et
2068 5014 2172 5070 po-

521 5082 638 5138 suit
658 5100 753 5139 me
774 5085 948 5155 quasi
970 5085 1205 5156 signum
1227 5087 1305 5142 ad
1331 5086 1630 5157 sagittam.
1665 5087 1946 5157 Replevit,
1977 5091 2033 5140 et
2053 5087 2173 5141 ine-

519 5169 736 5226 briavit
768 5188 864 5227 me
886 5173 1301 5230 amaritudine.
1339 5173 1930 5244 Comprehenderunt
1952 5188 2048 5228 me
2079 5174 2166 5229 in-

516 5259 676 5314 imici
692 5261 804 5315 mei
822 5261 949 5317 sine
964 5278 1148 5318 causa
1161 5262 1334 5334 quasi
1349 5276 1523 5316 avem
1537 5261 1596 5314 in
1616 5259 1970 5328 muscipula.
1988 5261 2176 5336 Dedu_

515 5354 730 5404 xerunt
755 5349 813 5404 in
864 5349 999 5406 lacu
1035 5351 1240 5404 mortis
1280 5349 1465 5403 vitam
1518 5362 1738 5413 meam,
1769 5351 1824 5402 et
1849 5363 2175 5422 posuerunt

515 5435 779 5508 lapidem
803 5445 1011 5494 contra
1030 5455 1147 5492 me.
1169 5438 1308 5492 Vide
1335 5435 1588 5489 Domine
1613 5434 1948 5506 iniquitates
1965 5452 2172 5492 eorum

518 5528 576 5580 et
586 5526 607 5597 j
619 5525 795 5585 udica
810 5541 1056 5586 causam
1072 5525 1287 5583 animae
1302 5525 1541 5589 meae,P.
1561 5521 1843 5583 Defensor
1857 5525 1986 5582 vitae
1998 5541 2165 5583 meae.

2297 525 2407 579 ego
2435 525 2567 564 sum
2589 507 2851 580 psalmus
2872 504 3315 562 eorum.Redde
3341 504 3429 560 eis
3450 503 3641 561 vicem
3671 503 3978 573 Domine,

2294 595 2358 650 P.
2393 597 2698 651 Defensor.

2363 684 2586 740 Preces.
2615 686 2814 751 Parce,
2842 685 2977 738 Jesu
2993 683 3364 754 redemptor;
3393 681 3649 737 subveni
3672 681 3984 754 redemp-

2297 770 2369 826 tis
2400 770 2604 827 delens
2632 776 2876 842 peccata
2903 775 3133 826 nostra.
3163 772 3233 826 P.
3269 769 3459 826 Pretio
3499 769 3862 839 sanguinis.
3909 768 3978 831 ἵ.

2297 862 2548 916 Sacratis
2579 874 2793 914 manus
2832 858 2961 929 illae,
2991 875 3127 931 quae
3159 858 3319 914 cruci
3350 862 3489 914 sunt
3517 857 3740 926 afﬁxas,
3773 874 3910 914 nos
3942 874 3981 915 a

2295 947 2506 1003 delicto
2540 952 2792 1019 purgent
2821 949 2891 1004 P.
2924 947 3135 1005 Pretio.
3169 946 3235 1008 πῖ.
3267 948 3410 1012 Vox,
3444 962 3583 1019 quas
3615 947 3822 1003 oravit
3858 947 3981 1003 Pa-

2296 1039 2463 1101 trem,
2483 1034 2829 1091 uthostibus
2857 1033 3027 1105 347
3055 1038 3344 1106 parceret,
3359 1034 3490 1089 haec
3516 1048 3631 1089 nos
3655 1033 3766 1089 tibi
3796 1049 3981 1090 com-

2294 1122 2535 1178 mendet
2561 1121 2765 1178 delens
2807 1127 3051 1192 peccata
3088 1126 3293 1178 nostra
3330 1121 3395 1175 Ρ.
3429 1120 3647 1177 Pretio.
3675 1120 3740 1183 7.
3778 1122 3980 1179 Omni

2293 1226 2402 1266 nos
2424 1210 2582 1282 reple
2609 1210 2770 1265 bono
2796 1215 2883 1276 ;et
2899 1209 2990 1266 fac
3007 1225 3204 1266 carere
3216 1209 3400 1274 malo,
3423 1213 3488 1264 ut
3504 1209 3804 1266 satientur
3830 1227 3976 1267 om-

2292 1313 2397 1353 nes
2425 1301 2498 1355 P.
2522 1299 2727 1353 Pretio.
2753 1297 2813 1357 ῐῖν.
2840 1297 3024 1354 Hodie
3040 1297 3222 1352 ﬁnem
3243 1296 3463 1352 nostris
3493 1311 3678 1369 pone,
3699 1298 3971 1365 Christe,

2291 1385 2537 1450 delictis,
2578 1389 2640 1440 ut
2677 1401 2808 1441 cras
2837 1385 3177 1440 reﬁciamur
3205 1385 3277 1441 P.
3309 1383 3527 1441 Pretio.

2361 1491 2648 1560 Hymnus.
2685 1492 2728 1546 Ο
2758 1492 3070 1557 Nazarene,
3111 1489 3236 1547 lux.
3275 1490 3391 1560 fol.
3424 1492 3546 1545 144.

2364 1596 2668 1666 Capitula.
2685 1597 2901 1652 Christe
2929 1596 3027 1652 Dei
3053 1595 3174 1664 Fili,
3192 1612 3375 1668 quem
3389 1601 3562 1652 atrox
3581 1612 3972 1671 persequen-

2293 1684 2438 1740 tium
2469 1684 2646 1740 turba
2667 1699 2826 1740 caeco
2850 1684 3048 1740 furore
3070 1684 3470 1756 persequitur,
3496 1689 3556 1740 et
3575 1699 3968 1759 persequens

2290 1773 2626 1830 obcaecatur
2661 1788 2671 1828 :
2707 1773 2852 1829 dum
2879 1774 3185 1828 Hominem
3221 1773 3283 1828 in
3309 1779 3364 1829 te
3397 1773 3791 1845 passionibus
3842 1793 3966 1848 pu-

2289 1861 2394 1930 nit,
2434 1865 2509 1928 et,
2538 1861 2776 1916 Deitatis
2803 1862 2862 1916 in
2913 1865 2963 1916 te
3011 1861 3412 1917 substantiam
3457 1877 3584 1918 non
3631 1866 3958 1936 agnoscit;

2289 1951 2547 2007 concede
2569 1950 2766 2022 nobis,
2797 1956 2878 2018 ut,
2910 1955 2964 2006 te
2996 1954 3180 2006 Deum
3212 1967 3442 2020 verum,
3500 1955 3556 2008 et
3605 1954 3956 2024 Hominem,

2291 2051 2477 2094 unum
2500 2039 2792 2094 Christum
2819 2054 2945 2094 esse
2967 2037 3237 2103 fatentes,
3262 2039 3340 2095 ab
3365 2039 3606 2096 aeternis
3631 2042 3954 2114 suppliciis

2287 2125 2492 2182 haberi
2522 2142 2860 2183 mereamur
2889 2131 3172 2183 extorres.

2357 2214 2523 2271 Pater
2564 2220 2784 2272 noster.

2910 2322 2994 2377 Ad
3021 2321 3279 2378 Sextum.

2429 2428 2624 2483 Lectio
2655 2427 2795 2482 libri
2816 2427 3088 2484 Michceae
3117 2426 3431 2496 Prophetas
3459 2428 3635 2500 (Cap.
3671 2428 3794 2500 vn).

2359 2543 2420 2602 Βξ.
2462 2533 2581 2587 Deo
2611 2531 2850 2600 gratias.

2360 2623 2490 2675 Haec
2519 2619 2658 2675 dicit
2685 2619 2971 2675 Dominus
3003 2638 3014 2676 :
3043 2618 3214 2675 Periit
3246 2623 3491 2676 sanctus
3538 2619 3616 2676 de
3667 2623 3852 2689 terra,
3898 2625 3961 2677 et

2287 2713 2480 2764 rectus
2500 2709 2559 2762 in
2581 2707 2924 2764 hominibus
2945 2722 3066 2762 non
3089 2712 3175 2762 est
3197 2725 3210 2762 :
3235 2723 3448 2765 omnes
3467 2708 3530 2763 in
3547 2709 3852 2779 sanguine
3865 2708 3963 2764 in-

2288 2796 2599 2861 sidiantur,
2631 2797 2717 2850 vir
2741 2797 2983 2851 fratrem
3030 2811 3207 2850 suum
3235 2796 3315 2851 ad
3349 2801 3605 2853 mortem
3656 2802 3952 2854 venatur.

2287 2884 2498 2941 Malum
2518 2900 2810 2940 manuum
2840 2899 3086 2939 suarum
3107 2883 3315 2940 dicunt
3343 2883 3578 2940 bonum
3610 2903 3625 2941 :
3659 2887 3962 2958 princeps

2286 2972 2562 3043 postulat,
2579 2977 2634 3028 et
2648 2972 2668 3042 j
2681 2971 2834 3027 udex
2850 2971 2911 3026 in
2928 2971 3236 3028 reddendo
3253 2976 3343 3028 est
3370 2988 3381 3027 :
3415 2977 3472 3028 et
3491 2987 3762 3043 magnus
3786 2973 3964 3030 locu-

2287 3065 2379 3115 tus
2421 3064 2512 3116 est
2534 3059 2899 3114 desiderium
2929 3059 3141 3114 animus
3172 3075 3316 3128 suae,
3339 3064 3396 3116 et
3424 3061 3965 3119 conturbaverunt

2286 3163 2439 3203 eam.
2474 3147 2582 3212 Qui
2599 3146 2859 3218 optimus
2879 3147 2940 3202 in
2971 3147 3054 3202 eis
3083 3151 3190 3216 est,
3209 3148 3387 3220 quasi
3410 3148 3725 3220 paliurus:
3757 3155 3819 3206 et
3845 3151 3963 3223 qui

2286 3236 2687 3306 rectus,quasi
2710 3235 2883 3306 spina
2905 3234 2978 3290 de
3009 3251 3168 3306 sepe.
3189 3235 3320 3292 Dies
3343 3235 3774 3308 speculationis
3806 3243 3962 3308 tum,

2287 3322 2538 3378 visitatio
2555 3327 2656 3377 tua
2681 3322 2876 3377 venit:
2911 3338 3070 3378 nunc
3091 3323 3198 3380 erit
3214 3324 3459 3380 vastitas
3482 3338 3722 3382 eorum.
3758 3325 3967 3383 Nolite

2288 3410 2526 3466 credere
2556 3410 2634 3466 ab
2657 3412 2850 3467 amico
2879 3428 2892 3466 :
2919 3417 2977 3468 et
3003 3411 3182 3467 nolite
3213 3411 3515 3469 conﬁdere
3544 3413 3608 3468 in
3640 3413 3801 3470 duce
3829 3431 3846 3470 :
3879 3415 3967 3472 ab

2287 3515 2378 3565 ea,
2420 3513 2554 3570 quae
2585 3497 2801 3555 dormit
2831 3499 2893 3555 in
2937 3499 3071 3554 sinu
3102 3505 3225 3568 tuo,
3257 3500 3493 3557 custodi
3521 3500 3791 3559 claustra
3833 3505 3968 3560 oris

2287 3587 2391 3643 tui.
2412 3587 2562 3652 Quia
2582 3587 2737 3641 ﬁlius
2757 3588 3180 3644 contumeliam
3200 3586 3341 3644 facit
3366 3589 3541 3660 patri,
3567 3595 3627 3646 et
3647 3589 3778 3648 ﬁlia
3801 3608 3969 3649 con-

2287 3680 2487 3743 surget
2515 3674 2802 3730 adversus
2839 3680 3090 3732 matrem
3144 3691 3338 3741 suam,
3393 3692 3586 3733 nurus
3637 3677 3964 3737 adversus

2286 3779 2524 3819 socrum
2553 3779 2724 3819 suam
2756 3780 2766 3818 :
2802 3769 2857 3819 et
2887 3763 3109 3820 inimici
3147 3765 3410 3820 hominis
3438 3765 3760 3823 domestici
3787 3770 3844 3840 ej
3859 3787 3961 3828 us.

2285 3853 2402 3920 Ego
2416 3855 2615 3906 autem
2631 3851 2706 3906 ad
2720 3851 3038 3907 Dominum
3060 3852 3370 3924 aspiciam,
3386 3853 3724 3924 expectabo
3747 3856 3963 3914 Deum

2284 3939 2636 3995 salvatorem
2655 3955 2858 3995 meum
2882 3956 2893 3994 :
2919 3939 3117 3995 audiet
3130 3955 3222 3995 me
3234 3940 3392 3996 Deus
3407 3957 3599 3999 meus.
3615 3945 3698 3998 Ne
3717 3942 3962 4004 laetaris

2283 4028 2520 4086 inimica
2534 4045 2666 4085 mea
2683 4044 2990 4099 superme,
3007 4029 3147 4100 quia
3161 4029 3373 4084 cecidi:
3398 4045 3784 4101 consurgam,
3811 4050 3962 4091 cum

2283 4116 2490 4172 sedero
2512 4117 2572 4172 in
2595 4116 2872 4184 tenebris,
2906 4116 3190 4172 Dominus
3209 4116 3311 4172 lux
3333 4133 3472 4174 mea
3495 4123 3610 4174 est.
3642 4119 3808 4178 Iram
3836 4123 3966 4180 Do-

2282 4205 2426 4261 mini
2466 4204 2740 4277 portabo,
2765 4205 3055 4275 quoniam
3086 4206 3330 4276 peccavi
3355 4206 3426 4271 ei,
3451 4206 3647 4262 donec
3684 4225 3963 4269 causam

2281 4309 2480 4349 meam
2508 4293 2750 4363 judicet,
2805 4297 2862 4348 et
2890 4291 3068 4349 faciat
3103 4293 3399 4363 judicium
3428 4310 3639 4351 meum
3672 4315 3690 4350 :
3725 4300 3964 4358 educet

2280 4396 2376 4436 me
2405 4382 2464 4436 in
2496 4381 2711 4447 lucem,
2738 4380 2956 4437 videbo
2973 4381 3264 4451 justitiam
3290 4383 3441 4453 ejus.
3466 4386 3533 4439 Et
3551 4385 3811 4456 aspiciet
3832 4390 3961 4446 ini-

2279 4469 2436 4525 mica
2463 4483 2618 4532 mea,
2661 4473 2716 4523 et
2753 4469 3049 4539 operietur
3096 4469 3467 4536 confusione,
3497 4486 3638 4542 quin
3667 4473 3822 4531 dicit
3870 4477 3963 4534 ad

2280 4572 2374 4612 me
2409 4573 2420 4612 :
2449 4556 2552 4611 Ubi
2582 4561 2669 4611 est
2698 4557 2982 4612 Dominus
3013 4558 3164 4613 Deus
3217 4562 3352 4613 tuus
3373 4558 3400 4612 ?
3427 4559 3592 4615 Oculi
3623 4563 3746 4617 mei
3776 4564 3964 4621 vide-

2277 4645 2429 4700 bunt
2453 4644 2511 4698 in
2539 4659 2670 4699 eam
2702 4661 2714 4694 :
2748 4660 2906 4698 nunc
2927 4645 3034 4700 erit
3057 4646 3116 4700 in
3147 4647 3598 4703 conculcatione
3631 4653 3697 4705 ut
3738 4650 3958 4710 lutum

2281 4737 2636 4804 platearum.
2679 4731 2826 4795 Dies,
2861 4736 2921 4787 ut
2951 4732 3318 4789 aediﬁcentur
3348 4737 3625 4792 maceria
3658 4742 3778 4794 tum
3821 4757 3838 4794 :
3887 4742 3961 4797 in

2279 4822 2373 4878 die
2390 4819 2491 4876 illa
2505 4819 2679 4888 longe
2702 4819 2799 4874 ﬁet
2817 4819 2924 4875 lex.
2949 4823 3010 4875 In
3028 4819 3122 4876 die
3146 4821 3246 4877 illa
3267 4829 3323 4878 et
3344 4839 3534 4895 usque
3557 4825 3640 4880 ad
3662 4831 3716 4882 te
3735 4828 3962 4885 veniet

2280 4914 2483 4977 Assur,
2523 4911 2580 4964 et
2618 4923 2806 4979 usque
2841 4907 2918 4962 ad
2951 4909 3215 4966 civitates
3245 4911 3546 4984 munitas;
3574 4918 3634 4970 et
3665 4929 3704 4970 a
3735 4915 3960 4975 civita-

2281 4996 2439 5052 tibus
2467 4996 2711 5051 munitis
2735 5012 2923 5068 usque
2945 4997 3022 5053 ad
3039 4997 3286 5064 ﬂumen,
3310 5003 3366 5055 et
3381 4999 3458 5054 ad
3479 5016 3651 5058 mare
3671 5001 3750 5058 de
3769 5007 3956 5072 mari,

2282 5088 2337 5138 et
2364 5083 2442 5138 ad
2468 5088 2731 5138 montem
2754 5083 2828 5138 de
2857 5089 3077 5140 monte.
3112 5087 3179 5141 Et
3207 5091 3361 5141 terra
3389 5087 3500 5143 erit
3520 5087 3584 5143 in
3609 5089 3962 5150 desolatio-

2281 5188 2419 5228 nem
2449 5176 2689 5243 propter
2716 5171 3078 5228 habitatores
3117 5190 3277 5241 suos,
3311 5181 3367 5231 et
3396 5181 3641 5248 propter
3670 5178 3962 5240 fructum

2282 5260 2703 5329 cogitationum
2729 5276 2955 5315 eorum.
2976 5266 3151 5318 Pasce
3165 5263 3457 5334 populum
3475 5270 3650 5322 tuum
3680 5267 3746 5323 in
3767 5270 3963 5342 virga

2282 5354 2401 5412 tua,
2435 5362 2677 5416 gregem
2703 5347 3040 5406 hereditatis
3075 5357 3206 5405 tuae.
3242 5361 3303 5420 ne.
3328 5357 3536 5408 Amen.

2350 5435 2699 5504 Antiphona
2739 5437 2790 5488 οι.
2825 5439 3111 5493 Venantes
3134 5439 3350 5510 captati
3381 5446 3517 5495 sunt
3547 5445 3727 5513 quasi
3761 5461 3960 5507 avem

2278 5523 2500 5580 inimici
2513 5523 2628 5580 mei
2645 5524 2855 5593 gratis.
2873 5526 3034 5582 Morti
3053 5525 3423 5587 tradiderunt
3440 5529 3708 5589 animam
3728 5550 3957 5594 meam
