4194 6428
544 301 658 374 δεῖ
1811 277 2693 356 BREVIARIUIGOTHICUM.
3905 277 4032 340 588

547 415 936 494 dereliquistis
950 413 1238 484 mandata
1252 409 1510 485 Domini,
1526 412 1777 474 etsecuti
1798 413 1936 474 estis
1956 411 2190 472 Baetim.
2225 411 2272 478 Α
2300 418 2425 472 seat
2445 414 2700 487 populus
2724 411 2854 478 iste,
2895 411 3039 484 quia
3070 414 3134 468 tu
3179 423 3243 466 es
3271 406 3564 466 Dominus
3599 407 3814 470 Deus,
3850 406 3932 494 et
3963 408 4030 494 tu

546 492 962 570 Verumtamen
990 517 1150 564 nunc
1175 502 1355 572 mitte,
1395 507 1452 558 et
1499 517 1798 572 congrega
1832 500 1910 558 ad
1940 515 2035 556 me
2069 499 2193 555 uni-
2300 503 2634 558 convertisti
2661 516 2762 557 cor
2788 515 2996 556 eorum
3024 498 3258 554 iterum.
3293 495 3515 554 Cecidit
3559 499 3785 554 autem
3844 492 4030 564 ignis

543 608 782 652 versum
811 589 990 653 Israel
1017 590 1078 654 in
1109 594 1308 646 monte
1339 589 1606 654 Carmeli,
1630 592 1686 644 et
1711 588 2033 660 prophetas
2057 587 2193 644 Baal
2301 586 3317 656 Domini,etvoravitholocaustum,
3355 583 3686 654 etligna,et
3707 581 4022 654 lapides,

544 678 1012 758 quadringentos,
1034 677 1473 751 quinquaginta,
1491 677 1918 749 prophetasque
1944 675 2190 732 lucorum
2299 676 2600 747 pulverem
2619 692 2858 748 quoque
2877 682 2932 731 et
2949 689 3320 747 aquamqum
3341 677 3467 730 erat
3484 674 3547 728 in
3592 670 4025 744 aquaaductu

543 767 1032 842 quadringentos,
1051 765 1154 840 qui
1175 765 1494 820 comedunt
1513 765 1585 824 de
1603 781 1812 820 mensa
1827 762 2076 819 Jezabel.
2099 763 2192 817 Mi-
2296 763 2587 822 lambens.
2620 765 2785 830 Quod
2809 781 2945 820 cum
2969 763 3208 820 vidisset
3223 763 3410 818 omnis
3439 761 3731 834 populus,
3757 759 4024 818 cecidit

547 856 836 912 sitAchab
853 855 929 914 ad
951 871 1160 912 omnes
1181 853 1332 909 ﬁlios
1355 855 1548 919 lsrael,
1572 863 1626 908 et
1657 852 2191 922 congregavitpro-
2297 852 2359 908 in
2394 853 2604 909 faciem
2631 870 2801 910 suam
2832 859 2887 908 et
2917 853 2996 908 ait
3027 870 3039 907 :
3075 851 3363 907 Dominus
3389 851 3512 920 ipse
3540 855 3628 905 est
3653 851 3864 913 Deus,
3895 848 4023 903 Do-

544 943 752 1018 phetas
771 943 827 998 in
847 947 1046 998 monte
1073 941 1337 1000 Carmeli.
1360 942 1659 996 Accedens
1677 948 1874 996 autem
1901 941 2088 996 Helias
2113 938 2188 995 ad

545 1046 784 1088 omnem
817 1029 1106 1104 populum
1129 1029 1324 1098 Israel,
1351 1030 1430 1086 ait
1461 1049 1472 1088 :
1497 1031 1818 1101 Usquequo
1845 1027 2189 1083 claudicatis

543 1120 603 1176 in
621 1120 977 1190 duaspartes
998 1118 1024 1172 ‘I
1051 1118 1100 1171 si
1115 1118 1387 1174 Dominus
1402 1123 1488 1173 est
1505 1121 1675 1180 Deus,
1701 1116 2005 1188 sequimini
2026 1131 2182 1170 eum:

545 1205 814 1266 siautem
857 1203 1016 1267 Baal,
1063 1204 1378 1276 sequimini
1405 1204 1591 1262 illum.
1644 1208 1708 1260 Et
1738 1220 1857 1260 non
1883 1203 2186 1275 respondit

542 1293 595 1350 ei
621 1291 796 1369 349
826 1291 1082 1365 populus
1116 1293 1381 1356 verbum.
1412 1296 1476 1348 Et
1503 1293 1584 1349 ait
1613 1309 1818 1350 rursus
1870 1291 2060 1347 Helias
2107 1289 2184 1346 ad

539 1380 867 1453 populum:
913 1381 1061 1450 Ergo
1086 1381 1343 1436 remansi
1374 1381 1661 1453 propheta
1697 1379 1932 1436 Domini
1974 1378 2133 1434 solus
2167 1393 2180 1432 ε

538 1469 842 1541 prophetas
861 1472 1050 1524 autem
1070 1468 1192 1524 Baal
1216 1469 1634 1540 quadringenti
1655 1474 1711 1524 et
1731 1469 2178 1542 quinquaginta,

535 1556 959 1629 prophetaeque
972 1555 1233 1612 lucorum
1249 1557 1652 1630 quadringenti
1667 1556 1774 1613 viri
1793 1561 1946 1613 sunt.
1973 1560 2182 1612 Dentur

535 1644 713 1702 nobis
739 1645 858 1702 duo
888 1644 1072 1704 boves
1101 1662 1115 1712 ;
1149 1645 1300 1701 etilli
1327 1645 1546 1716 eligant
1575 1647 1686 1701 sibi
1725 1647 1939 1702 bovem
1971 1661 2176 1709 unum,

2298 943 2494 996 minus
2515 943 2638 1011 ipse
2661 949 2743 996 est
2778 945 2946 996 Deus.
2975 941 3239 1011 Dixitque
3264 938 3454 994 Helias
3481 938 3558 994 ad
3578 953 3683 993 eos
3705 956 3717 994 :
3743 942 4024 1008 Appre-

2293 1027 2533 1083 hendite
2558 1029 2873 1099 prephctas
2901 1027 3052 1092 Baal,
3083 1032 3138 1082 et
3159 1043 3230 1082 ne
3255 1042 3410 1082 unus
3447 1025 3699 1097 quidem
3726 1024 3872 1080 effu
3885 1024 4028 1094 giat

2295 1132 2365 1171 ex
2387 1117 2493 1171 eis.
2521 1117 2679 1182 Quos
2703 1132 2840 1171 cum
2863 1114 3414 1187 apprehendissent,
3443 1114 3616 1170 duxit
3637 1129 3752 1169 eos
3787 1112 4024 1168 Helias

2295 1203 2372 1260 ad
2404 1210 2720 1260 torrentem
2756 1205 2948 1269 Cison,
2982 1212 3037 1260 et
3066 1201 3476 1260 interfeciteos
3509 1201 3609 1257 ibi.
3649 1213 3716 1271 ﬁ.
3757 1203 4009 1257 Amen.

2362 1292 2696 1360 Antiphone
2725 1297 2767 1346 l.
2803 1292 2856 1348 Si
2890 1290 3280 1348 ambulavero
3307 1290 3369 1347 in
3398 1288 3600 1345 medio
3627 1288 4014 1345 tribulatio-

2289 1378 2404 1448 nis,
2446 1378 2766 1434 viviticabis
2794 1395 2877 1432 me
2907 1395 2918 1432 :
2953 1383 3008 1434 et
3037 1392 3215 1448 super
3243 1377 3386 1434 iram
3412 1376 3795 1432 inimicorum
3829 1392 4010 1433 meo-

2288 1481 2423 1521 rum
2484 1467 2792 1522 extendisti
2844 1482 3093 1521 manum
3118 1470 3307 1533 tuam,
3337 1470 3393 1521 et
3425 1465 3664 1522 salvum
3697 1482 3807 1523 me
3846 1464 4018 1521 fecit

2288 1554 2530 1610 dextera
2551 1560 2671 1610 tua.
2693 1553 2754 1616 ἢν.
2783 1555 3068 1610 Dominus
3087 1553 3367 1610 retribuet
3398 1569 3511 1625 pro
3535 1569 3633 1610 me
3666 1571 3680 1609 :
3719 1555 4004 1610 Domine

2289 1641 2697 1698 misericordia.
2722 1648 2821 1700 tua
2844 1643 2903 1696 in
2931 1647 3220 1698 mternum
3250 1657 3471 1713 :opera
3501 1658 3810 1700 manuum
3847 1647 4007 1700 tua-

537 1737 593 1788 et
610 1733 670 1787 in
707 1732 894 1788 frusta
912 1732 1224 1796 caedentes,
1250 1739 1478 1804 ponunt
1525 1750 1701 1805 super
1749 1733 1932 1803 ligna.
1980 1733 2179 1803 ignem
2214 1748 2259 1810 Β
2287 1745 2421 1786 rum
2460 1745 2536 1784 ne
2567 1729 2880 1801 despicias.

536 1826 736 1880 autem
761 1836 882 1878 non
913 1826 1255 1892 supponant
1286 1837 1297 1878 :
1323 1827 1378 1878 et
1402 1838 1512 1892 ego
1529 1822 1743 1878 faciam
1772 1823 1988 1878 bovem
2041 1821 2178 1877 alte-

534 1923 691 1972 rum,
710 1913 766 1966 et
796 1907 1105 1980 imponam
1145 1925 1323 1983 super
1360 1909 1540 1980 ligua,
1563 1910 1761 1980 ignem
1807 1915 2006 1966 autem
2056 1926 2177 1967 non

536 2011 896 2068 supponam.
920 1999 1186 2053 lnvocate
1208 1997 1454 2054 nomina
1469 1997 1717 2054 deorum
1745 2003 2098 2065 vestrorum,
2121 2002 2177 2054 et

535 2098 678 2153 ergo
704 2083 996 2140 invocabo
1015 2099 1232 2144 nomen
1253 2085 1506 2142 Deimei:
1529 2091 1583 2142 et
1602 2087 1757 2141 Deus
1783 2086 1885 2157 qui
1905 2085 2175 2142 exaudie-

532 2170 722 2244 ritper
749 2171 972 2242 ignem,
1006 2172 1132 2244 ipse
1160 2173 1232 2230 sit
1263 2175 1441 2234 Deus.
1478 2174 1868 2245 Respondens
1898 2173 2054 2228 omni
2073 2189 2176 2245 po-

530 2258 729 2331 pulus,
776 2259 857 2316 ait
885 2276 899 2314 :
929 2259 1164 2332 Optima
1215 2261 1565 2334 propositio,
1609 2277 1794 2333 quam
1823 2261 2055 2318 locutus
2087 2265 2175 2318 est

531 2346 740 2404 Helias.
767 2347 920 2408 Dixit
947 2363 1088 2418 ergo
1127 2348 1319 2408 Helias
1372 2349 1678 2422 prophetis
1721 2349 1859 2406 Baal
1911 2365 1922 2403 :
1976 2349 2174 2420 Eligite

527 2436 700 2493 vobis
726 2436 942 2500 bovem
959 2452 1166 2505 unum,
1185 2441 1241 2494 et
1266 2437 1436 2496 facite
1463 2438 1662 2511 primi,
1694 2437 1838 2511 quia
1852 2454 1959 2494 vos
1980 2438 2173 2509 plures

529 2524 670 2582 estis
726 2543 740 2583 :
822 2528 878 2580 et
930 2525 1200 2582 invocate
1294 2525 1540 2583 nomina
1594 2526 1846 2584 deorum
1893 2532 2169 2598 vestrum,

526 2609 848 2684 ignemque
862 2627 983 2670 non
999 2614 1374 2686 supponatis.
1395 2615 1502 2681 Qui
1517 2631 1654 2672 cum
1673 2615 1943 2672 tulissent
1955 2615 2171 2672 bovem

527 2712 708 2772 quem
745 2699 988 2760 dederat
1019 2698 1126 2772 eis,
1154 2699 1417 2758 fecerunt
1445 2719 1458 2758 :
1486 2707 1543 2760 et
1569 2703 1929 2760 invocabant
1949 2719 2170 2760 nomen

526 2786 666 2843 Baal
684 2785 758 2844 de
783 2803 950 2846 mane
981 2803 1173 2863 usque
1205 2789 1282 2848 ad
1308 2790 1641 2861 meridiem,
1681 2792 1942 2850 dicentes
1971 2811 1983 2851 :
2011 2792 2168 2859 Baal,

524 2874 741 2932 exaudi
769 2891 898 2933 nos.
923 2878 988 2934 Et
1013 2891 1137 2934 non
1159 2883 1284 2936 erat
1304 2894 1441 2944 vox,
1475 2895 1584 2936 nec
1608 2880 1711 2951 qui
1739 2880 2121 2952 responderet
2149 2897 2167 2935 :

524 2963 1047 3037 transiliebantque
1072 2964 1273 3036 altare,
1297 2967 1462 3038 quod
1487 2967 1746 3025 fecerant.
1770 2971 2007 3040 Cumque
2025 2973 2171 3023 esset

519 3048 649 3121 jam
669 3052 964 3117 meridies,
987 3053 1270 3112 illudebat
1286 3054 1396 3110 illis
1415 3055 1625 3112 Helias:
1649 3056 1853 3112 dicens
1874 3076 1886 3114 :
1913 3056 2170 3112 Clamate

521 3152 666 3196 voce
691 3141 916 3210 majore
965 3157 982 3196 :
1025 3145 1179 3198 Deus
1221 3144 1379 3199 enim
1403 3149 1507 3209 est,
1534 3149 1589 3200 et
1614 3144 1858 3200 forsitan
1885 3143 2172 3217 loquitur,

525 3230 632 3284 aut
674 3228 730 3282 in
760 3227 1086 3286 diversorio
1117 3235 1225 3296 est,
1260 3238 1362 3287 aut
1391 3231 1445 3285 in
1477 3231 1693 3294 itinere,
1725 3236 1828 3288 aut
1865 3238 2018 3287 certe
2035 3231 2170 3288 dor-

520 3314 648 3385 mit,
677 3319 740 3373 ut
767 3317 1066 3374 excitetur.
1098 3317 1466 3384 Clamabant,
1499 3333 1639 3388 ergo
1667 3333 1813 3375 voce
1844 3335 2082 3390 magna,
2118 3325 2172 3377 et

519 3399 858 3460 incidebant
877 3420 938 3459 se
961 3405 1138 3476 juxta
1158 3405 1336 3462 ritum
1377 3421 1554 3460 suum
1577 3405 1775 3461 cultris
1805 3411 1862 3462 et
1885 3406 2168 3464 lauceolis

518 3489 711 3548 donec
740 3490 1234 3562 perfunderentur
1268 3493 1577 3562 sanguine.
1611 3494 1933 3566 Postquam
1979 3501 2168 3554 autem

518 3577 747 3634 transiit
793 3577 1087 3649 meridies,
1140 3583 1196 3634 et
1222 3577 1335 3634 illis
1396 3580 1884 3652 prophetantibus
1929 3591 2169 3642 venerat

516 3666 773 3735 tempus,
798 3679 921 3736 quo
947 3663 1304 3722 sacriﬁcium
1336 3666 1531 3724 offerri
1561 3669 1724 3736 solet,
1753 3686 1861 3727 nec
1887 3672 2167 3730 audieba-

516 3753 614 3809 tur
640 3765 774 3818 vox,
802 3766 912 3808 nee
943 3750 1158 3825 aliquis
1198 3755 1618 3827 respondebat,
1679 3774 1785 3814 nec
1825 3760 2168 3820 attendebat

517 3843 792 3902 orantes:
825 3839 971 3896 dixit
986 3840 1176 3897 Helias
1201 3843 1366 3898 omni
1387 3843 1611 3915 populo
1645 3863 1657 3900 :
1690 3847 1886 3903 Venite
1925 3847 2002 3904 ad
2046 3866 2160 3906 me.

515 3928 583 3984 Et
604 3927 918 3986 accedente
946 3928 1025 3985 ad
1051 3947 1110 3985 se
1141 3931 1383 4002 populo,
1438 3934 1664 3990 curavit
1700 3935 1881 3991 altare
1909 3935 2161 4003 Domini,

511 4014 678 4089 quod
706 4013 1069 4073 destructum
1091 4018 1317 4076 fuerat:
1350 4026 1406 4076 et
1433 4020 1560 4077 tulit
1583 4021 1899 4080 duodecim
1932 4024 2162 4097 lapides

505 4104 679 4175 juxta
703 4120 1018 4162 numerum
1047 4106 1308 4164 tribuum
1337 4107 1594 4166 ﬁliorum
1625 4110 1831 4180 Jacob,
1865 4116 1942 4168 ad
1985 4131 2163 4184 quem

510 4191 701 4256 factus
720 4199 810 4250 est
829 4209 1024 4250 sermo
1053 4195 1306 4262 Domini,
1330 4197 1569 4255 dicens:
1600 4200 1776 4254 lsrael
1807 4199 1913 4255 erit
1941 4216 2160 4258 nomen

2359 1818 2584 1874 Oratio.
2621 1818 2674 1874 Si
2706 1816 3203 1874 ambulaverimus
3233 1817 3293 1871 in
3324 1816 3529 1873 medio
3556 1817 3997 1876 tribulationis

2285 1911 2518 1970 nostrae,
2544 1906 2789 1962 Domine
2813 1905 3047 1962 vivitica
3067 1921 3177 1960 nos
3197 1922 3210 1972 ;
3235 1910 3292 1962 et
3313 1921 3497 1978 super
3514 1906 3670 1964 iram
3690 1906 3994 1964 inimico-

2283 2009 2418 2050 rum
2447 2000 2783 2050 nostrorum
2812 1994 3008 2050 emitte
3027 2009 3279 2050 manum
3310 1998 3484 2052 tuam
3511 2013 3523 2048 :
3553 2000 3611 2052 et
3629 1994 3818 2052 libera
3844 2011 3986 2053 nos

2283 2081 2524 2137 dextera
2539 2088 2657 2146 tua,
2677 2084 2779 2154 qui
2810 2083 2998 2138 vicisti
3023 2081 3318 2140 mundum
3341 2099 3452 2154 per
3505 2084 3702 2140 Crucis
3729 2089 3844 2140 tuas
3868 2084 3976 2140 in-

2281 2169 2667 2226 victissimum
2710 2171 2950 2241 signum
2987 2189 2999 2227 :
3034 2176 3098 2228 ut
3136 2187 3242 2242 per
3299 2176 3355 2229 te
3413 2172 3496 2230 ab
3536 2172 3717 2232 aereis
3754 2171 3968 2243 hujus

2281 2259 2478 2314 mundi
2506 2259 2894 2331 potestatibus
2910 2259 3218 2330 insigniter
3239 2260 3499 2326 liberati,
3521 2260 3982 2332 triumphantes

2283 2351 2337 2408 et
2359 2354 2604 2404 ovantes
2622 2354 2893 2419 petamus
2916 2349 3124 2404 intima
3151 2348 3303 2406 coeli.
3324 2360 3390 2419 ly.
3417 2351 3628 2406 Amen.

2352 2436 2696 2504 Antiphone
2717 2440 2767 2490 2.
2808 2440 2980 2502 Pone,
3015 2438 3278 2503 Domine,
3314 2437 3670 2510 lachrymas
3695 2453 3885 2495 meas
3915 2438 3988 2496 in

2281 2529 2598 2594 conspectu
2629 2529 2727 2582 tuo
2743 2545 2760 2596 ;
2787 2530 3204 2582 convertantur
3229 2525 3462 2584 inimici
3481 2525 3603 2583 mei
3630 2532 3982 2591 retorsum,

2279 2615 2336 2667 et
2381 2628 2740 2683 cognoscam
2800 2631 2929 2684 ego,
2988 2615 3132 2684 quia
3185 2619 3249 2671 tu
3293 2631 3357 2670 es
3385 2616 3547 2671 Deus
3577 2631 3773 2672 meus.
3800 2615 3876 2678 ἡ.
3912 2617 3990 2674 In

2278 2714 2660 2774 quacumque
2681 2701 2775 2758 die
2796 2703 3148 2759 invocavero
3171 2705 3250 2765 te,
3271 2702 3558 2760 velociter
3577 2703 3808 2760 exaudi
3839 2719 3979 2762 me.

2279 2788 2666 2861 Multiplicasti
2693 2791 2954 2847 animam
2985 2791 3258 2848 meamin
3275 2791 3528 2848 virtute:
3563 2807 3706 2849 ecce
3734 2807 3984 2864 cogno-

2276 2877 2354 2940 vi,
2389 2878 2666 2948 quoniam
2701 2879 2853 2935 Deus
2883 2895 3052 2935 meus
3084 2896 3146 2938 es
3176 2884 3260 2936 tu.

2351 2965 2577 3022 Oratio.
2603 2969 2756 3022 Pone
2782 2969 3025 3024 Domine
3042 2967 3103 3023 in
3122 2972 3446 3039 conspectu
3465 2972 3569 3025 tuo
3586 2972 3810 3025 contra
3837 2984 3984 3032 eos,

2279 3053 2502 3124 quinos
2519 3055 2788 3118 oderunt,
2812 3065 3141 3111 nostrarum
3168 3057 3370 3113 obices
3399 3057 3862 3128 lachrymarum
3881 3076 3896 3111 :
3915 3061 3986 3116 ut

2274 3142 2402 3213 jam
2435 3142 2673 3200 tandem
2703 3143 3127 3202 inimicinostri
3152 3150 3580 3204 convertantur
3594 3151 3982 3213 retrorsum,

2278 3233 2382 3304 qui
2396 3247 2505 3286 nos
2521 3231 2734 3288 insano
2751 3233 2888 3288 odio
2904 3239 3374 3306 persequuntur:
3396 3234 3982 3306 sicque,rogamus,

2277 3319 2462 3375 nostri
2491 3321 2756 3376 criminis
2782 3321 3058 3377 incendia
3083 3321 3322 3380 ubertas
3351 3321 3824 3394 lachrymarum
3877 3338 3988 3378 ex-

2276 3407 2509 3477 tinguat
2540 3413 2602 3464 ut
2632 3410 2928 3480 passionis
2945 3414 3058 3466 tuae
3081 3410 3384 3470 celebritas
3417 3427 3522 3482 per
3552 3415 3796 3470 arctam
3834 3426 3996 3482 gra-

2276 3496 2504 3554 dientes
2533 3498 2692 3554 viam
2731 3499 2810 3555 ad
2839 3499 3059 3570 gaudia
3088 3515 3198 3556 nos
3238 3501 3545 3572 pertrahat
3574 3501 3858 3558 inﬁnita.
3906 3512 3983 3570 11v.

2275 3586 2482 3641 Amen.

2344 3674 2695 3742 Antiphona
2722 3679 2771 3732 3.
2792 3678 2838 3730 Α
2866 3675 3078 3748 laqueo
3106 3675 3326 3747 linguis
3351 3677 3576 3749 iniquae
3606 3675 3818 3734 libera
3848 3693 3986 3736 me.

2274 3762 2533 3826 Domine,
2553 3768 2607 3819 et
2651 3763 2873 3820 alabiis
2898 3765 3286 3837 operantibus
3306 3766 3707 3824 mendacium.
3736 3766 3978 3823 Libera

2273 3865 2369 3906 me
2387 3867 2422 3906 a
2438 3852 2824 3920 rugientibus,
2840 3853 3056 3924 paratis
3075 3853 3147 3909 ad
3165 3859 3448 3919 escam,et
3472 3853 3548 3910 de
3569 3869 3766 3912 manu
3790 3871 3985 3929 qum-

2271 3937 2525 3994 rentium
2545 3939 2809 3996 animam
2825 3956 3040 3998 meam.
3054 3940 3116 4001 lit.
3137 3941 3223 3996 Ad
3248 3941 3573 3998 Dominum
3591 3958 3738 4000 cum
3765 3943 3984 3999 tribuo

2270 4024 2424 4081 larer
2455 4026 2631 4098 35o
2660 4027 2909 4083 clamavi
2938 4045 2948 4082 :
2976 4032 3033 4084 et
3060 4029 3366 4085 exaudivit
3391 4045 3507 4086 me.

2340 4117 2640 4186 Hymnus.
2683 4119 2725 4173 Ο
2763 4120 3075 4173 Nazarene.
3105 4119 3356 4187 foldii.

2343 4204 2566 4260 Oratio.
2589 4204 2808 4260 Christe
2827 4205 2923 4260 Dei
2941 4206 3126 4262 Patris
3141 4207 3452 4263 individua
3471 4208 3693 4279 proles,
3714 4214 3837 4284 qui
3869 4214 3986 4276 ad-

509 4283 1144 4374 tuum._Et_mdiﬁcavit
1181 4285 1255 4340 de
1278 4285 1589 4374 lapidibus
1622 4289 1806 4344 altare
1835 4289 1895 4344 in
1918 4292 2161 4347 nomine
2195 4359 2235 4374 ﬂ
2271 4297 2500 4362 sumpto
2517 4293 3007 4364 hominelaqueos
3025 4293 3485 4366 iniquaelinguaa
3500 4283 3858 4370 perpessus
3877 4321 3978 4374 se;

508 4365 733 4426 Domini
757 4382 769 4422 :
798 4369 1048 4440 fecitque
1079 4371 1513 4442 aqumductum,
1547 4377 1719 4446 quasi
1741 4392 1846 4447 per
1867 4378 2017 4434 duas
2040 4396 2162 4436 ara—
2195 4359 2240 4416 D
2269 4385 2334 4436 tu
2357 4359 2666 4435 Ecclesiam
2690 4387 2844 4436 tuam
2864 4380 2940 4436 ab
2964 4381 3214 4440 omnium
3245 4359 3983 4454 passionuminlecebris

510 4454 828 4521 tiunculas,
857 4455 920 4511 in
944 4456 1188 4514 circuitu
1213 4458 1431 4525 altaris,
1473 4468 1529 4518 et
1571 4465 1909 4535 composuit
1941 4466 2104 4536 ligna
2143 4485 2157 4523 :

509 4541 824 4615 divisitque
844 4559 949 4616 per
961 4546 1212 4602 membra
1228 4545 1456 4613 bovem,
1478 4554 1534 4605 et
1551 4550 1747 4621 posuit
1767 4568 1944 4624 super
1974 4554 2158 4628 ligna,

509 4633 568 4688 et
602 4631 727 4690 ait:
759 4630 998 4704 lmplete
1019 4638 1275 4705 quatuor
1320 4633 1566 4707 hydrias
1605 4654 1783 4711 aqua,
1837 4645 1893 4697 et
1937 4642 2160 4702 fundite

508 4734 688 4792 super
709 4719 1142 4793 holocaustum,
1176 4727 1233 4779 et
1262 4740 1440 4796 super
1467 4725 1647 4796 ligna.
1682 4730 2049 4802 Rursumque
2070 4734 2159 4790 di-

504 4807 630 4866 xit:
659 4809 846 4866 Etiam
878 4810 1142 4868 secundo
1172 4811 1283 4868 hoc
1310 4812 1499 4870 facite.
1531 4815 1635 4878 Qui
1689 4833 1827 4874 cum
1887 4818 2162 4889 fecissent

505 4896 788 4964 secundo,
813 4897 931 4954 ait:
975 4899 1165 4956 Etiam
1212 4901 1381 4958 tertio
1419 4901 1480 4958 id
1523 4903 1723 4976 ipsum
1749 4905 1942 4964 facite.
1991 4911 2158 4966 Feces

503 4987 759 5054 rumque
788 4985 972 5050 tertio,
1001 4991 1057 5043 et
1085 4989 1403 5047 currebant
1421 5007 1597 5063 aqum
1628 4992 1854 5050 circum
1877 4996 2078 5064 altare,
2103 5014 2161 5066 et

504 5068 668 5128 fossa
685 5072 1076 5142 aquaaductus
1095 5076 1319 5146 repleta
1339 5083 1448 5134 est.
1475 5079 1744 5152 Cumque
1761 5082 1890 5151 jam
1919 5087 2156 5156 tempus

503 5161 662 5214 esset
688 5164 753 5214 ut
779 5158 1084 5217 offerretur
1137 5162 1574 5231 holocaustum,
1636 5168 1928 5225 accedens
1961 5173 2154 5232 Helias

501 5245 814 5318 propheta,
842 5247 922 5304 ait
947 5264 960 5302 :
996 5250 1240 5305 Domine
1271 5253 1420 5307 Deus
1447 5252 1771 5319 Abraham,
1803 5261 1859 5313 et
1889 5261 2072 5328 Isaac,
2097 5270 2154 5320 et

500 5331 698 5400 Israel,
728 5335 976 5392 ostende
1001 5337 1176 5392 hodie
1196 5339 1338 5409 quia
1363 5345 1426 5395 tu
1456 5356 1517 5396 es
1553 5343 1704 5398 Deus
1744 5347 1936 5411 lsrael,
1961 5355 2014 5406 et
2040 5367 2152 5420 ego

501 5437 706 5480 servus
735 5427 892 5496 tuus,
927 5429 982 5481 et
1021 5425 1194 5496 juxta
1218 5435 1575 5500 praeceptum
1610 5436 1774 5490 tuum
1805 5433 1914 5493 feci
1947 5441 2152 5500 omnia

499 5512 687 5574 verba
711 5513 859 5574 haec.
893 5515 1119 5578 Exaudi
1139 5532 1238 5576 me
1261 5519 1526 5589 Domine,
1554 5522 1771 5582 exaudi
1796 5541 1892 5586 me
1924 5544 1936 5584 :
1962 5532 2026 5588 ut
2053 5529 2148 5586 di«

1912 6389 2172 6399 ._.—-—-——-_--—-—
2195 6390 2202 6394 -

2268 4467 2455 4523 libera
2483 4483 2494 4532 ;
2519 4484 2554 4523 a
2583 4468 2939 4525 nocibilitate
2977 4469 3272 4528 labiorum
3305 4470 3757 4532 detrahentium
3782 4479 3980 4537 inlae-

2271 4572 2401 4612 sam
2429 4572 2757 4613 conserva:
2787 4562 3082 4628 quatenus
3135 4573 3170 4613 a
3218 4559 3613 4628 rugientibus,
3651 4565 3977 4626 ministris

2271 4645 2492 4701 scilicet
2529 4644 2838 4701 diabolicae
2868 4645 3174 4716 potestatis
3206 4653 3503 4720 exempta,
3558 4649 3800 4711 tibimet
3839 4672 3979 4714 cce-

2269 4731 2398 4788 lesti
2425 4733 2484 4788 in
2511 4732 2677 4788 curia
2702 4731 2987 4789 inhereat
3007 4732 3292 4804 gloriosa.

2344 4825 2508 4878 Pater
2537 4825 2754 4876 noster.

2870 4909 2967 4964 Ad
3032 4910 3358 4982 Vesperum.

2342 4997 2562 5054 Lauda.
2592 4995 2951 5054 llluminatio
2984 5014 3137 5064 mea,
3167 5003 3222 5055 et
3260 4999 3423 5056 salus
3454 5017 3594 5059 mea
3624 5005 3977 5068 Dominus.

2341 5087 2707 5156 Antiphona.
2733 5089 2949 5143 lnvoca
2968 5104 3063 5144 me
3087 5089 3148 5145 in
3174 5087 3266 5146 die
3289 5089 3694 5151 tribulationis
3724 5114 3743 5151 ε
3769 5103 3835 5156 et
3856 5101 3980 5158 eri-

2269 5174 2432 5248 piam
2459 5179 2606 5243 te,et
2630 5173 2946 5244 gloricabis
2978 5192 3093 5232 me.
3121 5178 3396 5236 Psalmus
3425 5195 3577 5238 xux.

2339 5264 2564 5320 Lauda.
2596 5263 2797 5318 Veniat
2836 5280 3014 5335 super
3050 5281 3184 5332 nos,
3221 5267 3486 5332 Domine,
3521 5269 3979 5336 misericordia

2265 5357 2372 5409 tua
2395 5370 2406 5419 ;
2432 5359 2488 5408 et
2511 5351 2762 5408 salutare
2787 5358 2971 5417 tuum,
3006 5358 3062 5409 et
3082 5353 3388 5425 eloquium
3418 5362 3612 5414 tuum.
3657 5359 3726 5419 ἲν.
3770 5365 3844 5420 Et
3879 5382 3977 5423 re-

2265 5441 2580 5514 spondebo
2605 5440 3099 5512 exprobrantibus
3129 5442 3274 5500 mihi
3295 5444 3587 5504 verbum:
3620 5449 3778 5522 quia
3813 5470 3970 5527 spe-

2263 5531 2386 5594 ravi
2411 5529 2472 5588 in
2522 5528 2900 5594 sermonibus
2934 5529 3067 5588 tuis.
