4194 6410
158 349 267 405 889

1298 330 1653 401 DOMINICA
1692 344 1764 400 IN
1802 344 2026 402 RAMIS
2068 345 2473 403 PALMABUM

3459 352 3565 412 590

233 474 531 543 Hymnus.
574 468 811 527 Vocaris
858 468 937 525 ad
965 469 1169 525 vitam.
1224 469 1467 539 fol.334.
1512 470 1814 541 Capitula.
1846 472 1893 527 A
2003 473 2225 530 Oratio.
2278 470 2672 543 Omnipotens
2726 471 2824 525 Dei
2883 471 3063 527 Filius
3113 474 3354 542 Christe,
3402 476 3578 546 cujus

165 564 324 618 Deus
352 558 838 617 auctorluminis.
865 559 977 627 fol.
999 561 1121 613 343.
1160 558 1389 615 Lauda.
1418 562 1550 616 Hinc
1598 564 1689 615 est
1718 574 1819 631 ge-

166 650 413 707 neratio.
431 649 545 719 fol.
589 651 710 703 345.

779 736 939 790 senta
999 750 1220 798 ouum

741 824 837 878 Ad
866 824 1251 879 Matutinum.

244 918 289 971 Α
301 914 616 985 ntiphona.
651 911 894 969 Salvum
907 927 1003 967 me
1028 911 1120 967 fac
1143 914 1297 967 Deus
1310 925 1500 967 meus.
1527 912 1821 977 Quoniam

174 1009 238 1063 tu
268 1002 615 1077 percussisti
646 1015 856 1057 omnes
887 999 1430 1056 adversantesmihi
1458 999 1585 1057 sine
1615 1015 1820 1057 causa:

174 1094 383 1151 dentes
395 1096 779 1164 peccatorum
790 1088 1114 1145 contrivisti
1126 1130 1139 1143 .
1161 1089 1430 1144 Psalmus
1454 1105 1534 1145 ιιι.

248 1178 928 1238 0ratio.tlonfessionem
946 1180 1211 1233 nostram
1226 1176 1473 1232 Domine
1495 1182 1633 1249 post
1660 1177 1827 1250 quie-

175 1276 315 1337 tem,
358 1270 607 1339 dignam
633 1268 748 1324 tuis
776 1264 1189 1338 conspectibus
1210 1265 1375 1321 eftice
1410 1282 1421 1320 :
1452 1269 1518 1321 ut
1563 1266 1716 1323 sicut
1740 1282 1827 1323 re—

175 1358 462 1415 surrectio
493 1360 704 1413 nostra
745 1354 805 1410 in
837 1362 890 1410 te
918 1354 1175 1426 sumpsit
1198 1354 1511 1410 exordium
1534 1373 1550 1424 ;
1582 1354 1664 1410 ita
1705 1355 1830 1411 vita

174 1452 382 1505 nostra
409 1463 448 1502 a
478 1451 532 1502 te
561 1444 783 1501 habeat
810 1442 1145 1515 praemium,
1184 1447 1514 1514 nostraque
1543 1442 1829 1513 fragilitas

176 1542 277 1595 tuo
316 1536 626 1591 muniatur
650 1533 913 1589 auxilio:
949 1539 1012 1588 ut
1071 1532 1332 1588 hostium
1374 1532 1560 1587 millia
1617 1532 1828 1589 rabido

176 1642 285 1683 nos
315 1622 819 1680 circumdantium
850 1621 1099 1690 fremitu,
1156 1625 1257 1677 tuo
1286 1620 1713 1692 dispargantur
1738 1620 1828 1690 ju-

178 1713 354 1785 dicio,
391 1719 612 1785 tuoque
636 1715 1020 1766 conterantur
1047 1714 1340 1781 respectu,
1371 1708 1602 1781 tuisque
1616 1707 1831 1779 jaculis

1928 562 2115 618 verba
2144 560 2302 633 stylo
2327 561 2537 624 ferreo,
2556 559 2689 615 forti
2720 559 2937 616 scilicet
2984 564 3271 619 sententia
3313 564 3576 629 Patrum,

1929 650 2149 721 scripta
2160 649 2593 720 dignoscuntur
2609 666 2622 717 ;
2636 649 2697 703 in
2716 652 2885 720 petra
2897 648 3359 720 praedurissima,
3381 652 3582 709 videli-

1929 741 2021 793 cet
2044 737 2313 806 gentium
2339 737 2543 802 corda,
2572 736 2854 793 universa
2870 736 3281 793 membrorum
3308 740 3582 795 Ecclesiae

1928 828 2045 881 tuas
2075 824 2260 881 corda
2291 823 2621 892 emolliens,
2661 825 2911 881 nomina
2944 840 3151 881 eorum
3186 825 3247 880 in
3272 826 3497 897 pagina
3521 827 3583 883 li-

1929 912 2023 969 bri
2049 912 2183 968 vitaa
2214 912 2382 982 digiti
2414 913 2498 969 tui
2511 916 2719 969 sancto
2735 913 2892 985 stylo
2918 913 3248 979 conscribo;
3271 929 3393 986 quo
3409 917 3466 970 et
3482 929 3585 971 na-

1930 1001 2102 1059 turali
2125 1001 2432 1072 turgedine
2464 1007 2722 1067 careant,
2756 1007 2811 1060 et
2844 1018 2991 1060 veras
3011 1002 3366 1059 humilitatis
3395 1002 3587 1074 gratia

1933 1090 2276 1147 enitescant.
2310 1101 2376 1161 ﬁ.
2390 1094 2598 1147 Amen.

2536 1180 2608 1235 In
2656 1180 2977 1237 Laudibus.

2006 1267 2369 1337 Antiphona.
2393 1268 2570 1337 Deus,
2585 1273 2829 1341 propter
2857 1274 2910 1325 te
2946 1285 2981 1325 a
3008 1269 3266 1341 peccatis
3325 1269 3474 1326 meis
3502 1269 3585 1327 fa-

1937 1356 2091 1412 ciem
2122 1360 2288 1413 tuam
2313 1361 2533 1413 averte:
2562 1362 2616 1413 et
2642 1372 2850 1414 omnes
2879 1357 3218 1429 iniquitates
3242 1374 3410 1414 meas
3432 1358 3581 1416 dele.

1938 1445 2234 1511 Quoniam
2260 1461 2372 1516 ego
2392 1446 2453 1501 in
2490 1446 2904 1517 iniquitatibus
2954 1450 3277 1519 conceptus
3326 1463 3462 1505 sum
3495 1452 3588 1505 :et

1935 1534 1998 1591 in
2027 1536 2289 1607 peccatis
2310 1535 2538 1607 peperit
2567 1552 2663 1592 me
2684 1542 2876 1593 mater
2899 1552 3045 1594 mea.
3078 1537 3349 1593 Psalmus
3378 1554 3435 1594 ιη

2012 1625 2183 1696 351
2218 1626 2437 1681 Oratio.
2471 1625 2953 1695 Agnoscentibus
2998 1626 3192 1681 nobis.
3222 1627 3332 1695 fol.
3353 1630 3479 1683 259.

2010 1713 2360 1783 Antiphona
2393 1713 2684 1769 Dominus
2710 1730 2947 1770 mecum
3001 1718 3087 1769 est
3132 1714 3308 1785 quasi
3341 1713 3589 1771 bellator

180 1802 565 1859 vulnerentur
591 1818 603 1855 :
635 1804 691 1855 et
722 1798 890 1869 plebs
922 1801 1025 1853 ate
1066 1798 1326 1863 condita,
1358 1813 1393 1854 a
1423 1800 1477 1853 te
1494 1796 1827 1869 redempta,
1861 1816 1908 1873 Β
1942 1801 2107 1859 fortis
2140 1818 2151 1856 :
2189 1801 2408 1857 idcirco
2438 1802 2543 1874 qui
2560 1805 2993 1874 persequuntur
3016 1818 3129 1870 me,
3162 1802 3396 1871 cadant,
3426 1806 3482 1860 et
3502 1803 3591 1859 in-

181 1905 251 1948 ex
276 1894 329 1951 te
355 1892 660 1959 suscepta,
692 1886 835 1942 ﬁdei
886 1886 1096 1942 merito
1151 1890 1477 1957 sanctoque
1540 1884 1834 1943 famulatu
1942 1888 2101 1946 ﬁrmi
2123 1887 2310 1944 ﬁant:
2353 1888 2793 1945 confundantur
2848 1888 3250 1957 vehementer,
3300 1889 3442 1960 quia
3469 1904 3592 1947 non

186 1976 521 2050 semperad
555 1978 976 2042 teconcurrat;
1009 1975 1246 2045 tuisque
1276 1974 1339 2029 in
1370 1974 1531 2031 atriis
1544 1979 1600 2030 te
1626 1973 1833 2029 crebro
1942 1977 2355 2034 intellexerunt
2379 1976 2772 2049 obprobrium
2816 1976 3270 2048 sempiternum.

183 2068 501 2125 laudatum
540 2069 885 2133 consurgat.
908 2074 974 2131 Ην.
1042 2067 1255 2118 Amen.
2016 2067 2337 2123 Canticum.
2365 2066 2659 2121 Seduxisti
2691 2081 2807 2132 me,
2836 2067 2944 2135 fol.
2966 2066 3093 2120 276.

246 2154 597 2224 Anta’phona
628 2152 861 2209 l.Posui
876 2150 1089 2207 faciem
1105 2167 1302 2208 meam
1319 2156 1379 2207 ut
1394 2157 1623 2222 petram
1644 2150 1837 2206 duris-
2018 2155 2242 2211 Oratio.
2276 2154 2636 2226 Redemptor
2647 2154 2899 2209 humani
2921 2154 3156 2223 generis
3170 2154 3417 2211 Domine
3444 2156 3598 2211 Deus

181 2246 429 2309 simam,
465 2249 519 2299 et
544 2244 667 2298 seio
690 2242 979 2314 quoniam
1020 2257 1141 2297 non
1169 2240 1526 2296 confundat
1553 2242 1727 2295 Juxta
1750 2244 1839 2296 est
1945 2243 2198 2301 bellator
2218 2242 2405 2311 fortis,
2423 2242 2529 2315 qui
2559 2242 2820 2298 torcular
2839 2242 3139 2298 sustinens
3168 2243 3600 2315 passionis,ip—

184 2334 349 2391 enim
366 2332 473 2405 qui
492 2348 587 2387 me
606 2330 909 2402 justiﬁcat.
928 2329 991 2390 llr.
1015 2329 1184 2401 Eripe
1214 2345 1310 2385 me
1323 2329 1397 2385 de
1418 2329 1675 2386 inimicis
1692 2327 1840 2384 meis
1950 2348 2085 2388 sum
2102 2346 2345 2404 quoque
2362 2330 2691 2387 torcularin
2716 2346 2837 2403 quo
2859 2329 3116 2387 calcator
3128 2330 3601 2397 es,conculcasse

184 2424 339 2479 Deus
370 2436 543 2485 meus
570 2437 581 2475 :
618 2423 674 2475 et
707 2419 786 2475 ab
816 2418 1269 2489 insurgentibus
1300 2418 1361 2473 in
1388 2432 1483 2474 me
1513 2416 1701 2473 libera
1720 2431 1837 2473 me.
1950 2422 2321 2492 dignosceris
2340 2438 2358 2487 ;
2399 2421 2547 2476 dum
2593 2424 2649 2476 et
2679 2436 2715 2477 a
2742 2425 2929 2476 morte
2971 2420 3195 2491 surgis;
3234 2424 3291 2476 et
3332 2436 3456 2488 eos,
3499 2420 3603 2493 qui

251 2512 321 2567 0r
336 2510 483 2565 alio.
504 2508 725 2564 Christe
755 2509 928 2571 Deus,
953 2508 1056 2578 qui
1081 2507 1379 2562 mundum
1425 2507 1669 2561 veniens
1699 2504 1843 2560 libe-
1950 2514 2007 2568 te
2035 2510 2328 2582 persecuti
2358 2514 2495 2565 sunt
2517 2514 2861 2565 corruentes
2888 2509 3380 2581 inﬁrmantesque
3409 2512 3603 2565 osten-

179 2598 509 2657 rat/tarusin
545 2612 743 2662 carne,
776 2595 991 2652 faciem
1025 2600 1208 2659 tuam,
1241 2599 1305 2650 ut
1342 2599 1573 2665 petram
1595 2592 1845 2665 posuisti
1951 2599 2078 2663 dis;
2110 2598 2308 2671 praebe
2333 2597 2533 2663 nobis,
2575 2596 2637 2651 in
2661 2598 2774 2652 tuis
2803 2597 3185 2669 passionibus
3251 2602 3307 2654 et
3339 2596 3608 2655 hilariter

184 2688 581 2757 durissimam
602 2705 620 2753 ι;
644 2685 804 2753 erige
835 2700 945 2739 nos
976 2684 1265 2754 passionis
1309 2688 1424 2738 tua:
1474 2682 1749 2753 exemplo
1788 2685 1847 2737 et
1955 2701 2326 2745 amarescere
2357 2689 2413 2741 et
2432 2685 2769 2757 opulentius
2802 2686 3099 2741 conlaatari
3130 2704 3143 2740 :
3174 2690 3254 2756 ut,
3302 2687 3449 2741 dum
3478 2686 3608 2741 inﬁ-

183 2778 384 2835 erucis
412 2774 797 2831 circumvalla
826 2772 1106 2845 praesidio
1132 2776 1225 2839 ;ut
1248 2771 1639 2827 etintidelitas
1668 2785 1774 2840 per
1793 2773 1847 2825 te
1956 2774 2119 2831 deles
2141 2772 2394 2845 perﬁdia
2419 2773 2662 2839 cruciat,
2693 2772 2901 2828 ﬁdeles
2947 2773 3260 2829 conversio
3283 2772 3360 2829 ab
3392 2772 3609 2847 iniqui-

183 2867 444 2925 confusa
466 2864 789 2935 dispereat,
823 2867 878 2917 et
897 2877 1137 2917 rursum
1167 2860 1425 2916 ﬁdelitas
1452 2875 1489 2916 a
1518 2865 1569 2916 te
1601 2874 1851 2915 corona-
1956 2866 2079 2920 tate
2108 2860 2400 2917 absolvat.
2435 2871 2501 2930 ἢ.
2548 2862 2755 2915 Amen.

185 2960 317 3017 tura
356 2953 684 3026 perveniat.
732 2963 794 3021 ﬂ.
818 2950 1030 3005 Amen.
2031 2950 2524 3007 Matutt'narium.
2570 2948 2864 3006 Matutinis
2902 2948 3238 3005 meditabor
3262 2948 3324 3005 in
3342 2953 3396 3006 te
3426 2970 3437 3007 :
3468 2948 3613 3024 quia

252 3042 609 3112 Antiphona
628 3044 680 3093 2.
710 3042 1045 3107 Congrega,
1080 3036 1355 3105 Domine,
1390 3036 1665 3092 inimicos
1685 3042 1863 3091 meos
1960 3040 2125 3098 fuisti
2144 3039 2383 3109 adjutor
2398 3054 2589 3113 meus,
2612 3037 2882 3094 Domine.
2906 3037 2970 3099 7.
2994 3038 3149 3094 Deus
3166 3037 3322 3094 Deus
3352 3055 3518 3096 meus
3534 3039 3612 3096 ad

186 3130 367 3207 quasi
400 3145 642 3201 gregem
672 3128 754 3184 ad
786 3127 1091 3183 victimam
1122 3124 1469 3181 :sanctiﬁca
1510 3124 1645 3180 illos
1674 3125 1734 3179 in
1756 3122 1854 3179 die

188 3219 510 3279 occisionis
543 3217 683 3290 quia
716 3216 1032 3273 dixerunt:
1088 3218 1215 3271 Non
1244 3213 1472 3271 videbit
1526 3212 1856 3271 novissima

191 3317 423 3377 nostra.
459 3309 520 3369 ἡ.
554 3308 825 3370 Domine,
869 3306 1085 3363 exaudi
1123 3304 1453 3363 orationem
1518 3320 1721 3360 meam
1756 3323 1767 3361 :
1801 3308 1860 3360 et

197 3403 430 3458 clamor
459 3413 631 3454 meus
660 3397 735 3454 ad
762 3403 821 3453 te
856 3395 1182 3468 perveniat.
1216 3398 1342 3451 Non
1383 3397 1621 3451 avertas
1643 3392 1857 3450 faciem

198 3495 373 3548 tuam
405 3504 442 3544 a
479 3502 595 3543 me.

274 3579 498 3636 Oratio.
522 3580 853 3648 Congrega,
886 3573 1158 3639 Domine,
1194 3572 1471 3629 inimicos
1524 3578 1661 3629 tuos
1685 3571 1862 3645 quasi

202 3683 451 3740 gregem
481 3665 556 3720 ad
595 3664 1054 3734 victimam,quo
1086 3666 1189 3718 aut
1218 3661 1630 3733 resipiscentes
1652 3661 1861 3716 ad-ve-

205 3760 376 3815 niam
397 3755 661 3823 redeant,
697 3756 800 3809 aut
823 3751 885 3806 in
906 3750 1081 3806 malis
1094 3750 1488 3822 perdurantes
1520 3747 1864 3806 aeternitatis

202 3844 435 3919 judicio
456 3840 912 3897 contabescant:
950 3843 1013 3893 ut
1048 3844 1111 3893 tu
1126 3838 1313 3901 solus,
1363 3838 1866 3908 quivictimapro-

207 3933 391 3991 nobis
424 3929 654 3985 mtmda
682 3928 921 3983 oblatus
951 3942 1014 3981 es
1036 3925 1214 3990 Patri,
1232 3925 1483 3980 victores
1512 3941 1625 3982 nos
1642 3925 1866 3981 efﬁcias

213 4018 482 4078 criminis
502 4016 713 4073 nostri.
744 4027 809 4085 It.
870 4017 1081 4069 Amen.

283 4107 623 4175 Antiphcna
647 4104 843 4161 3.Non
875 4106 1111 4159 avertas
1138 4116 1350 4157 aurem
1382 4104 1549 4157 tuam
1576 4117 1613 4157 a
1636 4100 1871 4170 singul-

206 4204 278 4258 tu
306 4212 465 4265 meo,
487 4200 544 4251 et
564 4192 948 4257 clamoribus,
968 4189 1389 4257 DomineDeus
1409 4205 1579 4245 meus
1604 4207 1614 4245 :
1650 4204 1869 4261 appro-

211 4289 442 4362 pinqua
475 4287 534 4341 in
563 4285 661 4340 die
717 4281 1137 4347 tribulationis,
1198 4285 1253 4335 et
1285 4278 1379 4334 dic
1435 4278 1649 4335 animas
1672 4294 1821 4333 mete
1854 4298 1865 4338 :

210 4378 294 4433 Ne
326 4377 560 4432 timeas.
595 4373 758 4438 Vide,
815 4370 1085 4427 Domine.
1123 4368 1467 4440 iniquitates
1521 4384 1729 4425 eorum
1761 4368 1873 4424 ad-

210 4481 457 4524 versum
478 4479 577 4520 me
620 4482 631 4521 :
664 4460 871 4532 judice
910 4457 1210 4529 judicium
1241 4472 1473 4515 meum.

288 4515 932 4611 avertas
966 4562 1175 4605 aurem
1197 4550 1354 4603 tuam
1391 4562 1429 4602 a
1459 4546 1725 4617 singultu
1771 4561 1877 4602 no-
1904 4515 1951 4570 Β

218 4650 363 4711 stre,
393 4642 658 4706 Domine,
680 4643 976 4695 nectuum
991 4652 1298 4693 removeas
1319 4640 1629 4708 aspectum
1651 4636 1875 4692 acorde

219 4732 511 4803 contrito;
544 4729 649 4786 sed
668 4729 731 4785 in
750 4727 1039 4785 auxilium
1084 4725 1355 4781 Ecclesia;
1408 4729 1523 4781 ture
1554 4726 1879 4797 appropin-

220 4839 390 4898 qua:
438 4826 503 4877 ut
546 4820 653 4893 qui
708 4818 824 4874 tuis
868 4815 1259 4889 passionibus
1293 4814 1720 4882 conformatur,
1763 4815 1878 4870 tuis

218 4926 465 4987 quoque
496 4906 853 4965 muneribus
879 4904 1239 4962 consoletur.
1290 4915 1353 4973 ﬂ.
1380 4908 1589 4967 Amen,

294 5003 589 5074 n.0mnes
609 4995 938 5054 adversarii
985 4994 1104 5049 mei
1168 4993 1465 5065 persecuti
1516 4996 1793 5059 suntme,
1823 4996 1882 5049 et

222 5107 349 5150 non
365 5096 506 5147 sunt
528 5086 721 5145 satiati
734 5100 908 5157 ;ecce
970 5082 1124 5155 stylo
1188 5082 1525 5138 scribentur
1577 5098 1882 5138 sermones

224 5182 365 5248 mei,
399 5179 831 5250 etreponentur
853 5173 914 5228 in
932 5172 1107 5239 libro,
1130 5176 1193 5227 ut
1218 5171 1414 5227 sintin
1434 5171 1841 5229 testimonium
1866 5192 1879 5228 :

228 5286 339 5342 ego
361 5269 485 5324 scio
515 5266 662 5338 quia
685 5268 943 5319 aeternus
971 5265 1083 5316 est.
1102 5259 1169 5317 P.
1195 5260 1304 5325 Qui
1329 5276 1423 5315 me
1449 5260 1763 5333 dereliquit
1792 5277 1885 5315 su-

227 5375 337 5433 per
348 5363 591 5415 terram.
605 5354 888 5422 Resurget
906 5366 1045 5407 caro
1065 5364 1220 5413 mea,
1253 5365 1389 5421 quas
1414 5349 1528 5406 ista
1552 5350 1800 5422 patitur.
1818 5350 1884 5409 Ψ.

229 5448 521 5505 Dominus
549 5447 705 5501 Deus
734 5441 967 5515 aperuit
1016 5438 1161 5494 mihi
1214 5454 1441 5506 aurem,
1500 5454 1615 5510 ego
1684 5444 1887 5496 autem

230 5552 355 5595 non
386 5533 756 5594 contradico.
817 5534 963 5588 Ecce
994 5532 1148 5586 Deus
1207 5528 1521 5586 auxiliator
1575 5545 1767 5587 meus.
1819 5529 1885 5585 P.

234 5626 368 5694 Qui.

1963 3134 2018 3187 te
2040 3128 2116 3185 de
2141 3128 2272 3183 luce
2300 3126 2503 3197 vigilo.

2036 3217 2268 3277 Lauda.
2313 3219 2375 3271 In
2402 3215 2620 3271 sanctis
2650 3214 2782 3285 ejus
2826 3214 3069 3272 laudate
3095 3214 3435 3272 Dominum.

2036 3301 2233 3359 Lectio
2266 3300 2409 3355 libri
2458 3298 2787 3357 Malae/tim
2820 3298 2956 3371 (III)
3009 3301 3233 3371 Regum
3265 3315 3398 3369 cap.
3430 3301 3617 3374 xvm).

2038 3394 2231 3463 amco
2258 3388 2501 3459 gratias.

2034 3484 2103 3537 in
2131 3480 2246 3536 illis
2270 3478 2485 3535 diebus
2505 3479 2586 3535 ait
2601 3477 2793 3535 Helias
2817 3477 2889 3534 ad
2915 3477 3120 3535 Achab
3153 3496 3166 3538 :
3195 3477 3485 3549 Ascende,
3519 3493 3617 3535 co-

1966 3568 2405 3630 mendeetbibe
2431 3567 2602 3639 ;quia
2615 3583 2797 3623 sonus
2816 3567 3016 3623 multas
3037 3567 3253 3639 pluvias
3277 3572 3387 3639 est,
3410 3572 3625 3623 Ascen-

1969 3660 2056 3716 dit
2083 3657 2288 3716 Achab
2328 3662 2393 3712 ut
2426 3656 2781 3720 comederet,
2834 3661 2889 3713 et
2910 3656 3137 3712 biberet
3163 3673 3175 3711 :
3200 3656 3390 3713 Helias
3420 3660 3622 3711 autem

1971 3748 2239 3806 ascendit
2258 3747 2324 3802 in
2347 3746 2631 3802 verticem
2660 3745 2932 3815 Carmeli,
2961 3750 3262 3817 etpronus
3302 3746 3363 3801 in
3409 3750 3627 3803 terram

1971 3836 2167 3911 posuit
2194 3836 2408 3891 faciem
2432 3835 2773 3890 suaminter
2789 3850 2987 3904 genua
3004 3850 3131 3898 sua,
3157 3840 3213 3890 et
3229 3834 3467 3890 dixitad
3489 3850 3631 3907 pue-

1971 3942 2105 3983 rum
2135 3941 2310 3980 suum
2344 3924 2665 3987 :Ascende,
2689 3930 2745 3979 et
2763 3923 3040 3995 prospice
3064 3928 3272 3979 contra
3288 3939 3479 3979 mare.
3517 3925 3630 3988 Qui

1975 4031 2114 4073 cum
2144 4011 2533 4076 ascendisset,
2580 4011 3013 4081 contemplatus
3036 4012 3116 4065 ait
3150 4026 3162 4065 :
3191 4013 3319 4065 Non
3347 4014 3433 4065 est
3460 4012 3632 4083 quic-

1976 4118 2185 4177 quam.
2206 4103 2269 4156 Et
2286 4115 2522 4155 rursum
2554 4099 2635 4155 ait
2656 4098 2737 4153 illi
2762 4121 2772 4151 :
2801 4100 3107 4153 Revertere
3133 4102 3359 4169 septem
3381 4094 3628 4154 vicibus.

1977 4195 2042 4247 In
2064 4185 2322 4261 septima
2354 4190 2555 4243 autem
2580 4186 2728 4252 vice,
2764 4184 2907 4240 Ecce
2933 4183 3228 4240 nubecula
3256 4199 3441 4257 parva
3457 4184 3631 4256 quasi

1978 4277 2302 4349 vestigium
2340 4274 2597 4332 hominis
2638 4273 3000 4331 ascendebat
3034 4273 3107 4329 de
3133 4273 3303 4329 mari.
3356 4273 3466 4338 Qui
3508 4273 3631 4329 ait:

1978 4367 2271 4433 Ascende,
2299 4370 2355 4422 et
2375 4364 2470 4420 dic
2502 4363 2740 4420 Achab:
2789 4366 2815 4418 J
2823 4378 2897 4418 un
2908 4377 2979 4432 ge
3000 4378 3243 4418 currum
3270 4366 3437 4417 tuum
3460 4367 3517 4418 et
3536 4361 3636 4418 de-

1982 4458 2221 4521 scende,
2254 4470 2329 4511 ne
2357 4456 2612 4525 occupet
2636 4458 2689 4508 te
2710 4451 2933 4524 pluvia.
2954 4452 3222 4523 Cumque
3240 4455 3491 4507 verteret
3517 4450 3637 4507 huc

1984 4553 2163 4621 atque
2190 4545 2351 4613 illuc,
2384 4558 2519 4599 ecce
2550 4541 2679 4597 caali
2704 4539 3113 4597 contenebrati
3144 4543 3304 4605 sunt,
3337 4544 3393 4596 et
3422 4539 3635 4606 nubes,

1985 4642 2043 4695 et
2067 4640 2299 4701 ventus,
2325 4638 2379 4689 et
2391 4633 2547 4689 facta
2562 4636 2651 4687 est
2670 4630 2870 4702 pluvia
2884 4628 3151 4699 grandis.
3179 4628 3516 4684 Ascendens
3533 4628 3637 4684 ita-

1985 4744 2103 4801 que
2126 4724 2331 4781 Achab
2345 4723 2483 4779 abiit
2499 4722 2560 4775 in
2584 4720 2877 4776 Jezrahel:
2911 4724 2967 4775 et
2992 4735 3211 4775 manus
3232 4719 3466 4773 Domini
3486 4718 3643 4775 facta

1987 4821 2076 4868 est
2087 4824 2268 4882 super
2286 4807 2531 4875 Heliam,
2547 4807 2949 4878 accinctisque
2966 4807 3088 4861 lum
3102 4806 3193 4861 bis
3210 4806 3488 4862 currebat
3506 4810 3644 4863 ante

1986 4900 2212 4965 Achab,
2241 4898 2434 4955 donec
2460 4897 2683 4951 veniret
2708 4896 2765 4950 in
2781 4894 3071 4951 Jezrahel.
3111 4895 3285 4965 (Cap.
3323 4896 3647 4965 xrx.)Nun—

1990 4990 2169 5048 ciavit
2192 4993 2394 5043 autem
2407 4984 2630 5050 Achab,
2652 4984 2885 5040 Jezabel
2910 4983 3116 5039 omnia
3144 5000 3281 5055 quae
3304 4984 3520 5041 fecerat
3540 4984 3649 5039 He-

1990 5080 2185 5147 lias,et
2197 5074 2506 5149 quomodo
2520 5074 2837 5130 occidisset
2850 5073 3154 5129 universos
3174 5073 3499 5146 prophetas
3511 5072 3651 5131 Baal

1994 5168 2217 5241 gladio.
2246 5166 2515 5237 Misitque
2546 5163 2779 5219 Jezabel
2827 5163 3117 5219 nuncium
3146 5163 3225 5219 ad
3278 5164 3524 5227 Heliam,
3561 5161 3645 5217 di-

1995 5275 2134 5315 cens
2159 5278 2171 5313 :
2206 5259 2338 5312 Haec
2353 5254 2496 5310 mihi
2529 5252 2754 5309 faciant
2772 5252 2875 5317 dii,
2900 5252 3093 5308 etbasc
3117 5252 3364 5321 addant,
3395 5249 3508 5305 nisi
3535 5250 3651 5304 hac

1996 5348 2143 5404 hora
2155 5362 2286 5401 cras
2299 5358 2558 5416 posuero
2571 5342 2830 5398 animam
2846 5350 3011 5397 tuam
3030 5341 3179 5396 sicut
3193 5340 3449 5395 animam
3472 5335 3651 5390 unius

1998 5454 2070 5495 ex
2088 5437 2223 5492 illis.
2250 5434 2465 5490 Timuit
2494 5447 2635 5502 ergo
2668 5432 2880 5499 Helias,
2901 5435 2958 5486 et
2989 5444 3243 5498 surgens
3298 5426 3457 5488 abiit,
3500 5437 3652 5492 quo-

1999 5542 2258 5599 cumque
2270 5541 2408 5581 eum
2423 5522 2649 5579 ferebat
2678 5520 2975 5577 voluntas:
2992 5518 3271 5589 venitque
3289 5515 3347 5569 in
3363 5507 3654 5599 Bersabee

2000 5592 2181 5685 Juda;
2203 5618 2260 5673 et
2282 5611 2603 5672 dimisitibi
2633 5624 2891 5685 puerum
2920 5622 3120 5677 suum,
3147 5592 3650 5677 etperrexitinde~
