4194 6442
562 369 659 426 591

1789 351 2246 412 BREVIARIUM
2285 349 2672 410 GOTHICUM.

3862 334 3972 392 592

563 493 801 554 sertum,
833 485 988 538 viam
1007 481 1185 536 unius
1216 482 1352 537 diei.
1387 485 1652 552 Cumque
1678 477 1950 545 venisset,
1999 479 2056 530 et
2107 489 2190 528 se-
2228 481 2276 535 A
2317 527 2320 530 Α
2377 471 2889 541 CapitulaJustus
2906 481 2967 520 es
2982 461 3408 554 Domine‘;_qui
3438 474 3548 532 pro
3569 455 3758 515 nobis
3779 455 3967 554 injust

562 576 722 631 deret
751 571 952 627 subter
976 585 1158 624 unam
1177 570 1533 639 juniperum,
1556 564 1761 637 petivit
1789 564 2003 618 animae
2048 577 2188 631 suae,

561 670 628 718 ut
650 663 1059 736 moreretur,et
1076 657 1186 712 ait:
1217 656 1440 712 Sufﬁcit
1459 655 1602 710 mihi
1623 651 1890 720 Domine,
1916 650 2049 706 tolle
2066 648 2193 706 ani-

563 765 726 806 mam
747 762 976 803 meam:
997 759 1191 816 neque
1212 743 1371 799 enim
1391 741 1598 798 melior
1617 756 1771 807 sum,
1792 754 1975 811 quam
1999 742 2194 809 patres

562 835 694 891 mei.
727 833 1090 905 Projecitque
1119 848 1199 895 se,
1232 836 1288 886 et
1317 827 1677 886 obdormivit
1709 827 1772 882 in
1797 825 2014 882 umbra
2033 824 2194 895 juni-

561 923 689 995 peri
708 927 764 978 et
794 937 926 977 ecce
939 920 1184 989 angelus
1212 918 1440 976 Domini
1455 917 1636 985 tetigit
1651 931 1808 980 eum,
1841 914 2051 970 etdixit
2066 912 2152 968 illi
2179 933 2190 967 :

565 1013 768 1081 Surge,
797 1009 1061 1065 comede.
1105 1007 1397 1078 Respexit,
1431 1011 1488 1061 et
1525 1019 1658 1059 ecce
1689 1003 1765 1059 ad
1787 1006 1968 1073 caput
2013 1017 2194 1057 suum

565 1097 988 1153 subcinericius
1015 1095 1209 1166 panis,
1243 1100 1298 1150 et
1353 1110 1458 1148 vas
1485 1107 1658 1164 aqua:
1687 1107 1699 1145 :
1730 1089 1986 1146 comedit
2027 1103 2188 1157 ergo,

563 1189 619 1240 et
643 1183 812 1252 bibit,
868 1188 922 1236 et
950 1197 1185 1236 rursum
1235 1178 1611 1236 obdormivit.
1657 1180 2066 1248 Reversusque
2105 1179 2195 1230 est

562 1270 807 1340 angelus
835 1269 1068 1326 Domini
1081 1268 1425 1333 secundo,et
1443 1268 1625 1337 tetigit
1642 1264 2067 1336 eum,dixitque
2088 1263 2190 1319 illi:

565 1359 765 1426 Surge,
792 1356 1076 1412 comede:
1113 1356 1361 1425 grandis
1415 1355 1573 1410 enim
1603 1353 1703 1410 tibi
1729 1357 1908 1409 restat
1927 1352 2043 1408 via.
2085 1350 2197 1416 Qui

560 1459 698 1500 cum
729 1443 1097 1511 surrexisset,
1119 1443 1397 1509 comedit,
1430 1447 1485 1498 et
1507 1442 1677 1509 bibit,
1703 1446 1759 1496 et
1780 1438 2106 1496 ambulavit
2133 1438 2195 1494 in

558 1530 898 1588 fortitudine
915 1531 1030 1586 cibi
1046 1530 1202 1585 illius
1215 1530 1612 1601 quadraginta
1643 1529 1854 1585 diebus
1867 1533 1923 1582 et
1944 1526 2196 1598 quadra-

561 1620 722 1689 ginta
752 1619 1046 1684 noctibus,
1073 1634 1263 1690 usque
1294 1618 1371 1674 ad
1407 1623 1667 1674 montem
1693 1617 1793 1673 Dei
1824 1615 1996 1672 Oreb.
2024 1617 2194 1671 Cum-

560 1723 676 1778 que
695 1706 1347 1772 venissetilluc,mansit
1367 1706 1428 1762 in
1448 1706 1758 1777 spelunca:
1776 1708 1832 1760 et
1851 1719 1986 1759 ecce
1999 1717 2194 1758 sermo

2303 564 2362 616 to
2385 560 2687 630 judicatus
2701 574 2764 611 es
2787 556 3071 610 innocens
3105 568 3116 604 :
3145 555 3203 606 et
3231 549 3367 605 ideo
3381 543 3964 620 qumsumus,utqui

2301 646 2547 718 punitus
2576 661 2638 700 es
2651 645 2774 700 sine
2796 641 3042 698 crimine
3065 645 3185 705 tuo,
3212 635 3492 695 absolvas
3523 651 3637 691 nos
3669 649 3709 689 a
3735 631 3965 689 facino-

2299 751 2362 790 re
2387 737 2612 790 nostro.

2373 822 2541 876 Pater
2587 823 2808 875 noster.

2371 909 2811 977 Lauda.Legem
2830 919 2982 976 pone
2995 904 3078 961 eis
3092 901 3341 959 Domine
3357 900 3521 956 viam
3529 896 3793 971 justitiaa
3827 900 3959 956 tum:

2300 1001 2357 1055 et
2378 997 2699 1070 exquirant
2721 1011 2853 1051 eam
2897 1007 3146 1064 semper.
3189 991 3250 1050 v.
3292 992 3376 1044 Da
3399 988 3546 1045 mihi
3566 987 3958 1050 intellectum,

2301 1083 2792 1156 etperscrutabor
2841 1080 3034 1150 legem
3077 1083 3241 1134 tuum
3275 1095 3287 1132 :
3319 1081 3380 1134 et
3421 1074 3775 1133 custodiam
3800 1073 3962 1130 illam

2301 1171 2363 1226 in
2390 1176 2510 1227 toto
2525 1170 2703 1226 corde
2735 1184 2888 1226 meo.

2372 1259 2595 1316 Oratio.
2639 1257 2863 1313 Inclina
2891 1270 2992 1310 cor
3018 1261 3316 1322 nostrum,
3348 1252 3624 1318 Domine,
3687 1252 3752 1306 in
3813 1253 3963 1309 testi-

2300 1347 2506 1405 monia
2532 1352 2669 1413 tua;
2697 1351 2754 1400 et
2781 1360 2818 1400 a
2850 1357 3035 1415 pravo
3063 1342 3346 1398 vanitatis
3367 1341 3590 1397 intuitu
3619 1345 3827 1397 averte
3853 1361 3868 1397 :
3897 1346 3961 1398 ut

2301 1436 2380 1493 ab
2405 1449 2609 1492 amore
2641 1439 2870 1488 terreno
2886 1446 2997 1487 nos
3031 1444 3310 1500 segreges
3337 1445 3349 1493 ;
3383 1432 3442 1485 et
3472 1443 3759 1500 superne:
3785 1427 3956 1485 dilec-

2302 1523 2442 1580 tioni
2476 1519 2797 1578 consocies.
2849 1529 2912 1586 ﬁ.
2945 1521 3158 1572 Amen.

2907 1606 3000 1660 Ad
3064 1607 3340 1661 Tertiam.

2515 1696 2962 1753 Proverbiorum
2975 1692 3316 1751 Salomonis
3345 1692 3516 1762 (Cap.
3540 1692 3709 1764 xvu).

559 1795 792 1850 Domini
818 1794 896 1850 ad
922 1809 1077 1863 eum,
1107 1793 1372 1864 dixitque
1414 1793 1494 1848 illi
1519 1811 1532 1848 :
1566 1793 1720 1858 Quid
1742 1792 1832 1847 hic
1848 1791 1975 1860 agis
1997 1789 2192 1846 Helia?
2221 1817 2270 1874 Β
2377 1798 2450 1874 ﬁ.
2466 1785 2611 1874 Deo
2640 1784 2879 1874 gratias.

559 1884 630 1940 At
653 1883 748 1939 ille
777 1882 1084 1954 respondit
1107 1895 1118 1934 :
1140 1882 1273 1938 Zelo
1285 1883 1504 1938 zelatus
1519 1899 1650 1937 sum
1677 1897 1787 1952 pro
1802 1881 2051 1936 Domino
2076 1881 2193 1934 Deo

559 1971 942 2035 exercituum,
957 1969 1102 2042 quia
1119 1969 1554 2042 dereliquerunt
1569 1975 1811 2041 pactum
1833 1967 2066 2024 Domini
2087 1964 2196 2022 ﬁlii

559 2058 739 2114 Israel
773 2075 784 2112 :
815 2058 1025 2113 altaria
1046 2063 1145 2112 tua
1183 2058 1617 2124 destruxerunt,
1655 2063 1712 2114 et
1724 2056 2039 2128 prophetas
2063 2058 2197 2110 tuos

557 2145 901 2201 occiderunt
919 2143 1139 2214 gladio,
1173 2149 1229 2200 et
1247 2144 1558 2200 derelictus
1607 2161 1742 2200 sum
1787 2158 1897 2212 ego
1919 2141 2103 2210 solus,
2141 2145 2198 2196 et

557 2233 1104 2305 qumruntanimam
1120 2248 1340 2298 meam,
1371 2232 1890 2288 utauferanteam.
1909 2233 1976 2286 Et
1996 2229 2076 2285 ait
2095 2229 2149 2284 ei
2178 2255 2192 2292 ε

555 2320 860 2390 Egredere,
893 2323 949 2376 et
974 2326 1062 2376 sta
1086 2320 1148 2375 in
1186 2325 1387 2376 monte
1426 2336 1631 2376 coram
1670 2319 1923 2376 Domino
1952 2322 2040 2374 :et
2060 2331 2195 2373 ecce

555 2409 844 2465 Dominus
867 2410 1115 2479 transiit,
1141 2414 1197 2465 et
1214 2409 1451 2481 spiritus
1494 2409 1735 2479 grandis
1765 2412 1822 2464 et
1866 2407 2030 2463 fortis
2057 2405 2195 2462 sub—

552 2501 780 2553 vertens
809 2501 1062 2566 montes,
1083 2502 1140 2553 et
1166 2501 1476 2553 conterens
1487 2501 1687 2568 petras
1716 2499 1853 2552 ante
1875 2493 2192 2551 Dominum

553 2599 675 2640 non
709 2583 770 2639 in
793 2584 1001 2655 spiritu
1028 2585 1334 2654 Dominus,
1365 2589 1571 2656 etpost
1627 2584 1895 2656 spiritum
1925 2597 2190 2638 commo-

554 2667 654 2726 tio:
668 2685 790 2727 non
803 2671 864 2726 in
883 2673 1283 2728 commotione
1304 2673 1673 2741 Dominus,et
1690 2676 1968 2744 postcom
1978 2670 2193 2725 motio-

552 2773 692 2815 nem
719 2757 911 2828 ignis:
956 2761 1164 2816 nonin
1193 2759 1328 2830 igne
1353 2760 1664 2825 Dominus,
1723 2765 1780 2816 et
1806 2766 1944 2832 post
1987 2757 2190 2826 ignem

551 2845 762 2903 sibilus
786 2863 947 2904 aurae
966 2847 1359 2914 tenuis.Quod
1376 2863 1515 2904 cum
1535 2850 1796 2904 audisset
1816 2848 2032 2910 Helias,
2051 2861 2190 2917 ope—

549 2934 666 2992 ruit
690 2935 921 2991 vultum
956 2951 1135 2991 suum
1155 2935 1355 3008 pallio,
1397 2940 1452 2992 et
1484 2951 1759 3005 egressus
1778 2935 1930 2991 stetit
1955 2935 2016 2990 in
2035 2935 2187 2990 ostio

549 3024 870 3094 speluncae,
890 3028 944 3079 et
968 3039 1101 3079 ecce
1133 3039 1251 3079 vox
1295 3023 1372 3079 ad
1399 3040 1558 3087 eum,
1626 3023 1832 3078 dicens
1865 3039 1876 3075 :
1917 3022 2069 3087 Quid
2089 3022 2186 3077 hic

2379 1873 2497 1939 Fili,
2513 1872 2615 1945 qui
2628 1871 2875 1943 despicit
2890 1867 3790 1942 pauperem,exprobratfactori
3803 1869 3942 1940 ejus:

2304 1965 2361 2018 et
2387 1960 2489 2033 qui
2511 1960 2572 2015 in
2588 1959 2762 2015 ruina
2779 1958 3008 2014 laetatur
3022 1955 3291 2026 alterius,
3311 1971 3438 2012 non
3472 1956 3586 2012 erit
3606 1955 3945 2029 impunitus.

2305 2049 2416 2115 Qui
2439 2047 2630 2104 reddit
2650 2045 2802 2102 male
2831 2061 2941 2117 pro
2966 2045 3165 2108 bonis,
3197 2059 3323 2100 non
3340 2043 3588 2100 recedet
3625 2043 3844 2100 malum
3869 2043 3941 2100 de

2303 2135 2485 2192 domo
2512 2136 2663 2206 ejus.
2688 2137 2753 2190 Et
2780 2133 2884 2206 qui
2909 2132 3195 2204 justiﬁcat
3236 2131 3522 2203 impium,
3571 2136 3626 2188 et
3657 2134 3753 2204 qui
3803 2146 3933 2187 con-

2303 2225 2480 2280 demn
2489 2228 2548 2279 at
2557 2225 2809 2294 justum,
2825 2219 3245 2278 abominabilis
3257 2224 3313 2276 et
3325 2224 3578 2292 uterque
3591 2224 3717 2276 aute
3730 2221 3910 2275 Deum
3919 2261 3933 2274 .

2303 2313 2347 2377 Q
2357 2311 2456 2367 uid
2467 2311 2710 2384 prodest
2729 2308 2965 2365 divitias
2983 2308 3160 2364 stulto
3172 2307 3420 2377 habere,
3435 2324 3577 2364 cum
3597 2307 3941 2380 sapientiam

2300 2399 2504 2458 mereri
2520 2414 2642 2456 non
2665 2398 2844 2470 possit
2863 2397 2891 2452 ?
2904 2396 3076 2454 Omni
3099 2401 3367 2468 tempore
3379 2395 3704 2470 diligit,qui
3719 2395 3938 2452 amicus

2300 2495 2387 2546 est
2415 2507 2428 2542 :
2456 2493 2512 2544 et
2540 2489 2719 2544 frater
2737 2488 2800 2542 in
2811 2485 3100 2558 angustiis
3117 2485 3576 2556 comprobatur.
3602 2488 3786 2542 Homo
3808 2483 3940 2541 stul-

2299 2583 2392 2633 tus
2422 2576 2665 2649 plaudet
2690 2574 2991 2644 manibus,
3023 2589 3162 2628 cum
3191 2573 3587 2645 spoponderit
3616 2589 3727 2646 pro
3763 2573 3939 2630 amico

2299 2681 2426 2721 suo.
2461 2662 2900 2730 Quimeditatur
2921 2659 3276 2726 discordias,
3307 2661 3504 2732 diligit
3538 2661 3741 2730 rixas;
3769 2667 3826 2718 et
3843 2659 3940 2733 qui

2299 2753 2514 2810 exaltat
2544 2767 2646 2808 cor
2666 2751 3085 2822 suum,quterit
3101 2749 3359 2806 ruinam.
3391 2750 3501 2815 Qui
3538 2751 3804 2822 perversi
3829 2765 3940 2806 cor-

2297 2841 2388 2897 dis
2410 2846 2521 2908 est,
2541 2855 2664 2897 non
2693 2839 2952 2894 inveniet
2971 2838 3200 2894 bonum
3228 2858 3241 2893 :
3266 2839 3440 2910 etqui
3451 2839 3630 2895 vertit
3660 2838 3940 2909 linguam,

2296 2929 2509 2985 incidet
2533 2929 2593 2984 in
2611 2927 2856 2984 malum.
2879 2929 3119 2982 Munera
3147 2925 3221 2981 de
3235 2925 3614 2998 sinuimpius
3627 2926 3860 2999 accipit,
3886 2929 3943 2982 ut

2296 3022 2590 3089 pervertat
2628 3016 2869 3072 semitas
2894 3015 3059 3087 justi.
3100 3018 3227 3071 Non
3257 3020 3346 3071 est
3367 3014 3632 3086 bonum,
3659 3016 3942 3074 damnum

550 3111 704 3181 agis,
723 3110 883 3167 Helia
901 3112 999 3167 ‘Iet
1016 3111 1110 3166 ille
1129 3111 1436 3183 respondit
1463 3131 1474 3168 :
1504 3110 1635 3166 Zelo
1664 3111 1890 3166 zelatus
1921 3126 2056 3164 sum
2078 3124 2187 3180 pro
2218 3156 2258 3183 ρ
2293 3105 2506 3162 inferre
2537 3107 2694 3177 justo
2727 3122 2740 3160 :
2770 3119 2881 3160 nec
2905 3108 3212 3176 percutere
3238 3103 3599 3175 principem,
3649 3104 3755 3176 qui
3795 3107 3944 3160 recta

548 3199 929 3256 DominoDeo
945 3198 1922 3270 excercitum,quiadereliquerunt
1945 3199 2188 3268 pactum
2219 3189 2259 3214 ν
2289 3193 2557 3266 judiciat.
2587 3192 2938 3249 Occasiones
2979 3191 3193 3264 quaerit
3222 3191 3326 3263 qui
3380 3191 3508 3247 vult
3564 3191 3847 3248 recedere
3874 3189 3943 3246 ab

550 3292 718 3344 tuum
735 3287 836 3342 ﬁlii
867 3287 1043 3343 lsrael
1076 3305 1088 3342 :
1123 3287 1336 3343 altaria
1374 3291 1476 3341 tua
1503 3285 1942 3349 destruxerunt,
1970 3290 2027 3340 et
2055 3301 2188 3356 pro-

547 3375 750 3447 phetas
778 3380 912 3432 tuos
935 3375 1279 3432 occiderunt
1296 3373 1577 3442 gladio,et
1593 3372 1904 3428 derelictus
1922 3388 2058 3428 sum
2075 3387 2187 3442 ego

547 3463 732 3526 solus,
763 3466 821 3518 et
845 3459 1400 3534 quaeruntanimam
1415 3476 1638 3526 meam,
1669 3459 2183 3517 utauferanteam.

548 3551 615 3605 Et
635 3551 713 3605 ait
738 3549 1025 3604 Dominus
1039 3547 1119 3603 ad
1143 3562 1280 3602 eum
1312 3565 1324 3602 :
1346 3546 1545 3612 Valde,
1561 3551 1914 3603 etrevertere
1946 3547 2008 3603 in
2025 3547 2188 3603 viam

548 3643 716 3692 tuam
746 3650 847 3706 per
870 3635 1172 3692 desertum
1204 3636 1266 3690 in
1297 3634 1688 3691 Damascum:
1710 3651 1964 3708 cumque
1989 3652 2188 3708 perve-

553 3721 1068 3794 nerisilluc,unges
1096 3723 1479 3793 Azaelregem
1505 3738 1684 3795 super
1702 3725 2020 3794 Syriam,et
2037 3723 2187 3781 Jeha

548 3805 743 3866 ﬁlium
762 3811 957 3866 Namsi
993 3826 1180 3879 unges
1206 3827 1406 3880 regem
1459 3827 1637 3884 super
1659 3811 1830 3867 lsrael
1862 3811 2186 3868 :Heliseum

547 3904 735 3955 autem
763 3898 944 3954 ﬁlium
970 3900 1214 3971 Saphat,
1243 3901 1343 3972 qui
1370 3906 1457 3956 est
1510 3901 1583 3956 de
1612 3900 1976 3970 Abelmeula,
1998 3916 2184 3971 unges

544 3987 898 4059 prophetam
912 4003 1018 4059 pro
1033 3994 1103 4044 te.
1115 3991 1176 4043 Et
1190 3989 1316 4043 erit.
1332 3987 1699 4061 quicumque
1719 3988 1893 4044 fuerit
1913 3989 2181 4060 gladium

544 4075 736 4142 Azael,
769 4076 998 4134 occidet
1028 4092 1165 4132 eum
1219 4077 1362 4133 Jehu
1415 4095 1428 4132 :
1465 4081 1518 4133 et
1563 4077 1926 4150 quicumque
1968 4077 2183 4148 fugerit

543 4164 811 4234 gladium
835 4166 1323 4232 Jehu,interficiet
1345 4182 1482 4222 eum
1523 4167 1806 4223 Heliseus.
1845 4170 1909 4223 Et
1930 4167 2182 4223 derelin-

539 4267 724 4326 quam
743 4252 878 4308 mihi
903 4253 964 4308 in
985 4253 1166 4310 lsrael
1189 4259 1411 4326 septem
1436 4254 1620 4310 millia
1643 4255 2181 4326 virorum,qnorum

541 4353 739 4408 genua
763 4355 885 4396 non
917 4345 1057 4396 sunt
1081 4341 1393 4396 incurvata
1447 4347 1584 4397 ante
1612 4341 1774 4405 Baal,
1811 4347 2061 4397 etomne
2089 4357 2176 4407 os,

537 4427 700 4499 quod
712 4443 833 4484 non
850 4429 1024 4500 352
1045 4430 1318 4485 adoravit
1331 4444 1469 4483 eum
1483 4428 1764 4484 osculans
1781 4429 2180 4484 manum.Pro-

2294 3282 2485 3340 amico
2518 3301 2530 3340 :
2560 3281 2724 3337 omni
2738 3284 3004 3352 tempore
3021 3279 3129 3336 erit
3149 3279 3611 3352 exprobrabilis.
3633 3283 3806 3354 Aqua
3822 3295 3947 3354 pro-

2298 3369 2487 3425 funda
2506 3368 2690 3424 verba
2709 3367 2888 3439 justi:
2924 3371 2980 3424 et
3004 3371 3233 3424 torrens
3273 3367 3636 3426 redundans
3696 3369 3828 3426 fons
3860 3384 3945 3426 sa-

2294 3456 2550 3528 pientiae.
2608 3468 2670 3525 3,.
2724 3457 2930 3512 Amen.

2504 3545 2695 3601 Lectio
2733 3545 2928 3601 Esaiae
2979 3543 3287 3614 Propheta:
3339 3545 3505 3614 (Cap.
3549 3547 3742 3617 uni).

2367 3646 2432 3704 Βι.
2460 3635 2580 3690 Deo
2631 3633 2876 3703 gratias.

2365 3725 2498 3778 Haec
2520 3721 2651 3776 dicit
2673 3720 2962 3776 Dominus
3000 3736 3010 3774 :
3043 3720 3186 3786 Quis
3233 3725 3320 3776 est
3349 3721 3479 3788 iste,
3543 3724 3661 3795 qui
3688 3723 3849 3780 venit
3873 3721 3940 3779 de

2293 3809 2483 3880 Edon,
2505 3809 2700 3866 tinctis
2731 3807 2992 3866 vestibus
3030 3809 3105 3864 de
3131 3811 3310 3866 Bosra
3335 3810 3362 3865 ?
3391 3810 3506 3867 iste
3555 3810 3866 3870 formosus
3887 3810 3941 3867 in

2293 3898 2445 3956 stola
2470 3915 2598 3965 sua,
2625 3898 2903 3968 gradiens
2933 3897 2990 3952 in
3007 3897 3386 3954 multitudine
3405 3898 3782 3958 fortitudinis
3809 3915 3937 3957 sum.

2292 3990 2430 4058 Ego,
2460 3987 2562 4060 qui
2599 3987 2811 4058 loquor
2825 3984 3146 4056 justitiam,
3173 3990 3231 4042 et
3268 3993 3696 4059 propugnator
3721 4006 3854 4046 sum
3871 3986 3940 4045 ad

2291 4075 2668 4132 salvandum.
2693 4076 2881 4139 Quare
2915 4089 3057 4143 ergo
3085 4073 3338 4129 rubrum
3369 4080 3459 4131 est
3520 4076 3936 4134 indumentum

2292 4167 2541 4230 tuum,et
2565 4163 2918 4218 vestimenta
2949 4165 3047 4218 tua
3062 4161 3212 4218 sicut
3228 4161 3599 4220 calcantium
3615 4165 3679 4222 in
3703 4164 3939 4223 torcula-

2289 4251 2336 4306 ri
2357 4252 2385 4306 ‘I
2413 4250 2690 4307 Torcular
2718 4250 2939 4306 calcavi
2971 4251 3156 4316 solus,
3199 4255 3255 4306 et
3301 4251 3372 4306 de
3395 4252 3682 4321 gentibus
3709 4270 3829 4311 non
3857 4256 3937 4309 est

2288 4339 2375 4394 vir
2402 4354 2636 4394 mecum
2679 4355 2691 4393 :
2727 4337 2952 4393 calcavi
2977 4353 3080 4394 eos
3114 4337 3174 4393 in
3197 4337 3396 4394 furore
3457 4346 3694 4408 meo,et
3718 4339 3941 4400 concul-

2287 4427 2416 4482 cavi
2436 4425 2613 4482 eosin
2641 4425 2728 4481 ira
2757 4440 2890 4482 mea
2915 4445 2926 4483 :
2962 4429 3017 4481 et
3047 4441 3331 4497 aspersus
3354 4431 3445 4483 est
3460 4429 3727 4501 sanguis
3746 4443 3938 4487 eorum

537 4517 722 4574 fectus
747 4499 888 4590 ergo
909 4499 1046 4574 inde
1062 4517 1272 4580 Helias,
1297 4517 1512 4588 reperit
1535 4517 1830 4572 Heliseum
1852 4518 2040 4573 ﬁlium
2066 4518 2176 4578 Sa-
2209 4499 2254 4553 D
2287 4531 2464 4587 super
2500 4515 2852 4571 vestimenta
2903 4529 3060 4582 mea,
3093 4519 3148 4570 et
3185 4515 3392 4572 omnia
3425 4499 3787 4576 indumenta
3814 4531 3937 4574 mea

534 4604 678 4676 phat
705 4609 973 4661 orantem
1002 4604 1058 4658 in
1098 4602 1406 4658 duodecim
1427 4604 1592 4675 jugis
1621 4605 1838 4659 boum:
1867 4609 1923 4660 et
1947 4605 2077 4677 ipse
2115 4606 2176 4662 in

533 4693 856 4750 duodecim
877 4691 1038 4761 jugis
1093 4691 1272 4746 boum
1303 4691 1605 4747 arantibus
1639 4709 1794 4748 unus
1823 4699 1947 4750 erat
1975 4709 2175 4750 :cum-

531 4795 651 4852 que
674 4779 932 4836 venisset
951 4778 1144 4835 Helias
1174 4779 1251 4835 ad
1269 4779 1595 4844 eum,misit
1611 4780 1860 4853 pallium
1883 4798 2059 4838 suum
2081 4799 2174 4838 su.

532 4882 639 4938 per
659 4882 816 4922 eum.
837 4866 943 4931 Qui
968 4868 1166 4923 statim
1193 4867 1411 4924 relictis
1443 4867 1634 4924 bobus
1650 4870 2050 4943 cucurritpost
2067 4871 2174 4927 He-

529 4953 694 5017 liam,
736 4960 792 5009 et
824 4953 906 5009 ait
939 4955 1236 5020 :Osculer,
1285 4972 1391 5012 oro
1458 4965 1530 5021 te,
1574 4962 1805 5029 patrem
1844 4973 2068 5023 meum,
2117 4964 2174 5016 et

530 5045 785 5096 matrem
801 5048 1089 5108 meam,et
1115 5044 1196 5098 sic
1233 5050 1526 5115 sequarte.
1574 5046 1837 5117 Dixitque
1854 5049 1904 5100 ei
1938 5063 1951 5100 :
1985 5046 2168 5112 Vade,

530 5134 588 5184 et
613 5133 896 5184 revertere
931 5149 942 5186 :
973 5130 1133 5201 quod
1161 5131 1320 5185 enim
1354 5147 1543 5187 meum
1585 5137 1729 5199 erat,
1772 5133 1878 5188 feci
1907 5132 2030 5188 tibi.
2068 5136 2170 5189 Be-

530 5230 738 5272 versus
777 5221 976 5272 autem
1015 5217 1088 5272 ab
1119 5233 1209 5284 eo,
1235 5218 1363 5273 tulit
1384 5218 1705 5290 parboum,
1734 5224 1790 5275 et
1814 5221 2168 5277 mactavitil-

530 5306 649 5372 lud,
684 5310 740 5361 et
769 5305 831 5360 in
884 5311 1081 5361 aratro
1106 5305 1293 5360 boum
1333 5307 1490 5362 coxit
1519 5323 1747 5372 carnes,
1787 5312 1841 5362 et
1870 5307 2032 5364 dedit
2063 5325 2168 5380 po-

524 5393 688 5465 pulo,
719 5399 775 5451 et
799 5394 1186 5450 comederunt
1216 5413 1228 5452 :
1286 5411 1775 5468 consurgensquc
1806 5397 1967 5461 abiit,
1995 5401 2052 5452 et
2076 5413 2164 5453 se-

522 5487 693 5540 cutus
719 5483 1073 5546 estHeliam,
1102 5487 1158 5538 et
1216 5482 1681 5540 ministrabatei.
1716 5497 1779 5554 Rt.
1811 5489 2018 5542 Amen.

592 5573 1078 5646 Hymnus.Noctis
1135 5575 1389 5645 tempus.
1417 5572 1525 5642 fol.
1565 5577 1692 5630 257.

2283 4603 2609 4676 inquinavi.
2634 4603 2760 4658 Deis
2793 4601 2953 4658 enim
2991 4601 3313 4658 ultionisin
3338 4603 3520 4660 corde
3553 4621 3722 4673 meo,
3756 4621 3935 4664 annus

2281 4690 2684 4748 retributionis
2719 4706 2868 4746 meae
2907 4691 3083 4747 venit.
3115 4690 3549 4764 Circumspexi,
3580 4701 3642 4752 et
3663 4711 3790 4753 non
3817 4695 3936 4750 erat

2283 4780 2594 4837 auxiliator
2625 4777 2934 4851 :quaasivi,
2968 4783 3023 4834 et
3071 4793 3194 4835 non
3234 4778 3343 4835 fuit
3399 4781 3504 4852 qui
3553 4783 3873 4855 adjuvaret
3919 4795 3930 4834 :

2281 4874 2338 4925 et
2366 4868 2615 4924 salvavit
2664 4867 2808 4922 mihi
2867 4866 3179 4923 brachium
3230 4883 3456 4934 meum,
3511 4874 3571 4927 et
3607 4868 3932 4942 indignatio

2281 4972 2417 5012 mea
2442 4956 2570 5026 ipsa
2599 4953 2882 5010 auxiliata
2922 4958 3010 5010 est
3035 4954 3204 5010 mihi.
3266 4957 3330 5012 Et
3355 4956 3722 5017 conculcavi
3746 4973 3925 5032 popu-

2277 5044 2367 5100 los
2381 5045 2442 5100 in
2467 5045 2662 5099 furore
2679 5042 3197 5108 meo,etinebriavi
3211 5058 3314 5100 eos
3332 5044 3759 5116 indignatione
3788 5061 3930 5113 mea,

2277 5138 2334 5188 et
2349 5131 2571 5188 detraxi
2591 5131 2883 5187 interram
2913 5131 3191 5188 virtutem
3236 5148 3457 5188 eorum.
3498 5135 3930 5194 Miserationum

2277 5221 2508 5276 Domini
2525 5217 2890 5285 recordabor,
2908 5218 3151 5276 laudem
3168 5221 3408 5276 Domini
3429 5238 3620 5295 super
3630 5223 3928 5290 omnibus,

2274 5325 2410 5380 quae
2424 5307 2683 5364 reddidit
2700 5307 2873 5364 nobis
2894 5308 3264 5374 Dominus,et
3283 5325 3466 5381 super
3496 5312 3926 5370 multitudinem

2274 5395 2560 5452 bonorum
2574 5395 2780 5450 domus
2793 5394 3127 5467 Israel,qute
3140 5394 3388 5465 largitus
3399 5401 3494 5453 est
3505 5398 3594 5454 eis
3611 5399 3925 5456 secundum

2272 5483 2698 5555 indulgentiam
2711 5499 2902 5548 suam,
2923 5487 2980 5539 et
2995 5484 3328 5540 secundum
3349 5484 3807 5544 multitudinem
3831 5484 3928 5542 mi-

2272 5572 2728 5630 sericordiarum
2758 5586 3022 5629 suarum.
3058 5573 3124 5628 Et
3151 5571 3292 5628 dixit
3322 5574 3796 5636 :Verumtamen
3823 5589 3923 5648 po-
