  <div class='ocr_page' id='page_1' title='image "/cluster/home/n/w/nwhite01/storage/ocr_20150623/86/umn.31951002477379d/304.png"; bbox 0 0 4194 6416; ppageno 0'>
   <div class='ocr_carea' id='block_1_1' title="bbox 314 331 425 389">
    <p class='ocr_par' dir='ltr' id='par_1_1' title="bbox 314 331 425 389">
     <span class='ocr_line' id='line_1_1' title="bbox 314 331 425 389; baseline -0.009 0"><span class='ocrx_word' id='word_1_1' title='bbox 314 331 425 389; x_wconf 83' lang='lat'>593</span> 
     </span>
    </p>
   </div>
   <div class='ocr_carea' id='block_1_2' title="bbox 1448 339 2626 409">
    <p class='ocr_par' dir='ltr' id='par_1_2' title="bbox 1448 339 2626 409">
     <span class='ocr_line' id='line_1_2' title="bbox 1448 339 2626 409; baseline 0.008 -15"><span class='ocrx_word' id='word_1_2' title='bbox 1448 339 1795 409; x_wconf 89' lang='lat' dir='ltr'>DOMlNICA</span> <span class='ocrx_word' id='word_1_3' title='bbox 1837 340 1910 397; x_wconf 90' lang='lat' dir='ltr'>IN</span> <span class='ocrx_word' id='word_1_4' title='bbox 1948 340 2173 400; x_wconf 82' lang='lat' dir='ltr'>HAMIS</span> <span class='ocrx_word' id='word_1_5' title='bbox 2215 344 2626 404; x_wconf 78' lang='lat' dir='ltr'>PALMARUM</span> 
     </span>
    </p>
   </div>
   <div class='ocr_carea' id='block_1_3' title="bbox 3628 351 3735 409">
    <p class='ocr_par' dir='ltr' id='par_1_3' title="bbox 3628 351 3735 409">
     <span class='ocr_line' id='line_1_3' title="bbox 3628 351 3735 409; baseline 0 0"><span class='ocrx_word' id='word_1_6' title='bbox 3628 351 3735 409; x_wconf 67' lang='lat'><strong>594</strong></span> 
     </span>
    </p>
   </div>
   <div class='ocr_carea' id='block_1_4' title="bbox 314 457 3736 548">
    <p class='ocr_par' dir='ltr' id='par_1_4' title="bbox 314 457 3736 548">
     <span class='ocr_line' id='line_1_4' title="bbox 314 457 3736 548; baseline 0.006 -36"><span class='ocrx_word' id='word_1_7' title='bbox 314 457 498 548; x_wconf 85' lang='lat' dir='ltr'>pulus</span> <span class='ocrx_word' id='word_1_8' title='bbox 525 472 701 514; x_wconf 90' lang='lat' dir='ltr'>meus</span> <span class='ocrx_word' id='word_1_9' title='bbox 731 458 946 548; x_wconf 83' lang='lat' dir='ltr'>est,ﬁlii</span> <span class='ocrx_word' id='word_1_10' title='bbox 971 474 1092 517; x_wconf 92' lang='lat' dir='ltr'>non</span> <span class='ocrx_word' id='word_1_11' title='bbox 1116 464 1431 533; x_wconf 79' lang='lat' dir='ltr'>negantes:</span> <span class='ocrx_word' id='word_1_12' title='bbox 1463 465 1520 519; x_wconf 87' lang='lat' dir='ltr'>et</span> <span class='ocrx_word' id='word_1_13' title='bbox 1546 463 1739 521; x_wconf 89' lang='lat' dir='ltr'>factus</span> <span class='ocrx_word' id='word_1_14' title='bbox 1771 474 1857 521; x_wconf 88' lang='lat' dir='ltr'>est</span> <span class='ocrx_word' id='word_1_15' title='bbox 1891 467 1974 523; x_wconf 89' lang='lat' dir='ltr'>eis</span> <span class='ocrx_word' id='word_1_16' title='bbox 2003 468 2049 522; x_wconf 88' lang='lat' dir='ltr'>A</span> <span class='ocrx_word' id='word_1_17' title='bbox 2081 471 2137 523; x_wconf 90' lang='lat' dir='ltr'>et</span> <span class='ocrx_word' id='word_1_18' title='bbox 2165 472 2651 543; x_wconf 82' lang='lat' dir='ltr'>persequentium</span> <span class='ocrx_word' id='word_1_19' title='bbox 2674 470 2879 541; x_wconf 89' lang='lat' dir='ltr'>jacula</span> <span class='ocrx_word' id='word_1_20' title='bbox 2899 471 3137 537; x_wconf 89' lang='lat' dir='ltr'>toleras,</span> <span class='ocrx_word' id='word_1_21' title='bbox 3164 476 3221 529; x_wconf 89' lang='lat' dir='ltr'>et</span> <span class='ocrx_word' id='word_1_22' title='bbox 3246 489 3356 544; x_wconf 91' lang='lat' dir='ltr'>pro</span> <span class='ocrx_word' id='word_1_23' title='bbox 3375 489 3736 548; x_wconf 86' lang='lat' dir='ltr'>persequen-</span> 
     </span>
    </p>
   </div>
   <div class='ocr_carea' id='block_1_5' title="bbox 315 545 1972 611">
    <p class='ocr_par' dir='ltr' id='par_1_5' title="bbox 315 545 1972 611">
     <span class='ocr_line' id='line_1_5' title="bbox 315 545 1972 611; baseline 0.007 -11"><span class='ocrx_word' id='word_1_24' title='bbox 315 545 673 601; x_wconf 90' lang='lat' dir='ltr'>salvator.ln</span> <span class='ocrx_word' id='word_1_25' title='bbox 699 547 865 603; x_wconf 91' lang='lat' dir='ltr'>omni</span> <span class='ocrx_word' id='word_1_26' title='bbox 896 548 1277 607; x_wconf 85' lang='lat' dir='ltr'>tribulatione</span> <span class='ocrx_word' id='word_1_27' title='bbox 1299 566 1508 608; x_wconf 91' lang='lat' dir='ltr'>eorum</span> <span class='ocrx_word' id='word_1_28' title='bbox 1535 568 1655 609; x_wconf 91' lang='lat' dir='ltr'>non</span> <span class='ocrx_word' id='word_1_29' title='bbox 1679 558 1770 610; x_wconf 91' lang='lat' dir='ltr'>est</span> <span class='ocrx_word' id='word_1_30' title='bbox 1796 555 1972 611; x_wconf 89' lang='lat' dir='ltr'>tribu-</span> 
     </span>
    </p>
   </div>
   <div class='ocr_carea' id='block_1_6' title="bbox 312 632 1970 708">
    <p class='ocr_par' dir='ltr' id='par_1_6' title="bbox 312 632 1970 708">
     <span class='ocr_line' id='line_1_6' title="bbox 312 632 1970 708; baseline 0.007 -19"><span class='ocrx_word' id='word_1_31' title='bbox 312 632 492 699; x_wconf 88' lang='lat' dir='ltr'>latus,</span> <span class='ocrx_word' id='word_1_32' title='bbox 534 638 589 690; x_wconf 88' lang='lat' dir='ltr'>et</span> <span class='ocrx_word' id='word_1_33' title='bbox 618 634 866 706; x_wconf 80' lang='lat' dir='ltr'>angelus</span> <span class='ocrx_word' id='word_1_34' title='bbox 890 636 1060 692; x_wconf 83' lang='lat' dir='ltr'>faciei</span> <span class='ocrx_word' id='word_1_35' title='bbox 1090 638 1218 708; x_wconf 88' lang='lat' dir='ltr'>ejus</span> <span class='ocrx_word' id='word_1_36' title='bbox 1251 639 1501 696; x_wconf 87' lang='lat' dir='ltr'>salvavit</span> <span class='ocrx_word' id='word_1_37' title='bbox 1525 655 1627 697; x_wconf 91' lang='lat' dir='ltr'>eos</span> <span class='ocrx_word' id='word_1_38' title='bbox 1653 660 1665 697; x_wconf 90' lang='lat'>:</span> <span class='ocrx_word' id='word_1_39' title='bbox 1700 644 1759 698; x_wconf 91' lang='lat' dir='ltr'>in</span> <span class='ocrx_word' id='word_1_40' title='bbox 1790 643 1970 700; x_wconf 86' lang='lat' dir='ltr'>dilec-</span> 
     </span>
    </p>
   </div>
   <div class='ocr_carea' id='block_1_7' title="bbox 312 722 1965 800">
    <p class='ocr_par' dir='ltr' id='par_1_7' title="bbox 312 722 1965 800">
     <span class='ocr_line' id='line_1_7' title="bbox 312 722 1965 800; baseline 0.005 -22"><span class='ocrx_word' id='word_1_41' title='bbox 312 722 509 779; x_wconf 90' lang='lat' dir='ltr'>ctione</span> <span class='ocrx_word' id='word_1_42' title='bbox 541 738 672 789; x_wconf 90' lang='lat' dir='ltr'>sua,</span> <span class='ocrx_word' id='word_1_43' title='bbox 705 728 758 779; x_wconf 91' lang='lat' dir='ltr'>et</span> <span class='ocrx_word' id='word_1_44' title='bbox 788 723 851 780; x_wconf 93' lang='lat' dir='ltr'>in</span> <span class='ocrx_word' id='word_1_45' title='bbox 875 724 1247 797; x_wconf 89' lang='lat' dir='ltr'>indulgentia</span> <span class='ocrx_word' id='word_1_46' title='bbox 1276 744 1385 784; x_wconf 91' lang='lat' dir='ltr'>sua</span> <span class='ocrx_word' id='word_1_47' title='bbox 1408 728 1539 800; x_wconf 89' lang='lat' dir='ltr'>ipse</span> <span class='ocrx_word' id='word_1_48' title='bbox 1568 730 1819 787; x_wconf 76' lang='lat' dir='ltr'>redemit</span> <span class='ocrx_word' id='word_1_49' title='bbox 1845 747 1965 799; x_wconf 91' lang='lat' dir='ltr'>eos,</span> 
     </span>
    </p>
   </div>
   <div class='ocr_carea' id='block_1_8' title="bbox 312 811 1967 882">
    <p class='ocr_par' dir='ltr' id='par_1_8' title="bbox 312 811 1967 882">
     <span class='ocr_line' id='line_1_8' title="bbox 312 811 1967 882; baseline 0.005 -15"><span class='ocrx_word' id='word_1_50' title='bbox 312 813 371 867; x_wconf 91' lang='lat' dir='ltr'>et</span> <span class='ocrx_word' id='word_1_51' title='bbox 400 811 660 882; x_wconf 82' lang='lat' dir='ltr'>portavit</span> <span class='ocrx_word' id='word_1_52' title='bbox 689 827 814 878; x_wconf 90' lang='lat' dir='ltr'>eos,</span> <span class='ocrx_word' id='word_1_53' title='bbox 842 816 898 869; x_wconf 89' lang='lat' dir='ltr'>et</span> <span class='ocrx_word' id='word_1_54' title='bbox 916 814 1162 872; x_wconf 87' lang='lat' dir='ltr'>elevavit</span> <span class='ocrx_word' id='word_1_55' title='bbox 1189 832 1291 873; x_wconf 90' lang='lat' dir='ltr'>eos</span> <span class='ocrx_word' id='word_1_56' title='bbox 1321 818 1549 874; x_wconf 88' lang='lat' dir='ltr'>cunctis</span> <span class='ocrx_word' id='word_1_57' title='bbox 1608 818 1820 875; x_wconf 88' lang='lat' dir='ltr'>diebus</span> <span class='ocrx_word' id='word_1_58' title='bbox 1859 836 1967 877; x_wconf 72' lang='lat' dir='ltr'>ste-</span> 
     </span>
    </p>
   </div>
   <div class='ocr_carea' id='block_1_9' title="bbox 312 898 813 969">
    <p class='ocr_par' dir='ltr' id='par_1_9' title="bbox 312 898 813 969">
     <span class='ocr_line' id='line_1_9' title="bbox 312 898 813 969; baseline 0.004 -14"><span class='ocrx_word' id='word_1_59' title='bbox 312 898 459 956; x_wconf 90' lang='lat' dir='ltr'>culi.</span> <span class='ocrx_word' id='word_1_60' title='bbox 504 911 569 969; x_wconf 69' lang='grc' dir='ltr'>Βι.</span> <span class='ocrx_word' id='word_1_61' title='bbox 603 900 813 957; x_wconf 85' lang='lat' dir='ltr'>Amen.</span> 
     </span>
    </p>
   </div>
   <div class='ocr_carea' id='block_1_10' title="bbox 382 990 1969 1065">
    <p class='ocr_par' dir='ltr' id='par_1_10' title="bbox 382 990 1969 1065">
     <span class='ocr_line' id='line_1_10' title="bbox 382 990 1969 1065; baseline 0.006 -20"><span class='ocrx_word' id='word_1_62' title='bbox 382 990 726 1061; x_wconf 82' lang='lat' dir='ltr'>Antiphona</span> <span class='ocrx_word' id='word_1_63' title='bbox 756 990 1115 1050; x_wconf 80' lang='lat' dir='ltr'>1.Conclusit</span> <span class='ocrx_word' id='word_1_64' title='bbox 1151 994 1427 1053; x_wconf 91' lang='lat' dir='ltr'>inimicus</span> <span class='ocrx_word' id='word_1_65' title='bbox 1456 997 1618 1053; x_wconf 87' lang='lat' dir='ltr'>viam</span> <span class='ocrx_word' id='word_1_66' title='bbox 1650 1013 1871 1065; x_wconf 87' lang='lat' dir='ltr'><strong>meam,</strong></span> <span class='ocrx_word' id='word_1_67' title='bbox 1913 1003 1969 1055; x_wconf 93' lang='lat' dir='ltr'>et</span> 
     </span>
    </p>
   </div>
   <div class='ocr_carea' id='block_1_11' title="bbox 308 1077 1966 1156">
    <p class='ocr_par' dir='ltr' id='par_1_11' title="bbox 308 1077 1966 1156">
     <span class='ocr_line' id='line_1_11' title="bbox 308 1077 1966 1156; baseline 0.004 -19"><span class='ocrx_word' id='word_1_68' title='bbox 308 1077 521 1137; x_wconf 81' lang='lat' dir='ltr'>anima</span> <span class='ocrx_word' id='word_1_69' title='bbox 548 1094 687 1136; x_wconf 89' lang='lat' dir='ltr'>mea</span> <span class='ocrx_word' id='word_1_70' title='bbox 710 1079 772 1136; x_wconf 92' lang='lat' dir='ltr'>in</span> <span class='ocrx_word' id='word_1_71' title='bbox 793 1080 997 1137; x_wconf 90' lang='lat' dir='ltr'>dolore</span> <span class='ocrx_word' id='word_1_72' title='bbox 1026 1082 1263 1141; x_wconf 90' lang='lat' dir='ltr'>turbata</span> <span class='ocrx_word' id='word_1_73' title='bbox 1283 1090 1404 1142; x_wconf 90' lang='lat' dir='ltr'>est:</span> <span class='ocrx_word' id='word_1_74' title='bbox 1435 1085 1660 1156; x_wconf 90' lang='lat' dir='ltr'>adjuva</span> <span class='ocrx_word' id='word_1_75' title='bbox 1689 1090 1966 1151; x_wconf 88' lang='lat' dir='ltr'>me,Deus</span> 
     </span>
    </p>
   </div>
   <div class='ocr_carea' id='block_1_12' title="bbox 308 1167 1965 1242">
    <p class='ocr_par' dir='ltr' id='par_1_12' title="bbox 308 1167 1965 1242">
     <span class='ocr_line' id='line_1_12' title="bbox 308 1167 1965 1242; baseline 0.005 -18"><span class='ocrx_word' id='word_1_76' title='bbox 308 1183 508 1224; x_wconf 88' lang='lat' dir='ltr'>meus.</span> <span class='ocrx_word' id='word_1_77' title='bbox 550 1167 610 1229; x_wconf 52' lang='grc' dir='ltr'>ἰν.</span> <span class='ocrx_word' id='word_1_78' title='bbox 664 1169 833 1242; x_wconf 86' lang='lat' dir='ltr'>Eripe</span> <span class='ocrx_word' id='word_1_79' title='bbox 868 1186 965 1226; x_wconf 93' lang='lat' dir='ltr'>me</span> <span class='ocrx_word' id='word_1_80' title='bbox 996 1172 1248 1227; x_wconf 88' lang='lat' dir='ltr'>Domine</span> <span class='ocrx_word' id='word_1_81' title='bbox 1279 1174 1356 1229; x_wconf 91' lang='lat' dir='ltr'>ab</span> <span class='ocrx_word' id='word_1_82' title='bbox 1386 1174 1633 1231; x_wconf 90' lang='lat' dir='ltr'>homine</span> <span class='ocrx_word' id='word_1_83' title='bbox 1690 1175 1851 1232; x_wconf 91' lang='lat' dir='ltr'>malo</span> <span class='ocrx_word' id='word_1_84' title='bbox 1885 1193 1898 1230; x_wconf 90' lang='lat'><strong>:</strong></span> <span class='ocrx_word' id='word_1_85' title='bbox 1927 1192 1965 1232; x_wconf 91' lang='lat' dir='ltr'>a</span> 
     </span>
    </p>
   </div>
   <div class='ocr_carea' id='block_1_13' title="bbox 305 1255 1623 1329">
    <p class='ocr_par' dir='ltr' id='par_1_13' title="bbox 305 1255 1623 1329">
     <span class='ocr_line' id='line_1_13' title="bbox 305 1255 1623 1329; baseline 0.003 -17"><span class='ocrx_word' id='word_1_86' title='bbox 305 1256 434 1313; x_wconf 90' lang='lat' dir='ltr'>viro</span> <span class='ocrx_word' id='word_1_87' title='bbox 466 1255 694 1329; x_wconf 89' lang='lat' dir='ltr'>iniquo,</span> <span class='ocrx_word' id='word_1_88' title='bbox 723 1262 780 1313; x_wconf 89' lang='lat' dir='ltr'>et</span> <span class='ocrx_word' id='word_1_89' title='bbox 814 1257 1021 1328; x_wconf 85' lang='lat' dir='ltr'>lingua</span> <span class='ocrx_word' id='word_1_90' title='bbox 1046 1259 1261 1317; x_wconf 90' lang='lat' dir='ltr'>dolosa</span> <span class='ocrx_word' id='word_1_91' title='bbox 1291 1262 1478 1319; x_wconf 86' lang='lat' dir='ltr'>libera</span> <span class='ocrx_word' id='word_1_92' title='bbox 1510 1279 1623 1319; x_wconf 92' lang='lat' dir='ltr'>me.</span> 
     </span>
    </p>
   </div>
   <div class='ocr_carea' id='block_1_14' title="bbox 378 1344 1961 1423">
    <p class='ocr_par' dir='ltr' id='par_1_14' title="bbox 378 1344 1961 1423">
     <span class='ocr_line' id='line_1_14' title="bbox 378 1344 1961 1423; baseline 0.004 -20"><span class='ocrx_word' id='word_1_93' title='bbox 378 1344 604 1403; x_wconf 83' lang='lat' dir='ltr'>Oratio.</span> <span class='ocrx_word' id='word_1_94' title='bbox 639 1346 994 1416; x_wconf 87' lang='lat' dir='ltr'>Christe,Dei</span> <span class='ocrx_word' id='word_1_95' title='bbox 1009 1347 1215 1413; x_wconf 90' lang='lat' dir='ltr'>virtus,</span> <span class='ocrx_word' id='word_1_96' title='bbox 1241 1353 1297 1405; x_wconf 91' lang='lat' dir='ltr'>et</span> <span class='ocrx_word' id='word_1_97' title='bbox 1328 1351 1429 1406; x_wconf 91' lang='lat' dir='ltr'>Dei</span> <span class='ocrx_word' id='word_1_98' title='bbox 1464 1352 1961 1423; x_wconf 88' lang='lat' dir='ltr'>sapientia,cujus</span> 
     </span>
    </p>
   </div>
   <div class='ocr_carea' id='block_1_15' title="bbox 304 1434 1957 1512">
    <p class='ocr_par' dir='ltr' id='par_1_15' title="bbox 304 1434 1957 1512">
     <span class='ocr_line' id='line_1_15' title="bbox 304 1434 1957 1512; baseline 0.004 -21"><span class='ocrx_word' id='word_1_99' title='bbox 304 1434 436 1491; x_wconf 83' lang='lat' dir='ltr'>vias</span> <span class='ocrx_word' id='word_1_100' title='bbox 462 1434 608 1491; x_wconf 90' lang='lat' dir='ltr'>dum</span> <span class='ocrx_word' id='word_1_101' title='bbox 640 1434 922 1507; x_wconf 90' lang='lat' dir='ltr'>antiquus</span> <span class='ocrx_word' id='word_1_102' title='bbox 943 1435 1129 1493; x_wconf 90' lang='lat' dir='ltr'>hostis</span> <span class='ocrx_word' id='word_1_103' title='bbox 1152 1441 1568 1512; x_wconf 88' lang='lat' dir='ltr'>persequendo</span> <span class='ocrx_word' id='word_1_104' title='bbox 1580 1441 1957 1507; x_wconf 90' lang='lat' dir='ltr'>concludere,</span> 
     </span>
    </p>
   </div>
   <div class='ocr_carea' id='block_1_16' title="bbox 302 1523 1957 1597">
    <p class='ocr_par' dir='ltr' id='par_1_16' title="bbox 302 1523 1957 1597">
     <span class='ocr_line' id='line_1_16' title="bbox 302 1523 1957 1597; baseline 0.004 -18"><span class='ocrx_word' id='word_1_105' title='bbox 302 1523 573 1588; x_wconf 89' lang='lat' dir='ltr'>nititur,a</span> <span class='ocrx_word' id='word_1_106' title='bbox 600 1525 786 1596; x_wconf 87' lang='lat' dir='ltr'>te,qui</span> <span class='ocrx_word' id='word_1_107' title='bbox 816 1526 910 1581; x_wconf 85' lang='lat' dir='ltr'>via</span> <span class='ocrx_word' id='word_1_108' title='bbox 930 1526 1267 1593; x_wconf 87' lang='lat' dir='ltr'>es,miriﬁce</span> <span class='ocrx_word' id='word_1_109' title='bbox 1288 1528 1691 1597; x_wconf 88' lang='lat' dir='ltr'>conculcatur;</span> <span class='ocrx_word' id='word_1_110' title='bbox 1715 1530 1799 1586; x_wconf 91' lang='lat' dir='ltr'>ita</span> <span class='ocrx_word' id='word_1_111' title='bbox 1822 1545 1957 1597; x_wconf 91' lang='lat' dir='ltr'>nos,</span> 
     </span>
    </p>
   </div>
   <div class='ocr_carea' id='block_1_17' title="bbox 302 1613 1960 1687">
    <p class='ocr_par' dir='ltr' id='par_1_17' title="bbox 302 1613 1960 1687">
     <span class='ocr_line' id='line_1_17' title="bbox 302 1613 1960 1687; baseline 0.005 -20"><span class='ocrx_word' id='word_1_112' title='bbox 302 1627 681 1684; x_wconf 80' lang='lat' dir='ltr'>quaesumus,</span> <span class='ocrx_word' id='word_1_113' title='bbox 714 1616 814 1668; x_wconf 92' lang='lat' dir='ltr'>tua</span> <span class='ocrx_word' id='word_1_114' title='bbox 843 1613 1038 1683; x_wconf 90' lang='lat' dir='ltr'>gratia</span> <span class='ocrx_word' id='word_1_115' title='bbox 1066 1615 1487 1687; x_wconf 88' lang='lat' dir='ltr'>circumvalla;</span> <span class='ocrx_word' id='word_1_116' title='bbox 1524 1623 1589 1674; x_wconf 91' lang='lat' dir='ltr'>ut</span> <span class='ocrx_word' id='word_1_117' title='bbox 1622 1634 1731 1675; x_wconf 90' lang='lat' dir='ltr'>nec</span> <span class='ocrx_word' id='word_1_118' title='bbox 1763 1619 1823 1674; x_wconf 93' lang='lat' dir='ltr'>in</span> <span class='ocrx_word' id='word_1_119' title='bbox 1861 1619 1960 1675; x_wconf 85' lang='lat' dir='ltr'>via</span> 
     </span>
    </p>
   </div>
   <div class='ocr_carea' id='block_1_18' title="bbox 301 1701 1961 1774">
    <p class='ocr_par' dir='ltr' id='par_1_18' title="bbox 301 1701 1961 1774">
     <span class='ocr_line' id='line_1_18' title="bbox 301 1701 1961 1774; baseline 0.005 -19"><span class='ocrx_word' id='word_1_120' title='bbox 301 1703 690 1773; x_wconf 85' lang='lat' dir='ltr'>peccatorum</span> <span class='ocrx_word' id='word_1_121' title='bbox 718 1701 946 1774; x_wconf 83' lang='lat' dir='ltr'>antiqui</span> <span class='ocrx_word' id='word_1_122' title='bbox 974 1702 1165 1758; x_wconf 91' lang='lat' dir='ltr'>hostis</span> <span class='ocrx_word' id='word_1_123' title='bbox 1196 1704 1367 1761; x_wconf 92' lang='lat' dir='ltr'>obice</span> <span class='ocrx_word' id='word_1_124' title='bbox 1396 1706 1832 1763; x_wconf 88' lang='lat' dir='ltr'>concludamur</span> <span class='ocrx_word' id='word_1_125' title='bbox 1866 1723 1879 1772; x_wconf 94' lang='lat'>;</span> <span class='ocrx_word' id='word_1_126' title='bbox 1905 1711 1961 1763; x_wconf 91' lang='lat' dir='ltr'>et</span> 
     </span>
    </p>
   </div>
   <div class='ocr_carea' id='block_1_19' title="bbox 2083 557 3731 635">
    <p class='ocr_par' dir='ltr' id='par_1_19' title="bbox 2083 557 3731 635">
     <span class='ocr_line' id='line_1_19' title="bbox 2083 557 3731 635; baseline 0.004 -22"><span class='ocrx_word' id='word_1_127' title='bbox 2083 557 2238 613; x_wconf 90' lang='lat' dir='ltr'>tibus</span> <span class='ocrx_word' id='word_1_128' title='bbox 2268 560 2501 615; x_wconf 88' lang='lat' dir='ltr'>Patrem</span> <span class='ocrx_word' id='word_1_129' title='bbox 2529 559 2822 630; x_wconf 85' lang='lat' dir='ltr'>efﬂagitas</span> <span class='ocrx_word' id='word_1_130' title='bbox 2850 578 2863 626; x_wconf 91' lang='lat'>;</span> <span class='ocrx_word' id='word_1_131' title='bbox 2896 560 2975 615; x_wconf 93' lang='lat' dir='ltr'>da</span> <span class='ocrx_word' id='word_1_132' title='bbox 3004 575 3145 630; x_wconf 89' lang='lat' dir='ltr'>ergo</span> <span class='ocrx_word' id='word_1_133' title='bbox 3184 561 3379 626; x_wconf 89' lang='lat' dir='ltr'>nobis,</span> <span class='ocrx_word' id='word_1_134' title='bbox 3431 563 3731 635; x_wconf 85' lang='lat' dir='ltr'>passionis</span> 
     </span>
    </p>
   </div>
   <div class='ocr_carea' id='block_1_20' title="bbox 2080 646 3731 724">
    <p class='ocr_par' dir='ltr' id='par_1_20' title="bbox 2080 646 3731 724">
     <span class='ocr_line' id='line_1_20' title="bbox 2080 646 3731 724; baseline 0.005 -23"><span class='ocrx_word' id='word_1_135' title='bbox 2080 649 2197 701; x_wconf 83' lang='lat' dir='ltr'>tuae</span> <span class='ocrx_word' id='word_1_136' title='bbox 2221 651 2597 703; x_wconf 88' lang='lat' dir='ltr'>sacramento</span> <span class='ocrx_word' id='word_1_137' title='bbox 2619 663 2655 703; x_wconf 90' lang='lat' dir='ltr'>a</span> <span class='ocrx_word' id='word_1_138' title='bbox 2685 647 2904 703; x_wconf 88' lang='lat' dir='ltr'>nostris</span> <span class='ocrx_word' id='word_1_139' title='bbox 2933 646 3319 717; x_wconf 89' lang='lat' dir='ltr'>passionibus</span> <span class='ocrx_word' id='word_1_140' title='bbox 3349 649 3483 714; x_wconf 89' lang='lat' dir='ltr'>elui,</span> <span class='ocrx_word' id='word_1_141' title='bbox 3509 654 3593 718; x_wconf 88' lang='lat' dir='ltr'>ut,</span> <span class='ocrx_word' id='word_1_142' title='bbox 3625 651 3731 724; x_wconf 86' lang='lat' dir='ltr'>qui</span> 
     </span>
    </p>
   </div>
   <div class='ocr_carea' id='block_1_21' title="bbox 2078 732 3730 806">
    <p class='ocr_par' dir='ltr' id='par_1_21' title="bbox 2078 732 3730 806">
     <span class='ocr_line' id='line_1_21' title="bbox 2078 732 3730 806; baseline 0.003 -18"><span class='ocrx_word' id='word_1_143' title='bbox 2078 732 2563 805; x_wconf 88' lang='lat' dir='ltr'>blasphemantes</span> <span class='ocrx_word' id='word_1_144' title='bbox 2584 740 2639 789; x_wconf 94' lang='lat' dir='ltr'>te</span> <span class='ocrx_word' id='word_1_145' title='bbox 2669 734 3107 806; x_wconf 86' lang='lat' dir='ltr'>patientissime</span> <span class='ocrx_word' id='word_1_146' title='bbox 3130 734 3408 806; x_wconf 90' lang='lat' dir='ltr'>tolerasti,</span> <span class='ocrx_word' id='word_1_147' title='bbox 3424 738 3730 796; x_wconf 85' lang='lat' dir='ltr'>credentes</span> 
     </span>
    </p>
   </div>
   <div class='ocr_carea' id='block_1_22' title="bbox 2082 819 3408 893">
    <p class='ocr_par' dir='ltr' id='par_1_22' title="bbox 2082 819 3408 893">
     <span class='ocr_line' id='line_1_22' title="bbox 2082 819 3408 893; baseline 0.002 -17"><span class='ocrx_word' id='word_1_148' title='bbox 2082 819 2182 876; x_wconf 86' lang='lat' dir='ltr'>tibi</span> <span class='ocrx_word' id='word_1_149' title='bbox 2212 821 2291 877; x_wconf 88' lang='lat' dir='ltr'>ab</span> <span class='ocrx_word' id='word_1_150' title='bbox 2315 826 2538 877; x_wconf 78' lang='lat' dir='ltr'>aeterna</span> <span class='ocrx_word' id='word_1_151' title='bbox 2556 836 2732 880; x_wconf 90' lang='lat' dir='ltr'>eruas</span> <span class='ocrx_word' id='word_1_152' title='bbox 2754 822 3144 881; x_wconf 86' lang='lat' dir='ltr'>damnatione</span> <span class='ocrx_word' id='word_1_153' title='bbox 3174 821 3408 893; x_wconf 88' lang='lat' dir='ltr'>judicii.</span> 
     </span>
    </p>
   </div>
   <div class='ocr_carea' id='block_1_23' title="bbox 2151 908 2567 967">
    <p class='ocr_par' dir='ltr' id='par_1_23' title="bbox 2151 908 2567 967">
     <span class='ocr_line' id='line_1_23' title="bbox 2151 908 2567 967; baseline 0.007 -6"><span class='ocrx_word' id='word_1_154' title='bbox 2151 908 2320 965; x_wconf 89' lang='lat' dir='ltr'>Pater</span> <span class='ocrx_word' id='word_1_155' title='bbox 2349 916 2567 967; x_wconf 88' lang='lat' dir='ltr'>noster.</span> 
     </span>
    </p>
   </div>
   <div class='ocr_carea' id='block_1_24' title="bbox 2702 998 3087 1055">
    <p class='ocr_par' dir='ltr' id='par_1_24' title="bbox 2702 998 3087 1055">
     <span class='ocr_line' id='line_1_24' title="bbox 2702 998 3087 1055; baseline 0 -2"><span class='ocrx_word' id='word_1_156' title='bbox 2702 998 2799 1053; x_wconf 85' lang='lat' dir='ltr'>Ad</span> <span class='ocrx_word' id='word_1_157' title='bbox 2823 999 3087 1055; x_wconf 69' lang='lat' dir='ltr'>Sextum.</span> 
     </span>
    </p>
   </div>
   <div class='ocr_carea' id='block_1_25' title="bbox 2220 1086 3579 1160">
    <p class='ocr_par' dir='ltr' id='par_1_25' title="bbox 2220 1086 3579 1160">
     <span class='ocr_line' id='line_1_25' title="bbox 2220 1086 3579 1160; baseline 0.002 -20"><span class='ocrx_word' id='word_1_158' title='bbox 2220 1086 2414 1142; x_wconf 80' lang='lat' dir='ltr'>Lectio</span> <span class='ocrx_word' id='word_1_159' title='bbox 2446 1086 2582 1143; x_wconf 79' lang='lat' dir='ltr'>libri</span> <span class='ocrx_word' id='word_1_160' title='bbox 2628 1088 2925 1145; x_wconf 66' lang='lat' dir='ltr'>Hieremiae</span> <span class='ocrx_word' id='word_1_161' title='bbox 2948 1087 3266 1158; x_wconf 59' lang='lat' dir='ltr'>Propheta</span> <span class='ocrx_word' id='word_1_162' title='bbox 3292 1087 3467 1160; x_wconf 84' lang='lat' dir='ltr'>(Cap.</span> <span class='ocrx_word' id='word_1_163' title='bbox 3495 1089 3579 1158; x_wconf 73' lang='grc' dir='ltr'><strong>χ).</strong></span> 
     </span>
    </p>
   </div>
   <div class='ocr_carea' id='block_1_26' title="bbox 2145 1175 2627 1244">
    <p class='ocr_par' dir='ltr' id='par_1_26' title="bbox 2145 1175 2627 1244">
     <span class='ocr_line' id='line_1_26' title="bbox 2145 1175 2627 1244; baseline 0.012 -18"><span class='ocrx_word' id='word_1_164' title='bbox 2145 1184 2207 1243; x_wconf 57' lang='grc' dir='ltr'>ἣν.</span> <span class='ocrx_word' id='word_1_165' title='bbox 2239 1175 2358 1230; x_wconf 90' lang='lat' dir='ltr'>Deo</span> <span class='ocrx_word' id='word_1_166' title='bbox 2385 1175 2627 1244; x_wconf 84' lang='lat' dir='ltr'>gratias.</span> 
     </span>
    </p>
   </div>
   <div class='ocr_carea' id='block_1_27' title="bbox 2143 1262 3725 1336">
    <p class='ocr_par' dir='ltr' id='par_1_27' title="bbox 2143 1262 3725 1336">
     <span class='ocr_line' id='line_1_27' title="bbox 2143 1262 3725 1336; baseline 0.003 -20"><span class='ocrx_word' id='word_1_167' title='bbox 2143 1264 2275 1317; x_wconf 83' lang='lat' dir='ltr'>Haec</span> <span class='ocrx_word' id='word_1_168' title='bbox 2296 1262 2437 1317; x_wconf 87' lang='lat' dir='ltr'>dicit</span> <span class='ocrx_word' id='word_1_169' title='bbox 2462 1264 2952 1322; x_wconf 89' lang='lat' dir='ltr'>Dominus:Ecce</span> <span class='ocrx_word' id='word_1_170' title='bbox 2996 1278 3109 1333; x_wconf 92' lang='lat' dir='ltr'>ego</span> <span class='ocrx_word' id='word_1_171' title='bbox 3165 1265 3345 1334; x_wconf 86' lang='lat' dir='ltr'>longe</span> <span class='ocrx_word' id='word_1_172' title='bbox 3403 1263 3725 1336; x_wconf 90' lang='lat' dir='ltr'>projiciam</span> 
     </span>
    </p>
   </div>
   <div class='ocr_carea' id='block_1_28' title="bbox 2070 1350 3726 1410">
    <p class='ocr_par' dir='ltr' id='par_1_28' title="bbox 2070 1350 3726 1410">
     <span class='ocr_line' id='line_1_28' title="bbox 2070 1350 3726 1410; baseline 0.001 -3"><span class='ocrx_word' id='word_1_173' title='bbox 2070 1350 2432 1407; x_wconf 89' lang='lat' dir='ltr'>habitatores</span> <span class='ocrx_word' id='word_1_174' title='bbox 2455 1357 2616 1407; x_wconf 79' lang='lat' dir='ltr'>terrae</span> <span class='ocrx_word' id='word_1_175' title='bbox 2636 1352 2699 1407; x_wconf 90' lang='lat' dir='ltr'>in</span> <span class='ocrx_word' id='word_1_176' title='bbox 2719 1352 2833 1409; x_wconf 92' lang='lat' dir='ltr'>hac</span> <span class='ocrx_word' id='word_1_177' title='bbox 2871 1352 3011 1409; x_wconf 71' lang='lat' dir='ltr'>victe</span> <span class='ocrx_word' id='word_1_178' title='bbox 3031 1370 3044 1406; x_wconf 90' lang='lat'><strong>:</strong></span> <span class='ocrx_word' id='word_1_179' title='bbox 3063 1356 3119 1409; x_wconf 94' lang='lat' dir='ltr'>et</span> <span class='ocrx_word' id='word_1_180' title='bbox 3133 1351 3434 1410; x_wconf 89' lang='lat' dir='ltr'>tribulabo</span> <span class='ocrx_word' id='word_1_181' title='bbox 3445 1368 3549 1410; x_wconf 91' lang='lat' dir='ltr'>eos</span> <span class='ocrx_word' id='word_1_182' title='bbox 3562 1352 3645 1409; x_wconf 86' lang='lat' dir='ltr'>ita</span> <span class='ocrx_word' id='word_1_183' title='bbox 3659 1357 3726 1410; x_wconf 89' lang='lat' dir='ltr'>ut</span> 
     </span>
    </p>
   </div>
   <div class='ocr_carea' id='block_1_29' title="bbox 2069 1439 3719 1515">
    <p class='ocr_par' dir='ltr' id='par_1_29' title="bbox 2069 1439 3719 1515">
     <span class='ocr_line' id='line_1_29' title="bbox 2069 1439 3719 1515; baseline 0.002 -20"><span class='ocrx_word' id='word_1_184' title='bbox 2069 1454 2192 1495; x_wconf 92' lang='lat' dir='ltr'>non</span> <span class='ocrx_word' id='word_1_185' title='bbox 2220 1439 2622 1497; x_wconf 89' lang='lat' dir='ltr'>inveniantur.</span> <span class='ocrx_word' id='word_1_186' title='bbox 2651 1443 2746 1497; x_wconf 71' lang='lat' dir='ltr'>Vae</span> <span class='ocrx_word' id='word_1_187' title='bbox 2790 1441 2939 1498; x_wconf 91' lang='lat' dir='ltr'>mihi</span> <span class='ocrx_word' id='word_1_188' title='bbox 2965 1456 3144 1515; x_wconf 88' lang='lat' dir='ltr'>super</span> <span class='ocrx_word' id='word_1_189' title='bbox 3172 1441 3519 1499; x_wconf 87' lang='lat' dir='ltr'>contritione</span> <span class='ocrx_word' id='word_1_190' title='bbox 3560 1457 3719 1507; x_wconf 88' lang='lat' dir='ltr'>mea,</span> 
     </span>
    </p>
   </div>
   <div class='ocr_carea' id='block_1_30' title="bbox 2068 1528 3720 1601">
    <p class='ocr_par' dir='ltr' id='par_1_30' title="bbox 2068 1528 3720 1601">
     <span class='ocr_line' id='line_1_30' title="bbox 2068 1528 3720 1601; baseline 0.002 -17"><span class='ocrx_word' id='word_1_191' title='bbox 2068 1528 2337 1600; x_wconf 91' lang='lat' dir='ltr'>pessima</span> <span class='ocrx_word' id='word_1_192' title='bbox 2355 1530 2533 1601; x_wconf 85' lang='lat' dir='ltr'>plaga</span> <span class='ocrx_word' id='word_1_193' title='bbox 2549 1533 2835 1599; x_wconf 86' lang='lat' dir='ltr'>mea.Ego</span> <span class='ocrx_word' id='word_1_194' title='bbox 2854 1534 3054 1588; x_wconf 88' lang='lat' dir='ltr'>autem</span> <span class='ocrx_word' id='word_1_195' title='bbox 3080 1531 3204 1587; x_wconf 85' lang='lat' dir='ltr'>dixi</span> <span class='ocrx_word' id='word_1_196' title='bbox 3230 1547 3244 1586; x_wconf 92' lang='lat'><strong>:</strong></span> <span class='ocrx_word' id='word_1_197' title='bbox 3267 1532 3443 1588; x_wconf 89' lang='lat' dir='ltr'>Plane</span> <span class='ocrx_word' id='word_1_198' title='bbox 3465 1532 3593 1587; x_wconf 84' lang='lat' dir='ltr'>haec</span> <span class='ocrx_word' id='word_1_199' title='bbox 3622 1531 3720 1587; x_wconf 90' lang='lat' dir='ltr'>in-</span> 
     </span>
    </p>
   </div>
   <div class='ocr_carea' id='block_1_31' title="bbox 2068 1617 3720 1691">
    <p class='ocr_par' dir='ltr' id='par_1_31' title="bbox 2068 1617 3720 1691">
     <span class='ocr_line' id='line_1_31' title="bbox 2068 1617 3720 1691; baseline 0.002 -18"><span class='ocrx_word' id='word_1_200' title='bbox 2068 1617 2319 1674; x_wconf 87' lang='lat' dir='ltr'>ﬁrmitas</span> <span class='ocrx_word' id='word_1_201' title='bbox 2340 1634 2476 1676; x_wconf 91' lang='lat' dir='ltr'>mea</span> <span class='ocrx_word' id='word_1_202' title='bbox 2501 1624 2608 1686; x_wconf 92' lang='lat' dir='ltr'>est,</span> <span class='ocrx_word' id='word_1_203' title='bbox 2640 1623 2697 1676; x_wconf 90' lang='lat' dir='ltr'>et</span> <span class='ocrx_word' id='word_1_204' title='bbox 2719 1619 2975 1691; x_wconf 88' lang='lat' dir='ltr'>portabo</span> <span class='ocrx_word' id='word_1_205' title='bbox 3008 1620 3194 1676; x_wconf 87' lang='lat' dir='ltr'>illam.</span> <span class='ocrx_word' id='word_1_206' title='bbox 3241 1619 3720 1676; x_wconf 90' lang='lat' dir='ltr'>Tabernaculum</span> 
     </span>
    </p>
   </div>
   <div class='ocr_carea' id='block_1_32' title="bbox 2072 1708 3721 1780">
    <p class='ocr_par' dir='ltr' id='par_1_32' title="bbox 2072 1708 3721 1780">
     <span class='ocr_line' id='line_1_32' title="bbox 2072 1708 3721 1780; baseline 0.001 -18"><span class='ocrx_word' id='word_1_207' title='bbox 2072 1722 2273 1763; x_wconf 90' lang='lat' dir='ltr'>meum</span> <span class='ocrx_word' id='word_1_208' title='bbox 2299 1712 2601 1764; x_wconf 89' lang='lat' dir='ltr'>vastatum</span> <span class='ocrx_word' id='word_1_209' title='bbox 2649 1712 3001 1763; x_wconf 82' lang='lat' dir='ltr'>estzomnes</span> <span class='ocrx_word' id='word_1_210' title='bbox 3049 1709 3299 1764; x_wconf 89' lang='lat' dir='ltr'>funiculi</span> <span class='ocrx_word' id='word_1_211' title='bbox 3334 1709 3451 1764; x_wconf 91' lang='lat' dir='ltr'>mei</span> <span class='ocrx_word' id='word_1_212' title='bbox 3497 1708 3721 1780; x_wconf 87' lang='lat' dir='ltr'>dirupti</span> 
     </span>
    </p>
   </div>
   <div class='ocr_carea' id='block_1_33' title="bbox 302 1790 3718 1863">
    <p class='ocr_par' dir='ltr' id='par_1_33' title="bbox 302 1790 3718 1863">
     <span class='ocr_line' id='line_1_33' title="bbox 302 1790 3718 1863; baseline 0.002 -19"><span class='ocrx_word' id='word_1_213' title='bbox 302 1790 519 1845; x_wconf 89' lang='lat' dir='ltr'>iterum</span> <span class='ocrx_word' id='word_1_214' title='bbox 550 1795 601 1844; x_wconf 91' lang='lat' dir='ltr'>te</span> <span class='ocrx_word' id='word_1_215' title='bbox 636 1790 884 1861; x_wconf 85' lang='lat' dir='ltr'>juvante</span> <span class='ocrx_word' id='word_1_216' title='bbox 922 1806 1029 1863; x_wconf 92' lang='lat' dir='ltr'>per</span> <span class='ocrx_word' id='word_1_217' title='bbox 1058 1792 1184 1847; x_wconf 86' lang='lat' dir='ltr'>vias</span> <span class='ocrx_word' id='word_1_218' title='bbox 1210 1792 1535 1850; x_wconf 88' lang='lat' dir='ltr'>voluntatis</span> <span class='ocrx_word' id='word_1_219' title='bbox 1564 1800 1680 1850; x_wconf 76' lang='lat' dir='ltr'>tute</span> <span class='ocrx_word' id='word_1_220' title='bbox 1711 1795 1957 1851; x_wconf 87' lang='lat' dir='ltr'>dilatato</span> <span class='ocrx_word' id='word_1_221' title='bbox 1990 1806 2034 1861; x_wconf 82' lang='grc' dir='ltr'>Β</span> <span class='ocrx_word' id='word_1_222' title='bbox 2070 1795 2337 1860; x_wconf 87' lang='lat' dir='ltr'>sunt,ﬁ1ii</span> <span class='ocrx_word' id='word_1_223' title='bbox 2358 1795 2475 1850; x_wconf 92' lang='lat' dir='ltr'>mei</span> <span class='ocrx_word' id='word_1_224' title='bbox 2502 1796 2769 1851; x_wconf 85' lang='lat' dir='ltr'>exierunt</span> <span class='ocrx_word' id='word_1_225' title='bbox 2790 1811 2826 1851; x_wconf 89' lang='lat' dir='ltr'>a</span> <span class='ocrx_word' id='word_1_226' title='bbox 2848 1800 3027 1861; x_wconf 90' lang='lat' dir='ltr'>me,et</span> <span class='ocrx_word' id='word_1_227' title='bbox 3052 1812 3174 1851; x_wconf 91' lang='lat' dir='ltr'>non</span> <span class='ocrx_word' id='word_1_228' title='bbox 3197 1796 3534 1852; x_wconf 87' lang='lat' dir='ltr'>subsistunt</span> <span class='ocrx_word' id='word_1_229' title='bbox 3559 1813 3571 1851; x_wconf 91' lang='lat'><strong>:</strong></span> <span class='ocrx_word' id='word_1_230' title='bbox 3594 1811 3718 1851; x_wconf 90' lang='lat' dir='ltr'>non</span> 
     </span>
    </p>
   </div>
   <div class='ocr_carea' id='block_1_34' title="bbox 305 1876 1184 1948">
    <p class='ocr_par' dir='ltr' id='par_1_34' title="bbox 305 1876 1184 1948">
     <span class='ocr_line' id='line_1_34' title="bbox 305 1876 1184 1948; baseline 0.005 -16"><span class='ocrx_word' id='word_1_231' title='bbox 305 1876 485 1934; x_wconf 91' lang='lat' dir='ltr'>corde</span> <span class='ocrx_word' id='word_1_232' title='bbox 515 1893 847 1933; x_wconf 90' lang='lat' dir='ltr'>curramus.</span> <span class='ocrx_word' id='word_1_233' title='bbox 882 1890 943 1948; x_wconf 71' lang='grc' dir='ltr'>Βι.</span> <span class='ocrx_word' id='word_1_234' title='bbox 974 1883 1184 1937; x_wconf 80' lang='lat' dir='ltr'>Amen.</span> 
     </span>
    </p>
   </div>
   <div class='ocr_carea' id='block_1_35' title="bbox 379 1965 1960 2039">
    <p class='ocr_par' dir='ltr' id='par_1_35' title="bbox 379 1965 1960 2039">
     <span class='ocr_line' id='line_1_35' title="bbox 379 1965 1960 2039; baseline 0.004 -19"><span class='ocrx_word' id='word_1_235' title='bbox 379 1965 724 2035; x_wconf 80' lang='lat' dir='ltr'>Antiphona</span> <span class='ocrx_word' id='word_1_236' title='bbox 754 1969 1060 2039; x_wconf 85' lang='lat' dir='ltr'>2.Semper</span> <span class='ocrx_word' id='word_1_237' title='bbox 1084 1968 1292 2025; x_wconf 89' lang='lat' dir='ltr'>videbo</span> <span class='ocrx_word' id='word_1_238' title='bbox 1324 1969 1654 2026; x_wconf 87' lang='lat' dir='ltr'>vindictam</span> <span class='ocrx_word' id='word_1_239' title='bbox 1673 1971 1746 2026; x_wconf 93' lang='lat' dir='ltr'>de</span> <span class='ocrx_word' id='word_1_240' title='bbox 1764 1972 1960 2027; x_wconf 89' lang='lat' dir='ltr'>inimi-</span> 
     </span>
    </p>
   </div>
   <div class='ocr_carea' id='block_1_36' title="bbox 305 2052 1957 2127">
    <p class='ocr_par' dir='ltr' id='par_1_36' title="bbox 305 2052 1957 2127">
     <span class='ocr_line' id='line_1_36' title="bbox 305 2052 1957 2127; baseline 0.004 -17"><span class='ocrx_word' id='word_1_241' title='bbox 305 2053 389 2110; x_wconf 89' lang='lat' dir='ltr'>cis</span> <span class='ocrx_word' id='word_1_242' title='bbox 410 2052 559 2111; x_wconf 89' lang='lat' dir='ltr'>meis</span> <span class='ocrx_word' id='word_1_243' title='bbox 584 2072 596 2109; x_wconf 93' lang='lat'>:</span> <span class='ocrx_word' id='word_1_244' title='bbox 626 2060 957 2127; x_wconf 89' lang='lat' dir='ltr'>posuerunt</span> <span class='ocrx_word' id='word_1_245' title='bbox 985 2057 1358 2127; x_wconf 81' lang='lat' dir='ltr'>gravedinem</span> <span class='ocrx_word' id='word_1_246' title='bbox 1381 2059 1591 2114; x_wconf 84' lang='lat' dir='ltr'>cervici</span> <span class='ocrx_word' id='word_1_247' title='bbox 1613 2076 1796 2116; x_wconf 84' lang='lat' dir='ltr'>meae:</span> <span class='ocrx_word' id='word_1_248' title='bbox 1823 2060 1957 2116; x_wconf 90' lang='lat' dir='ltr'>vide</span> 
     </span>
    </p>
   </div>
   <div class='ocr_carea' id='block_1_37' title="bbox 301 2141 1957 2219">
    <p class='ocr_par' dir='ltr' id='par_1_37' title="bbox 301 2141 1957 2219">
     <span class='ocr_line' id='line_1_37' title="bbox 301 2141 1957 2219; baseline 0.004 -21"><span class='ocrx_word' id='word_1_249' title='bbox 301 2141 568 2208; x_wconf 89' lang='lat' dir='ltr'>Domine,</span> <span class='ocrx_word' id='word_1_250' title='bbox 615 2146 671 2199; x_wconf 91' lang='lat' dir='ltr'>et</span> <span class='ocrx_word' id='word_1_251' title='bbox 724 2143 949 2215; x_wconf 90' lang='lat' dir='ltr'>judica,</span> <span class='ocrx_word' id='word_1_252' title='bbox 984 2160 1057 2200; x_wconf 92' lang='lat' dir='ltr'>ne</span> <span class='ocrx_word' id='word_1_253' title='bbox 1098 2145 1479 2219; x_wconf 88' lang='lat' dir='ltr'>derelinquas</span> <span class='ocrx_word' id='word_1_254' title='bbox 1510 2162 1623 2202; x_wconf 90' lang='lat' dir='ltr'>me.</span> <span class='ocrx_word' id='word_1_255' title='bbox 1654 2147 1717 2207; x_wconf 71' lang='lat' dir='ltr'>v.</span> <span class='ocrx_word' id='word_1_256' title='bbox 1748 2148 1957 2205; x_wconf 85' lang='lat' dir='ltr'>Judica</span> 
     </span>
    </p>
   </div>
   <div class='ocr_carea' id='block_1_38' title="bbox 294 2230 1952 2308">
    <p class='ocr_par' dir='ltr' id='par_1_38' title="bbox 294 2230 1952 2308">
     <span class='ocr_line' id='line_1_38' title="bbox 294 2230 1952 2308; baseline 0.003 -23"><span class='ocrx_word' id='word_1_257' title='bbox 294 2230 548 2288; x_wconf 88' lang='lat' dir='ltr'>Domine</span> <span class='ocrx_word' id='word_1_258' title='bbox 578 2238 859 2287; x_wconf 88' lang='lat' dir='ltr'>nocentes</span> <span class='ocrx_word' id='word_1_259' title='bbox 890 2248 986 2288; x_wconf 92' lang='lat' dir='ltr'>me</span> <span class='ocrx_word' id='word_1_260' title='bbox 1002 2233 1177 2306; x_wconf 82' lang='lat'><strong>353</strong></span> <span class='ocrx_word' id='word_1_261' title='bbox 1212 2239 1268 2291; x_wconf 88' lang='lat' dir='ltr'>et</span> <span class='ocrx_word' id='word_1_262' title='bbox 1293 2250 1575 2307; x_wconf 84' lang='lat' dir='ltr'>expugna</span> <span class='ocrx_word' id='word_1_263' title='bbox 1595 2236 1952 2308; x_wconf 81' lang='lat' dir='ltr'>impugnan-</span> 
     </span>
    </p>
   </div>
   <div class='ocr_carea' id='block_1_39' title="bbox 295 2322 528 2375">
    <p class='ocr_par' dir='ltr' id='par_1_39' title="bbox 295 2322 528 2375">
     <span class='ocr_line' id='line_1_39' title="bbox 295 2322 528 2375; baseline 0 0"><span class='ocrx_word' id='word_1_264' title='bbox 295 2322 382 2375; x_wconf 90' lang='lat' dir='ltr'>tes</span> <span class='ocrx_word' id='word_1_265' title='bbox 406 2334 528 2375; x_wconf 93' lang='lat' dir='ltr'>me.</span> 
     </span>
    </p>
   </div>
   <div class='ocr_carea' id='block_1_40' title="bbox 367 2406 1957 2483">
    <p class='ocr_par' dir='ltr' id='par_1_40' title="bbox 367 2406 1957 2483">
     <span class='ocr_line' id='line_1_40' title="bbox 367 2406 1957 2483; baseline 0.004 -21"><span class='ocrx_word' id='word_1_266' title='bbox 367 2406 832 2478; x_wconf 83' lang='lat' dir='ltr'>0ratio.Exurge</span> <span class='ocrx_word' id='word_1_267' title='bbox 861 2410 1097 2475; x_wconf 87' lang='lat' dir='ltr'>Deus,et</span> <span class='ocrx_word' id='word_1_268' title='bbox 1136 2411 1597 2467; x_wconf 90' lang='lat' dir='ltr'>misericorditer</span> <span class='ocrx_word' id='word_1_269' title='bbox 1622 2413 1957 2483; x_wconf 89' lang='lat' dir='ltr'>judicater—</span> 
     </span>
    </p>
   </div>
   <div class='ocr_carea' id='block_1_41' title="bbox 286 2496 1953 2573">
    <p class='ocr_par' dir='ltr' id='par_1_41' title="bbox 286 2496 1953 2573">
     <span class='ocr_line' id='line_1_41' title="bbox 286 2496 1953 2573; baseline 0.004 -21"><span class='ocrx_word' id='word_1_270' title='bbox 286 2511 445 2563; x_wconf 87' lang='lat' dir='ltr'>ram,</span> <span class='ocrx_word' id='word_1_271' title='bbox 481 2496 586 2570; x_wconf 89' lang='lat' dir='ltr'>qui</span> <span class='ocrx_word' id='word_1_272' title='bbox 616 2511 680 2551; x_wconf 90' lang='lat' dir='ltr'>es</span> <span class='ocrx_word' id='word_1_273' title='bbox 712 2512 822 2569; x_wconf 91' lang='lat' dir='ltr'>pro</span> <span class='ocrx_word' id='word_1_274' title='bbox 849 2497 1026 2553; x_wconf 89' lang='lat' dir='ltr'>nobis</span> <span class='ocrx_word' id='word_1_275' title='bbox 1043 2498 1344 2569; x_wconf 87' lang='lat' dir='ltr'>judicatus</span> <span class='ocrx_word' id='word_1_276' title='bbox 1366 2500 1427 2555; x_wconf 93' lang='lat' dir='ltr'>in</span> <span class='ocrx_word' id='word_1_277' title='bbox 1458 2505 1617 2556; x_wconf 89' lang='lat' dir='ltr'>terra</span> <span class='ocrx_word' id='word_1_278' title='bbox 1645 2518 1658 2567; x_wconf 90' lang='lat'>;</span> <span class='ocrx_word' id='word_1_279' title='bbox 1691 2501 1795 2573; x_wconf 91' lang='lat' dir='ltr'>qui</span> <span class='ocrx_word' id='word_1_280' title='bbox 1815 2518 1953 2560; x_wconf 89' lang='lat' dir='ltr'>con-</span> 
     </span>
    </p>
   </div>
   <div class='ocr_carea' id='block_1_42' title="bbox 285 2584 1952 2659">
    <p class='ocr_par' dir='ltr' id='par_1_42' title="bbox 285 2584 1952 2659">
     <span class='ocr_line' id='line_1_42' title="bbox 285 2584 1952 2659; baseline 0.002 -18"><span class='ocrx_word' id='word_1_281' title='bbox 285 2585 611 2642; x_wconf 89' lang='lat' dir='ltr'>demnatus</span> <span class='ocrx_word' id='word_1_282' title='bbox 631 2584 893 2643; x_wconf 90' lang='lat' dir='ltr'>absolvis</span> <span class='ocrx_word' id='word_1_283' title='bbox 922 2602 1086 2659; x_wconf 85' lang='lat' dir='ltr'>reos;</span> <span class='ocrx_word' id='word_1_284' title='bbox 1111 2589 1215 2659; x_wconf 92' lang='lat' dir='ltr'>qui</span> <span class='ocrx_word' id='word_1_285' title='bbox 1237 2590 1499 2644; x_wconf 91' lang='lat' dir='ltr'>moriens</span> <span class='ocrx_word' id='word_1_286' title='bbox 1522 2589 1783 2645; x_wconf 86' lang='lat' dir='ltr'>viviﬁcas</span> <span class='ocrx_word' id='word_1_287' title='bbox 1796 2606 1952 2645; x_wconf 90' lang='lat' dir='ltr'>mor-</span> 
     </span>
    </p>
   </div>
   <div class='ocr_carea' id='block_1_43' title="bbox 289 2673 1951 2745">
    <p class='ocr_par' dir='ltr' id='par_1_43' title="bbox 289 2673 1951 2745">
     <span class='ocr_line' id='line_1_43' title="bbox 289 2673 1951 2745; baseline 0.001 -15"><span class='ocrx_word' id='word_1_288' title='bbox 289 2677 429 2730; x_wconf 90' lang='lat' dir='ltr'>tuos</span> <span class='ocrx_word' id='word_1_289' title='bbox 460 2673 928 2745; x_wconf 88' lang='lat' dir='ltr'>;quiresurgens</span> <span class='ocrx_word' id='word_1_290' title='bbox 954 2675 1279 2732; x_wconf 85' lang='lat' dir='ltr'>conﬁrmas</span> <span class='ocrx_word' id='word_1_291' title='bbox 1308 2676 1605 2742; x_wconf 90' lang='lat' dir='ltr'>dubios,et</span> <span class='ocrx_word' id='word_1_292' title='bbox 1630 2678 1951 2733; x_wconf 86' lang='lat' dir='ltr'>confundis</span> 
     </span>
    </p>
   </div>
   <div class='ocr_carea' id='block_1_44' title="bbox 286 2761 1951 2836">
    <p class='ocr_par' dir='ltr' id='par_1_44' title="bbox 286 2761 1951 2836">
     <span class='ocr_line' id='line_1_44' title="bbox 286 2761 1951 2836; baseline 0.002 -18"><span class='ocrx_word' id='word_1_293' title='bbox 286 2761 626 2834; x_wconf 89' lang='lat' dir='ltr'>iniquos.ln</span> <span class='ocrx_word' id='word_1_294' title='bbox 652 2766 819 2819; x_wconf 91' lang='lat' dir='ltr'>tuam</span> <span class='ocrx_word' id='word_1_295' title='bbox 851 2779 1113 2836; x_wconf 89' lang='lat' dir='ltr'>namque</span> <span class='ocrx_word' id='word_1_296' title='bbox 1140 2765 1530 2820; x_wconf 90' lang='lat' dir='ltr'>hereditatem</span> <span class='ocrx_word' id='word_1_297' title='bbox 1588 2772 1792 2834; x_wconf 82' lang='lat' dir='ltr'>gentes</span> <span class='ocrx_word' id='word_1_298' title='bbox 1823 2782 1951 2821; x_wconf 90' lang='lat' dir='ltr'>cre-</span> 
     </span>
    </p>
   </div>
   <div class='ocr_carea' id='block_1_45' title="bbox 289 2850 1951 2926">
    <p class='ocr_par' dir='ltr' id='par_1_45' title="bbox 289 2850 1951 2926">
     <span class='ocr_line' id='line_1_45' title="bbox 289 2850 1951 2926; baseline 0.002 -19"><span class='ocrx_word' id='word_1_299' title='bbox 289 2850 495 2907; x_wconf 91' lang='lat' dir='ltr'>dendo</span> <span class='ocrx_word' id='word_1_300' title='bbox 517 2856 1012 2925; x_wconf 88' lang='lat' dir='ltr'>vocentur,quem</span> <span class='ocrx_word' id='word_1_301' title='bbox 1036 2853 1431 2910; x_wconf 86' lang='lat' dir='ltr'>resurrexisse</span> <span class='ocrx_word' id='word_1_302' title='bbox 1452 2870 1563 2926; x_wconf 89' lang='lat' dir='ltr'>pro</span> <span class='ocrx_word' id='word_1_303' title='bbox 1594 2854 1783 2911; x_wconf 88' lang='lat' dir='ltr'>salute</span> <span class='ocrx_word' id='word_1_304' title='bbox 1809 2855 1951 2911; x_wconf 84' lang='lat' dir='ltr'>tide-</span> 
     </span>
    </p>
   </div>
   <div class='ocr_carea' id='block_1_46' title="bbox 286 2940 1188 3012">
    <p class='ocr_par' dir='ltr' id='par_1_46' title="bbox 286 2940 1188 3012">
     <span class='ocr_line' id='line_1_46' title="bbox 286 2940 1188 3012; baseline -0.001 -14"><span class='ocrx_word' id='word_1_305' title='bbox 286 2940 441 2999; x_wconf 89' lang='lat' dir='ltr'>lium</span> <span class='ocrx_word' id='word_1_306' title='bbox 470 2940 849 2999; x_wconf 86' lang='lat' dir='ltr'>conﬁtentur.</span> <span class='ocrx_word' id='word_1_307' title='bbox 878 2952 945 3012; x_wconf 53' lang='lat' dir='ltr'>ne.</span> <span class='ocrx_word' id='word_1_308' title='bbox 978 2946 1188 2997; x_wconf 89' lang='lat' dir='ltr'>Amen.</span> 
     </span>
    </p>
   </div>
   <div class='ocr_carea' id='block_1_47' title="bbox 364 3028 1949 3101">
    <p class='ocr_par' dir='ltr' id='par_1_47' title="bbox 364 3028 1949 3101">
     <span class='ocr_line' id='line_1_47' title="bbox 364 3028 1949 3101; baseline 0.001 -16"><span class='ocrx_word' id='word_1_309' title='bbox 364 3028 721 3100; x_wconf 80' lang='lat' dir='ltr'>Antz&#39;phona</span> <span class='ocrx_word' id='word_1_310' title='bbox 746 3030 1387 3101; x_wconf 87' lang='lat' dir='ltr'>3.Cogitaveruntmala</span> <span class='ocrx_word' id='word_1_311' title='bbox 1401 3032 1682 3088; x_wconf 89' lang='lat' dir='ltr'>adversus</span> <span class='ocrx_word' id='word_1_312' title='bbox 1701 3034 1949 3089; x_wconf 88' lang='lat' dir='ltr'>animam</span> 
     </span>
    </p>
   </div>
   <div class='ocr_carea' id='block_1_48' title="bbox 291 3119 2020 3215">
    <p class='ocr_par' dir='ltr' id='par_1_48' title="bbox 291 3119 2020 3215">
     <span class='ocr_line' id='line_1_48' title="bbox 291 3119 2020 3215; baseline 0.001 -38"><span class='ocrx_word' id='word_1_313' title='bbox 291 3134 519 3184; x_wconf 87' lang='lat' dir='ltr'>meam,</span> <span class='ocrx_word' id='word_1_314' title='bbox 549 3124 606 3175; x_wconf 91' lang='lat' dir='ltr'>et</span> <span class='ocrx_word' id='word_1_315' title='bbox 624 3123 872 3191; x_wconf 89' lang='lat' dir='ltr'>peccata</span> <span class='ocrx_word' id='word_1_316' title='bbox 903 3136 1012 3176; x_wconf 91' lang='lat' dir='ltr'>sua</span> <span class='ocrx_word' id='word_1_317' title='bbox 1060 3119 1522 3176; x_wconf 88' lang='lat' dir='ltr'>occultaverunt.</span> <span class='ocrx_word' id='word_1_318' title='bbox 1576 3123 1796 3177; x_wconf 89' lang='lat' dir='ltr'>Memor</span> <span class='ocrx_word' id='word_1_319' title='bbox 1826 3127 1948 3178; x_wconf 88' lang='lat' dir='ltr'>esto</span> <span class='ocrx_word' id='word_1_320' title='bbox 1979 3158 2020 3215; x_wconf 61' lang='grc' dir='ltr'><strong>ρ</strong></span> 
     </span>
    </p>
   </div>
   <div class='ocr_carea' id='block_1_49' title="bbox 292 3207 1947 3281">
    <p class='ocr_par' dir='ltr' id='par_1_49' title="bbox 292 3207 1947 3281">
     <span class='ocr_line' id='line_1_49' title="bbox 292 3207 1947 3281; baseline 0.001 -18"><span class='ocrx_word' id='word_1_321' title='bbox 292 3207 527 3265; x_wconf 85' lang='lat' dir='ltr'>stetisse</span> <span class='ocrx_word' id='word_1_322' title='bbox 556 3223 651 3263; x_wconf 91' lang='lat' dir='ltr'>me</span> <span class='ocrx_word' id='word_1_323' title='bbox 675 3213 812 3266; x_wconf 92' lang='lat' dir='ltr'>ante</span> <span class='ocrx_word' id='word_1_324' title='bbox 838 3207 1051 3266; x_wconf 87' lang='lat' dir='ltr'>faciem</span> <span class='ocrx_word' id='word_1_325' title='bbox 1074 3213 1259 3275; x_wconf 88' lang='lat' dir='ltr'>tuam,</span> <span class='ocrx_word' id='word_1_326' title='bbox 1295 3213 1348 3265; x_wconf 92' lang='lat' dir='ltr'>et</span> <span class='ocrx_word' id='word_1_327' title='bbox 1377 3208 1643 3266; x_wconf 90' lang='lat' dir='ltr'>locutum</span> <span class='ocrx_word' id='word_1_328' title='bbox 1685 3225 1812 3264; x_wconf 91' lang='lat' dir='ltr'>esse</span> <span class='ocrx_word' id='word_1_329' title='bbox 1837 3225 1947 3281; x_wconf 91' lang='lat' dir='ltr'>pro</span> 
     </span>
    </p>
   </div>
   <div class='ocr_carea' id='block_1_50' title="bbox 291 3296 1940 3368">
    <p class='ocr_par' dir='ltr' id='par_1_50' title="bbox 291 3296 1940 3368">
     <span class='ocr_line' id='line_1_50' title="bbox 291 3296 1940 3368; baseline 0.002 -15"><span class='ocrx_word' id='word_1_330' title='bbox 291 3297 382 3354; x_wconf 89' lang='lat' dir='ltr'>eis</span> <span class='ocrx_word' id='word_1_331' title='bbox 403 3296 585 3355; x_wconf 89' lang='lat' dir='ltr'>bona.</span> <span class='ocrx_word' id='word_1_332' title='bbox 614 3297 792 3364; x_wconf 44' lang='grc' dir='ltr'>ἱραί</span> <span class='ocrx_word' id='word_1_333' title='bbox 813 3298 1226 3368; x_wconf 88' lang='lat' dir='ltr'>cogitaverunt</span> <span class='ocrx_word' id='word_1_334' title='bbox 1248 3298 1510 3356; x_wconf 88' lang='lat' dir='ltr'>malitias</span> <span class='ocrx_word' id='word_1_335' title='bbox 1529 3301 1589 3353; x_wconf 89' lang='lat' dir='ltr'>in</span> <span class='ocrx_word' id='word_1_336' title='bbox 1606 3299 1785 3354; x_wconf 91' lang='lat' dir='ltr'>corde</span> <span class='ocrx_word' id='word_1_337' title='bbox 1802 3315 1940 3357; x_wconf 90' lang='lat' dir='ltr'>suo:</span> 
     </span>
    </p>
   </div>
   <div class='ocr_carea' id='block_1_51' title="bbox 293 3385 1943 3459">
    <p class='ocr_par' dir='ltr' id='par_1_51' title="bbox 293 3385 1943 3459">
     <span class='ocr_line' id='line_1_51' title="bbox 293 3385 1943 3459; baseline 0.001 -17"><span class='ocrx_word' id='word_1_338' title='bbox 293 3389 422 3443; x_wconf 89' lang='lat' dir='ltr'>tota</span> <span class='ocrx_word' id='word_1_339' title='bbox 440 3385 538 3441; x_wconf 91' lang='lat' dir='ltr'>die</span> <span class='ocrx_word' id='word_1_340' title='bbox 566 3386 1007 3444; x_wconf 88' lang='lat' dir='ltr'>constituebant</span> <span class='ocrx_word' id='word_1_341' title='bbox 1025 3387 1249 3459; x_wconf 80' lang='lat' dir='ltr'>praelia.</span> <span class='ocrx_word' id='word_1_342' title='bbox 1281 3388 1420 3443; x_wconf 86' lang='lat' dir='ltr'>Non</span> <span class='ocrx_word' id='word_1_343' title='bbox 1445 3387 1687 3444; x_wconf 81' lang='lat' dir='ltr'>dicatur</span> <span class='ocrx_word' id='word_1_344' title='bbox 1726 3386 1943 3444; x_wconf 86' lang='lat' dir='ltr'>Gloria.</span> 
     </span>
    </p>
   </div>
   <div class='ocr_carea' id='block_1_52' title="bbox 364 3475 1949 3549">
    <p class='ocr_par' dir='ltr' id='par_1_52' title="bbox 364 3475 1949 3549">
     <span class='ocr_line' id='line_1_52' title="bbox 364 3475 1949 3549; baseline 0.002 -19"><span class='ocrx_word' id='word_1_345' title='bbox 364 3485 430 3546; x_wconf 66' lang='lat' dir='ltr'>ﬁ.</span> <span class='ocrx_word' id='word_1_346' title='bbox 458 3476 603 3533; x_wconf 87' lang='lat' dir='ltr'>Ecce</span> <span class='ocrx_word' id='word_1_347' title='bbox 624 3475 816 3533; x_wconf 88' lang='lat' dir='ltr'>factus</span> <span class='ocrx_word' id='word_1_348' title='bbox 836 3493 971 3534; x_wconf 91' lang='lat' dir='ltr'>sum</span> <span class='ocrx_word' id='word_1_349' title='bbox 993 3476 1275 3533; x_wconf 91' lang='lat' dir='ltr'>omnibus</span> <span class='ocrx_word' id='word_1_350' title='bbox 1296 3476 1553 3533; x_wconf 91' lang='lat' dir='ltr'>inimicis</span> <span class='ocrx_word' id='word_1_351' title='bbox 1566 3478 1713 3533; x_wconf 91' lang='lat' dir='ltr'>meis</span> <span class='ocrx_word' id='word_1_352' title='bbox 1738 3478 1798 3533; x_wconf 91' lang='lat' dir='ltr'>in</span> <span class='ocrx_word' id='word_1_353' title='bbox 1815 3493 1949 3549; x_wconf 91' lang='lat' dir='ltr'>pro-</span> 
     </span>
    </p>
   </div>
   <div class='ocr_carea' id='block_1_53' title="bbox 283 3564 1937 3638">
    <p class='ocr_par' dir='ltr' id='par_1_53' title="bbox 283 3564 1937 3638">
     <span class='ocr_line' id='line_1_53' title="bbox 283 3564 1937 3638; baseline 0.003 -18"><span class='ocrx_word' id='word_1_354' title='bbox 283 3564 598 3632; x_wconf 83' lang='lat' dir='ltr'>verbium;</span> <span class='ocrx_word' id='word_1_355' title='bbox 625 3569 681 3622; x_wconf 93' lang='lat' dir='ltr'>et</span> <span class='ocrx_word' id='word_1_356' title='bbox 707 3565 882 3636; x_wconf 89' lang='lat' dir='ltr'>longe</span> <span class='ocrx_word' id='word_1_357' title='bbox 937 3565 1076 3622; x_wconf 87' lang='lat' dir='ltr'>facti</span> <span class='ocrx_word' id='word_1_358' title='bbox 1108 3572 1265 3632; x_wconf 90' lang='lat' dir='ltr'>sunt,</span> <span class='ocrx_word' id='word_1_359' title='bbox 1295 3566 1398 3638; x_wconf 90' lang='lat' dir='ltr'>qui</span> <span class='ocrx_word' id='word_1_360' title='bbox 1447 3582 1544 3621; x_wconf 90' lang='lat' dir='ltr'>me</span> <span class='ocrx_word' id='word_1_361' title='bbox 1584 3565 1937 3636; x_wconf 87' lang='lat' dir='ltr'>diligebant.</span> 
     </span>
    </p>
   </div>
   <div class='ocr_carea' id='block_1_54' title="bbox 286 3653 1945 3727">
    <p class='ocr_par' dir='ltr' id='par_1_54' title="bbox 286 3653 1945 3727">
     <span class='ocr_line' id='line_1_54' title="bbox 286 3653 1945 3727; baseline 0.001 -18"><span class='ocrx_word' id='word_1_362' title='bbox 286 3653 566 3711; x_wconf 85' lang='lat' dir='ltr'>Extendit</span> <span class='ocrx_word' id='word_1_363' title='bbox 592 3653 873 3711; x_wconf 88' lang='lat' dir='ltr'>inimicus</span> <span class='ocrx_word' id='word_1_364' title='bbox 899 3670 1069 3710; x_wconf 92' lang='lat' dir='ltr'>meus</span> <span class='ocrx_word' id='word_1_365' title='bbox 1095 3654 1417 3711; x_wconf 87' lang='lat' dir='ltr'>adversum</span> <span class='ocrx_word' id='word_1_366' title='bbox 1446 3670 1543 3710; x_wconf 91' lang='lat' dir='ltr'>me</span> <span class='ocrx_word' id='word_1_367' title='bbox 1597 3655 1945 3727; x_wconf 83' lang='lat' dir='ltr'>pharetram</span> 
     </span>
    </p>
   </div>
   <div class='ocr_carea' id='block_1_55' title="bbox 286 3741 1946 3813">
    <p class='ocr_par' dir='ltr' id='par_1_55' title="bbox 286 3741 1946 3813">
     <span class='ocr_line' id='line_1_55' title="bbox 286 3741 1946 3813; baseline 0.001 -16"><span class='ocrx_word' id='word_1_368' title='bbox 286 3757 488 3808; x_wconf 86' lang='lat' dir='ltr'>suam,</span> <span class='ocrx_word' id='word_1_369' title='bbox 521 3747 578 3798; x_wconf 93' lang='lat' dir='ltr'>et</span> <span class='ocrx_word' id='word_1_370' title='bbox 606 3741 891 3798; x_wconf 87' lang='lat' dir='ltr'>subvertit</span> <span class='ocrx_word' id='word_1_371' title='bbox 914 3742 1265 3798; x_wconf 88' lang='lat' dir='ltr'>calcaneum</span> <span class='ocrx_word' id='word_1_372' title='bbox 1309 3758 1534 3797; x_wconf 89' lang='lat' dir='ltr'>meum.</span> <span class='ocrx_word' id='word_1_373' title='bbox 1584 3743 1828 3813; x_wconf 80' lang='lat' dir='ltr'>Repleta</span> <span class='ocrx_word' id='word_1_374' title='bbox 1856 3747 1946 3799; x_wconf 88' lang='lat' dir='ltr'>est</span> 
     </span>
    </p>
   </div>
   <div class='ocr_carea' id='block_1_56' title="bbox 284 3829 1945 3900">
    <p class='ocr_par' dir='ltr' id='par_1_56' title="bbox 284 3829 1945 3900">
     <span class='ocr_line' id='line_1_56' title="bbox 284 3829 1945 3900; baseline -0.001 -11"><span class='ocrx_word' id='word_1_375' title='bbox 284 3830 497 3889; x_wconf 84' lang='lat' dir='ltr'>anima</span> <span class='ocrx_word' id='word_1_376' title='bbox 515 3845 652 3886; x_wconf 88' lang='lat' dir='ltr'>mea</span> <span class='ocrx_word' id='word_1_377' title='bbox 672 3829 999 3885; x_wconf 89' lang='lat' dir='ltr'>doloribus.</span> <span class='ocrx_word' id='word_1_378' title='bbox 1032 3830 1430 3900; x_wconf 88' lang='lat' dir='ltr'>Congregavit</span> <span class='ocrx_word' id='word_1_379' title='bbox 1453 3830 1730 3887; x_wconf 89' lang='lat' dir='ltr'>inimicus</span> <span class='ocrx_word' id='word_1_380' title='bbox 1774 3847 1945 3887; x_wconf 89' lang='lat' dir='ltr'>meus</span> 
     </span>
    </p>
   </div>
   <div class='ocr_carea' id='block_1_57' title="bbox 286 3916 1947 3983">
    <p class='ocr_par' dir='ltr' id='par_1_57' title="bbox 286 3916 1947 3983">
     <span class='ocr_line' id='line_1_57' title="bbox 286 3916 1947 3983; baseline 0.001 -10"><span class='ocrx_word' id='word_1_381' title='bbox 286 3918 556 3974; x_wconf 86' lang='lat' dir='ltr'>furorem</span> <span class='ocrx_word' id='word_1_382' title='bbox 587 3933 762 3972; x_wconf 90' lang='lat' dir='ltr'>suum</span> <span class='ocrx_word' id='word_1_383' title='bbox 784 3917 843 3972; x_wconf 90' lang='lat' dir='ltr'>in</span> <span class='ocrx_word' id='word_1_384' title='bbox 863 3933 978 3983; x_wconf 90' lang='lat' dir='ltr'>me,</span> <span class='ocrx_word' id='word_1_385' title='bbox 1011 3921 1068 3973; x_wconf 90' lang='lat' dir='ltr'>et</span> <span class='ocrx_word' id='word_1_386' title='bbox 1090 3916 1396 3973; x_wconf 85' lang='lat' dir='ltr'>infremuit</span> <span class='ocrx_word' id='word_1_387' title='bbox 1422 3923 1630 3973; x_wconf 87' lang='lat' dir='ltr'>contra</span> <span class='ocrx_word' id='word_1_388' title='bbox 1655 3935 1751 3974; x_wconf 93' lang='lat' dir='ltr'>me</span> <span class='ocrx_word' id='word_1_389' title='bbox 1794 3919 1947 3974; x_wconf 89' lang='lat' dir='ltr'>den-</span> 
     </span>
    </p>
   </div>
   <div class='ocr_carea' id='block_1_58' title="bbox 289 4002 1947 4071">
    <p class='ocr_par' dir='ltr' id='par_1_58' title="bbox 289 4002 1947 4071">
     <span class='ocr_line' id='line_1_58' title="bbox 289 4002 1947 4071; baseline 0 -10"><span class='ocrx_word' id='word_1_390' title='bbox 289 4002 454 4061; x_wconf 83' lang='lat' dir='ltr'>tibus</span> <span class='ocrx_word' id='word_1_391' title='bbox 494 4003 641 4059; x_wconf 91' lang='lat' dir='ltr'>suis.</span> <span class='ocrx_word' id='word_1_392' title='bbox 671 4004 732 4059; x_wconf 91' lang='lat' dir='ltr'>P.</span> <span class='ocrx_word' id='word_1_393' title='bbox 791 4008 874 4060; x_wconf 81' lang='lat' dir='ltr'>Tu</span> <span class='ocrx_word' id='word_1_394' title='bbox 916 4009 1141 4069; x_wconf 86' lang='lat' dir='ltr'>autem,</span> <span class='ocrx_word' id='word_1_395' title='bbox 1198 4003 1468 4067; x_wconf 92' lang='lat' dir='ltr'>Domine,</span> <span class='ocrx_word' id='word_1_396' title='bbox 1513 4004 1700 4061; x_wconf 90' lang='lat' dir='ltr'>libera</span> <span class='ocrx_word' id='word_1_397' title='bbox 1737 4021 1855 4071; x_wconf 91' lang='lat' dir='ltr'>me,</span> <span class='ocrx_word' id='word_1_398' title='bbox 1891 4011 1947 4062; x_wconf 92' lang='lat' dir='ltr'>et</span> 
     </span>
    </p>
   </div>
   <div class='ocr_carea' id='block_1_59' title="bbox 286 4092 1945 4167">
    <p class='ocr_par' dir='ltr' id='par_1_59' title="bbox 286 4092 1945 4167">
     <span class='ocr_line' id='line_1_59' title="bbox 286 4092 1945 4167; baseline -0.001 -18"><span class='ocrx_word' id='word_1_399' title='bbox 286 4107 452 4167; x_wconf 89' lang='lat' dir='ltr'>pone</span> <span class='ocrx_word' id='word_1_400' title='bbox 479 4107 575 4148; x_wconf 93' lang='lat' dir='ltr'>me</span> <span class='ocrx_word' id='word_1_401' title='bbox 600 4093 771 4164; x_wconf 86' lang='lat' dir='ltr'>juxta</span> <span class='ocrx_word' id='word_1_402' title='bbox 793 4097 865 4148; x_wconf 92' lang='lat' dir='ltr'>te.</span> <span class='ocrx_word' id='word_1_403' title='bbox 897 4092 962 4152; x_wconf 57' lang='grc' dir='ltr'>ἲν.</span> <span class='ocrx_word' id='word_1_404' title='bbox 993 4092 1197 4149; x_wconf 89' lang='lat' dir='ltr'>Subito</span> <span class='ocrx_word' id='word_1_405' title='bbox 1221 4092 1557 4148; x_wconf 90' lang='lat' dir='ltr'>vulneravit</span> <span class='ocrx_word' id='word_1_406' title='bbox 1584 4108 1677 4148; x_wconf 93' lang='lat' dir='ltr'>me</span> <span class='ocrx_word' id='word_1_407' title='bbox 1709 4093 1945 4149; x_wconf 90' lang='lat' dir='ltr'>invidus</span> 
     </span>
    </p>
   </div>
   <div class='ocr_carea' id='block_1_60' title="bbox 286 4180 1935 4247">
    <p class='ocr_par' dir='ltr' id='par_1_60' title="bbox 286 4180 1935 4247">
     <span class='ocr_line' id='line_1_60' title="bbox 286 4180 1935 4247; baseline -0.002 -6"><span class='ocrx_word' id='word_1_408' title='bbox 286 4182 590 4247; x_wconf 90' lang='lat' dir='ltr'>inimicus,</span> <span class='ocrx_word' id='word_1_409' title='bbox 636 4186 693 4238; x_wconf 90' lang='lat' dir='ltr'>et</span> <span class='ocrx_word' id='word_1_410' title='bbox 737 4181 815 4238; x_wconf 91' lang='lat' dir='ltr'>ad</span> <span class='ocrx_word' id='word_1_411' title='bbox 852 4181 1106 4237; x_wconf 89' lang='lat' dir='ltr'>nihilum</span> <span class='ocrx_word' id='word_1_412' title='bbox 1133 4180 1376 4237; x_wconf 89' lang='lat' dir='ltr'>redacta</span> <span class='ocrx_word' id='word_1_413' title='bbox 1405 4185 1543 4236; x_wconf 88' lang='lat' dir='ltr'>sunt</span> <span class='ocrx_word' id='word_1_414' title='bbox 1593 4195 1738 4236; x_wconf 90' lang='lat' dir='ltr'>ossa</span> <span class='ocrx_word' id='word_1_415' title='bbox 1775 4195 1935 4237; x_wconf 91' lang='lat' dir='ltr'>mea.</span> 
     </span>
    </p>
   </div>
   <div class='ocr_carea' id='block_1_61' title="bbox 284 4269 1730 4336">
    <p class='ocr_par' dir='ltr' id='par_1_61' title="bbox 284 4269 1730 4336">
     <span class='ocr_line' id='line_1_61' title="bbox 284 4269 1730 4336; baseline -0.002 -9"><span class='ocrx_word' id='word_1_416' title='bbox 284 4271 353 4327; x_wconf 91' lang='lat' dir='ltr'>P.</span> <span class='ocrx_word' id='word_1_417' title='bbox 385 4273 468 4329; x_wconf 90' lang='lat' dir='ltr'>Tu</span> <span class='ocrx_word' id='word_1_418' title='bbox 499 4274 721 4336; x_wconf 90' lang='lat' dir='ltr'>autem,</span> <span class='ocrx_word' id='word_1_419' title='bbox 756 4270 1026 4327; x_wconf 92' lang='lat' dir='ltr'>Domine.</span> <span class='ocrx_word' id='word_1_420' title='bbox 1054 4270 1189 4327; x_wconf 86' lang='lat' dir='ltr'>Non</span> <span class='ocrx_word' id='word_1_421' title='bbox 1230 4270 1473 4325; x_wconf 83' lang='lat' dir='ltr'>dicatur</span> <span class='ocrx_word' id='word_1_422' title='bbox 1514 4269 1730 4325; x_wconf 89' lang='lat' dir='ltr'>Gloria.</span> 
     </span>
    </p>
   </div>
   <div class='ocr_carea' id='block_1_62' title="bbox 357 4357 1942 4432">
    <p class='ocr_par' dir='ltr' id='par_1_62' title="bbox 357 4357 1942 4432">
     <span class='ocr_line' id='line_1_62' title="bbox 357 4357 1942 4432; baseline -0.001 -16"><span class='ocrx_word' id='word_1_423' title='bbox 357 4359 586 4417; x_wconf 80' lang='lat' dir='ltr'>Preces.</span> <span class='ocrx_word' id='word_1_424' title='bbox 610 4362 692 4416; x_wconf 90' lang='lat' dir='ltr'>Tu</span> <span class='ocrx_word' id='word_1_425' title='bbox 722 4365 927 4432; x_wconf 87' lang='lat' dir='ltr'>pastor</span> <span class='ocrx_word' id='word_1_426' title='bbox 950 4358 1131 4425; x_wconf 90' lang='lat' dir='ltr'>bone,</span> <span class='ocrx_word' id='word_1_427' title='bbox 1164 4359 1267 4431; x_wconf 90' lang='lat' dir='ltr'>qui</span> <span class='ocrx_word' id='word_1_428' title='bbox 1289 4373 1398 4431; x_wconf 89' lang='lat' dir='ltr'>pro</span> <span class='ocrx_word' id='word_1_429' title='bbox 1427 4358 1640 4414; x_wconf 87' lang='lat' dir='ltr'>ovibus</span> <span class='ocrx_word' id='word_1_430' title='bbox 1677 4357 1942 4415; x_wconf 88' lang='lat' dir='ltr'>animam</span> 
     </span>
    </p>
   </div>
   <div class='ocr_carea' id='block_1_63' title="bbox 283 4446 1940 4525">
    <p class='ocr_par' dir='ltr' id='par_1_63' title="bbox 283 4446 1940 4525">
     <span class='ocr_line' id='line_1_63' title="bbox 283 4446 1940 4525; baseline -0.001 -19"><span class='ocrx_word' id='word_1_431' title='bbox 283 4450 564 4525; x_wconf 87' lang='lat' dir='ltr'>posuisti,</span> <span class='ocrx_word' id='word_1_432' title='bbox 595 4454 897 4507; x_wconf 92' lang='lat' dir='ltr'>memento</span> <span class='ocrx_word' id='word_1_433' title='bbox 922 4449 1129 4516; x_wconf 90' lang='lat' dir='ltr'>nostri,</span> <span class='ocrx_word' id='word_1_434' title='bbox 1165 4451 1223 4504; x_wconf 91' lang='lat' dir='ltr'>P.</span> <span class='ocrx_word' id='word_1_435' title='bbox 1256 4446 1511 4513; x_wconf 89' lang='lat' dir='ltr'>Placare,</span> <span class='ocrx_word' id='word_1_436' title='bbox 1556 4452 1611 4504; x_wconf 91' lang='lat' dir='ltr'>et</span> <span class='ocrx_word' id='word_1_437' title='bbox 1648 4448 1940 4505; x_wconf 87' lang='lat' dir='ltr'>miserere.</span> 
     </span>
    </p>
   </div>
   <div class='ocr_carea' id='block_1_64' title="bbox 282 4536 1943 4611">
    <p class='ocr_par' dir='ltr' id='par_1_64' title="bbox 282 4536 1943 4611">
     <span class='ocr_line' id='line_1_64' title="bbox 282 4536 1943 4611; baseline -0.004 -11"><span class='ocrx_word' id='word_1_438' title='bbox 282 4540 351 4601; x_wconf 58' lang='grc' dir='ltr'><strong>ν.</strong></span> <span class='ocrx_word' id='word_1_439' title='bbox 382 4539 573 4595; x_wconf 86' lang='lat' dir='ltr'>Virtus</span> <span class='ocrx_word' id='word_1_440' title='bbox 600 4537 895 4611; x_wconf 89' lang='lat' dir='ltr'>perennis,</span> <span class='ocrx_word' id='word_1_441' title='bbox 926 4538 1220 4606; x_wconf 88' lang='lat' dir='ltr'>sapientia</span> <span class='ocrx_word' id='word_1_442' title='bbox 1252 4537 1353 4593; x_wconf 90' lang='lat' dir='ltr'>Dei</span> <span class='ocrx_word' id='word_1_443' title='bbox 1405 4537 1647 4603; x_wconf 89' lang='lat' dir='ltr'>summi,</span> <span class='ocrx_word' id='word_1_444' title='bbox 1684 4536 1943 4593; x_wconf 90' lang='lat' dir='ltr'>Verbum</span> 
     </span>
    </p>
   </div>
   <div class='ocr_carea' id='block_1_65' title="bbox 286 4624 1947 4697">
    <p class='ocr_par' dir='ltr' id='par_1_65' title="bbox 286 4624 1947 4697">
     <span class='ocr_line' id='line_1_65' title="bbox 286 4624 1947 4697; baseline 0 -14"><span class='ocrx_word' id='word_1_445' title='bbox 286 4628 500 4697; x_wconf 88' lang='lat' dir='ltr'>Patris,</span> <span class='ocrx_word' id='word_1_446' title='bbox 518 4632 821 4684; x_wconf 92' lang='lat' dir='ltr'>memento</span> <span class='ocrx_word' id='word_1_447' title='bbox 841 4626 1061 4695; x_wconf 89' lang='lat' dir='ltr'>nostri;</span> <span class='ocrx_word' id='word_1_448' title='bbox 1086 4626 1147 4682; x_wconf 91' lang='lat' dir='ltr'>P.</span> <span class='ocrx_word' id='word_1_449' title='bbox 1177 4626 1431 4684; x_wconf 89' lang='lat' dir='ltr'>Placare.</span> <span class='ocrx_word' id='word_1_450' title='bbox 1461 4624 1523 4686; x_wconf 56' lang='lat'>2’.</span> <span class='ocrx_word' id='word_1_451' title='bbox 1549 4625 1829 4683; x_wconf 90' lang='lat' dir='ltr'>Conditor</span> <span class='ocrx_word' id='word_1_452' title='bbox 1857 4642 1947 4683; x_wconf 91' lang='lat' dir='ltr'>re-</span> 
     </span>
    </p>
   </div>
   <div class='ocr_carea' id='block_1_66' title="bbox 287 4714 1947 4789">
    <p class='ocr_par' dir='ltr' id='par_1_66' title="bbox 287 4714 1947 4789">
     <span class='ocr_line' id='line_1_66' title="bbox 287 4714 1947 4789; baseline -0.002 -14"><span class='ocrx_word' id='word_1_453' title='bbox 287 4733 449 4789; x_wconf 87' lang='lat' dir='ltr'>rum,</span> <span class='ocrx_word' id='word_1_454' title='bbox 476 4717 599 4774; x_wconf 89' lang='lat' dir='ltr'>vita</span> <span class='ocrx_word' id='word_1_455' title='bbox 644 4717 938 4780; x_wconf 92' lang='lat' dir='ltr'>omnium,</span> <span class='ocrx_word' id='word_1_456' title='bbox 987 4716 1329 4773; x_wconf 89' lang='lat' dir='ltr'>dominator</span> <span class='ocrx_word' id='word_1_457' title='bbox 1370 4714 1755 4785; x_wconf 81' lang='lat' dir='ltr'>Angelorum,</span> <span class='ocrx_word' id='word_1_458' title='bbox 1822 4731 1947 4773; x_wconf 87' lang='lat' dir='ltr'>me-</span> 
     </span>
    </p>
   </div>
   <div class='ocr_carea' id='block_1_67' title="bbox 290 4803 1945 4877">
    <p class='ocr_par' dir='ltr' id='par_1_67' title="bbox 290 4803 1945 4877">
     <span class='ocr_line' id='line_1_67' title="bbox 290 4803 1945 4877; baseline -0.002 -12"><span class='ocrx_word' id='word_1_459' title='bbox 290 4809 501 4865; x_wconf 88' lang='lat' dir='ltr'>mento</span> <span class='ocrx_word' id='word_1_460' title='bbox 531 4806 738 4863; x_wconf 89' lang='lat' dir='ltr'>nostri.</span> <span class='ocrx_word' id='word_1_461' title='bbox 772 4808 830 4861; x_wconf 87' lang='lat' dir='ltr'>P.</span> <span class='ocrx_word' id='word_1_462' title='bbox 860 4804 1124 4862; x_wconf 90' lang='lat' dir='ltr'>Placare.</span> <span class='ocrx_word' id='word_1_463' title='bbox 1156 4804 1217 4864; x_wconf 66' lang='lat' dir='ltr'>tt.</span> <span class='ocrx_word' id='word_1_464' title='bbox 1257 4804 1343 4859; x_wconf 88' lang='lat' dir='ltr'>Tu</span> <span class='ocrx_word' id='word_1_465' title='bbox 1370 4803 1472 4859; x_wconf 92' lang='lat' dir='ltr'>Dei</span> <span class='ocrx_word' id='word_1_466' title='bbox 1504 4819 1716 4873; x_wconf 89' lang='lat' dir='ltr'>agnus,</span> <span class='ocrx_word' id='word_1_467' title='bbox 1740 4807 1805 4861; x_wconf 89' lang='lat' dir='ltr'>tu</span> <span class='ocrx_word' id='word_1_468' title='bbox 1834 4820 1945 4877; x_wconf 92' lang='lat' dir='ltr'>pro</span> 
     </span>
    </p>
   </div>
   <div class='ocr_carea' id='block_1_68' title="bbox 293 4893 1942 4964">
    <p class='ocr_par' dir='ltr' id='par_1_68' title="bbox 293 4893 1942 4964">
     <span class='ocr_line' id='line_1_68' title="bbox 293 4893 1942 4964; baseline -0.001 -12"><span class='ocrx_word' id='word_1_469' title='bbox 293 4894 474 4952; x_wconf 89' lang='lat' dir='ltr'>nobis</span> <span class='ocrx_word' id='word_1_470' title='bbox 494 4910 578 4963; x_wconf 90' lang='lat' dir='ltr'>es,</span> <span class='ocrx_word' id='word_1_471' title='bbox 606 4894 764 4951; x_wconf 90' lang='lat' dir='ltr'>velut</span> <span class='ocrx_word' id='word_1_472' title='bbox 791 4894 939 4960; x_wconf 85' lang='lat' dir='ltr'>ovis,</span> <span class='ocrx_word' id='word_1_473' title='bbox 971 4893 1335 4964; x_wconf 88' lang='lat' dir='ltr'>immolatus,</span> <span class='ocrx_word' id='word_1_474' title='bbox 1369 4898 1670 4950; x_wconf 91' lang='lat' dir='ltr'>memento</span> <span class='ocrx_word' id='word_1_475' title='bbox 1722 4894 1942 4964; x_wconf 88' lang='lat' dir='ltr'>nostri;</span> 
     </span>
    </p>
   </div>
   <div class='ocr_carea' id='block_1_69' title="bbox 294 4981 1940 5055">
    <p class='ocr_par' dir='ltr' id='par_1_69' title="bbox 294 4981 1940 5055">
     <span class='ocr_line' id='line_1_69' title="bbox 294 4981 1940 5055; baseline -0.001 -16"><span class='ocrx_word' id='word_1_476' title='bbox 294 4982 639 5039; x_wconf 85' lang='lat' dir='ltr'>P.Placare.</span> <span class='ocrx_word' id='word_1_477' title='bbox 685 4981 750 5042; x_wconf 52' lang='grc' dir='ltr'>ἡ.</span> <span class='ocrx_word' id='word_1_478' title='bbox 792 4984 1084 5037; x_wconf 91' lang='lat' dir='ltr'>Innocens</span> <span class='ocrx_word' id='word_1_479' title='bbox 1114 4985 1346 5053; x_wconf 90' lang='lat' dir='ltr'>captus,</span> <span class='ocrx_word' id='word_1_480' title='bbox 1398 4997 1589 5037; x_wconf 71' lang='lat' dir='ltr'>caesus</span> <span class='ocrx_word' id='word_1_481' title='bbox 1653 4981 1940 5055; x_wconf 89' lang='lat' dir='ltr'>colaphis,</span> 
     </span>
    </p>
   </div>
   <div class='ocr_carea' id='block_1_70' title="bbox 290 5068 1936 5136">
    <p class='ocr_par' dir='ltr' id='par_1_70' title="bbox 290 5068 1936 5136">
     <span class='ocr_line' id='line_1_70' title="bbox 290 5068 1936 5136; baseline 0 -7"><span class='ocrx_word' id='word_1_482' title='bbox 290 5070 629 5129; x_wconf 89' lang='lat' dir='ltr'>latronibus</span> <span class='ocrx_word' id='word_1_483' title='bbox 649 5069 848 5136; x_wconf 89' lang='lat' dir='ltr'>datus,</span> <span class='ocrx_word' id='word_1_484' title='bbox 883 5073 1182 5126; x_wconf 88' lang='lat' dir='ltr'>memento</span> <span class='ocrx_word' id='word_1_485' title='bbox 1211 5068 1394 5125; x_wconf 91' lang='lat' dir='ltr'>nostri</span> <span class='ocrx_word' id='word_1_486' title='bbox 1422 5072 1517 5135; x_wconf 85' lang='lat' dir='ltr'>;P.</span> <span class='ocrx_word' id='word_1_487' title='bbox 1562 5069 1828 5127; x_wconf 89' lang='lat' dir='ltr'>Placare.</span> <span class='ocrx_word' id='word_1_488' title='bbox 1868 5070 1936 5131; x_wconf 60' lang='grc' dir='ltr'>ἲν.</span> 
     </span>
    </p>
   </div>
   <div class='ocr_carea' id='block_1_71' title="bbox 291 5157 1946 5228">
    <p class='ocr_par' dir='ltr' id='par_1_71' title="bbox 291 5157 1946 5228">
     <span class='ocr_line' id='line_1_71' title="bbox 291 5157 1946 5228; baseline 0.001 -12"><span class='ocrx_word' id='word_1_489' title='bbox 291 5159 407 5228; x_wconf 86' lang='lat' dir='ltr'>Qui</span> <span class='ocrx_word' id='word_1_490' title='bbox 428 5159 590 5216; x_wconf 92' lang='lat' dir='ltr'>solus</span> <span class='ocrx_word' id='word_1_491' title='bbox 620 5162 875 5215; x_wconf 90' lang='lat' dir='ltr'>mortem</span> <span class='ocrx_word' id='word_1_492' title='bbox 897 5157 1082 5213; x_wconf 90' lang='lat' dir='ltr'>nostri</span> <span class='ocrx_word' id='word_1_493' title='bbox 1108 5157 1375 5213; x_wconf 90' lang='lat' dir='ltr'>criminis</span> <span class='ocrx_word' id='word_1_494' title='bbox 1422 5161 1524 5215; x_wconf 86' lang='lat' dir='ltr'>tua</span> <span class='ocrx_word' id='word_1_495' title='bbox 1548 5162 1737 5217; x_wconf 91' lang='lat' dir='ltr'>morte</span> <span class='ocrx_word' id='word_1_496' title='bbox 1785 5158 1946 5217; x_wconf 89' lang='lat' dir='ltr'>devi-</span> 
     </span>
    </p>
   </div>
   <div class='ocr_carea' id='block_1_72' title="bbox 290 5246 1395 5315">
    <p class='ocr_par' dir='ltr' id='par_1_72' title="bbox 290 5246 1395 5315">
     <span class='ocr_line' id='line_1_72' title="bbox 290 5246 1395 5315; baseline -0.005 -9"><span class='ocrx_word' id='word_1_497' title='bbox 290 5249 446 5315; x_wconf 90' lang='lat' dir='ltr'>cisti,</span> <span class='ocrx_word' id='word_1_498' title='bbox 478 5251 782 5304; x_wconf 91' lang='lat' dir='ltr'>memento</span> <span class='ocrx_word' id='word_1_499' title='bbox 804 5246 989 5303; x_wconf 89' lang='lat' dir='ltr'>nostri</span> <span class='ocrx_word' id='word_1_500' title='bbox 1016 5263 1028 5312; x_wconf 89' lang='lat'>;</span> <span class='ocrx_word' id='word_1_501' title='bbox 1052 5249 1113 5302; x_wconf 88' lang='lat' dir='ltr'>P.</span> <span class='ocrx_word' id='word_1_502' title='bbox 1140 5246 1395 5303; x_wconf 88' lang='lat' dir='ltr'>Placare.</span> 
     </span>
    </p>
   </div>
   <div class='ocr_carea' id='block_1_73' title="bbox 362 5336 1410 5408">
    <p class='ocr_par' dir='ltr' id='par_1_73' title="bbox 362 5336 1410 5408">
     <span class='ocr_line' id='line_1_73' title="bbox 362 5336 1410 5408; baseline -0.005 -13"><span class='ocrx_word' id='word_1_503' title='bbox 362 5339 657 5408; x_wconf 82' lang='lat' dir='ltr'>Hymnus.</span> <span class='ocrx_word' id='word_1_504' title='bbox 725 5338 768 5394; x_wconf 94' lang='grc' dir='ltr'>Ο</span> <span class='ocrx_word' id='word_1_505' title='bbox 795 5338 1115 5393; x_wconf 87' lang='lat' dir='ltr'>Nazarene.</span> <span class='ocrx_word' id='word_1_506' title='bbox 1144 5336 1258 5405; x_wconf 81' lang='lat' dir='ltr'>fol.</span> <span class='ocrx_word' id='word_1_507' title='bbox 1293 5338 1410 5392; x_wconf 82' lang='grc'><strong>144.</strong></span> 
     </span>
    </p>
   </div>
   <div class='ocr_carea' id='block_1_74' title="bbox 367 5424 1949 5497">
    <p class='ocr_par' dir='ltr' id='par_1_74' title="bbox 367 5424 1949 5497">
     <span class='ocr_line' id='line_1_74' title="bbox 367 5424 1949 5497; baseline 0.001 -14"><span class='ocrx_word' id='word_1_508' title='bbox 367 5426 669 5497; x_wconf 79' lang='lat' dir='ltr'>Capitula.</span> <span class='ocrx_word' id='word_1_509' title='bbox 700 5425 1004 5480; x_wconf 88' lang='lat' dir='ltr'>Adversus</span> <span class='ocrx_word' id='word_1_510' title='bbox 1033 5424 1472 5491; x_wconf 89' lang='lat' dir='ltr'>tuam,Christe,</span> <span class='ocrx_word' id='word_1_511' title='bbox 1498 5426 1766 5482; x_wconf 90' lang='lat' dir='ltr'>animam</span> <span class='ocrx_word' id='word_1_512' title='bbox 1788 5427 1949 5484; x_wconf 91' lang='lat' dir='ltr'>mala</span> 
     </span>
    </p>
   </div>
   <div class='ocr_carea' id='block_1_75' title="bbox 292 5513 1951 5588">
    <p class='ocr_par' dir='ltr' id='par_1_75' title="bbox 292 5513 1951 5588">
     <span class='ocr_line' id='line_1_75' title="bbox 292 5513 1951 5588; baseline -0.002 -14"><span class='ocrx_word' id='word_1_513' title='bbox 292 5515 632 5587; x_wconf 84' lang='lat' dir='ltr'>cogitantes</span> <span class='ocrx_word' id='word_1_514' title='bbox 667 5514 952 5586; x_wconf 88' lang='lat' dir='ltr'>patienter</span> <span class='ocrx_word' id='word_1_515' title='bbox 967 5513 1248 5587; x_wconf 89' lang='lat' dir='ltr'>equidem</span> <span class='ocrx_word' id='word_1_516' title='bbox 1267 5513 1541 5579; x_wconf 86' lang='lat' dir='ltr'>sustines,</span> <span class='ocrx_word' id='word_1_517' title='bbox 1560 5518 1628 5571; x_wconf 91' lang='lat' dir='ltr'>ut</span> <span class='ocrx_word' id='word_1_518' title='bbox 1644 5531 1751 5588; x_wconf 90' lang='lat' dir='ltr'>pro</span> <span class='ocrx_word' id='word_1_519' title='bbox 1772 5518 1829 5572; x_wconf 88' lang='lat' dir='ltr'>te</span> <span class='ocrx_word' id='word_1_520' title='bbox 1846 5515 1951 5571; x_wconf 83' lang='lat' dir='ltr'>bo-</span> 
     </span>
    </p>
   </div>
   <div class='ocr_carea' id='block_1_76' title="bbox 292 5602 1951 5700">
    <p class='ocr_par' dir='ltr' id='par_1_76' title="bbox 292 5602 1951 5700">
     <span class='ocr_line' id='line_1_76' title="bbox 292 5602 1951 5700; baseline 0.003 -41"><span class='ocrx_word' id='word_1_521' title='bbox 292 5620 448 5700; x_wconf 71' lang='lat' dir='ltr'>num</span> <span class='ocrx_word' id='word_1_522' title='bbox 470 5603 586 5666; x_wconf 83' lang='lat' dir='ltr'>tuis</span> <span class='ocrx_word' id='word_1_523' title='bbox 601 5607 810 5695; x_wconf 77' lang='lat' dir='ltr'>pastor</span> <span class='ocrx_word' id='word_1_524' title='bbox 822 5602 1144 5698; x_wconf 66' lang='lat' dir='ltr'>erremplum</span> <span class='ocrx_word' id='word_1_525' title='bbox 1160 5602 1442 5697; x_wconf 65' lang='lat' dir='ltr'>gregibus</span> <span class='ocrx_word' id='word_1_526' title='bbox 1461 5603 1757 5697; x_wconf 77' lang='lat' dir='ltr'>praeberes</span> <span class='ocrx_word' id='word_1_527' title='bbox 1779 5621 1790 5662; x_wconf 88' lang='lat'><strong><em>:</em></strong></span> <span class='ocrx_word' id='word_1_528' title='bbox 1811 5604 1847 5669; x_wconf 87' lang='lat' dir='ltr'>d</span> <span class='ocrx_word' id='word_1_529' title='bbox 1859 5620 1951 5695; x_wconf 67' lang='lat' dir='ltr'>mn</span> 
     </span>
    </p>
   </div>
   <div class='ocr_carea' id='block_1_77' title="bbox 2069 1883 3716 1955">
    <p class='ocr_par' dir='ltr' id='par_1_77' title="bbox 2069 1883 3716 1955">
     <span class='ocr_line' id='line_1_77' title="bbox 2069 1883 3716 1955; baseline -0.001 -15"><span class='ocrx_word' id='word_1_530' title='bbox 2069 1883 2278 1955; x_wconf 90' lang='lat' dir='ltr'>estqui</span> <span class='ocrx_word' id='word_1_531' title='bbox 2307 1884 2587 1939; x_wconf 82' lang='lat' dir='ltr'>extendat</span> <span class='ocrx_word' id='word_1_532' title='bbox 2612 1884 2766 1939; x_wconf 83' lang='lat' dir='ltr'>ultra</span> <span class='ocrx_word' id='word_1_533' title='bbox 2788 1886 3110 1940; x_wconf 85' lang='lat' dir='ltr'>tentorium</span> <span class='ocrx_word' id='word_1_534' title='bbox 3164 1900 3389 1952; x_wconf 89' lang='lat' dir='ltr'>meum,</span> <span class='ocrx_word' id='word_1_535' title='bbox 3424 1890 3477 1940; x_wconf 91' lang='lat' dir='ltr'>et</span> <span class='ocrx_word' id='word_1_536' title='bbox 3531 1885 3716 1953; x_wconf 87' lang='lat' dir='ltr'>erigat</span> 
     </span>
    </p>
   </div>
   <div class='ocr_carea' id='block_1_78' title="bbox 2066 1971 3717 2044">
    <p class='ocr_par' dir='ltr' id='par_1_78' title="bbox 2066 1971 3717 2044">
     <span class='ocr_line' id='line_1_78' title="bbox 2066 1971 3717 2044; baseline 0 -19"><span class='ocrx_word' id='word_1_537' title='bbox 2066 1971 2249 2043; x_wconf 87' lang='lat' dir='ltr'>pelles</span> <span class='ocrx_word' id='word_1_538' title='bbox 2265 1988 2452 2027; x_wconf 88' lang='lat' dir='ltr'>meas.</span> <span class='ocrx_word' id='word_1_539' title='bbox 2486 1974 2635 2039; x_wconf 85' lang='lat' dir='ltr'>Quia</span> <span class='ocrx_word' id='word_1_540' title='bbox 2665 1972 2838 2029; x_wconf 87' lang='lat' dir='ltr'>stulte</span> <span class='ocrx_word' id='word_1_541' title='bbox 2865 1978 3113 2043; x_wconf 85' lang='lat' dir='ltr'>egerunt</span> <span class='ocrx_word' id='word_1_542' title='bbox 3134 1978 3487 2044; x_wconf 85' lang='lat' dir='ltr'>pastores,et</span> <span class='ocrx_word' id='word_1_543' title='bbox 3514 1972 3717 2026; x_wconf 88' lang='lat' dir='ltr'>Domi-</span> 
     </span>
    </p>
   </div>
   <div class='ocr_carea' id='block_1_79' title="bbox 2066 2062 3717 2134">
    <p class='ocr_par' dir='ltr' id='par_1_79' title="bbox 2066 2062 3717 2134">
     <span class='ocr_line' id='line_1_79' title="bbox 2066 2062 3717 2134; baseline -0.001 -17"><span class='ocrx_word' id='word_1_544' title='bbox 2066 2076 2213 2117; x_wconf 91' lang='lat' dir='ltr'>num</span> <span class='ocrx_word' id='word_1_545' title='bbox 2235 2078 2357 2117; x_wconf 93' lang='lat' dir='ltr'>non</span> <span class='ocrx_word' id='word_1_546' title='bbox 2386 2063 2752 2133; x_wconf 75' lang='lat' dir='ltr'>quaesierunt</span> <span class='ocrx_word' id='word_1_547' title='bbox 2773 2068 3082 2134; x_wconf 87' lang='lat' dir='ltr'>propterea</span> <span class='ocrx_word' id='word_1_548' title='bbox 3110 2078 3234 2119; x_wconf 91' lang='lat' dir='ltr'>non</span> <span class='ocrx_word' id='word_1_549' title='bbox 3282 2062 3717 2130; x_wconf 84' lang='lat' dir='ltr'>intellexerunt,</span> 
     </span>
    </p>
   </div>
   <div class='ocr_carea' id='block_1_80' title="bbox 2066 2149 3720 2221">
    <p class='ocr_par' dir='ltr' id='par_1_80' title="bbox 2066 2149 3720 2221">
     <span class='ocr_line' id='line_1_80' title="bbox 2066 2149 3720 2221; baseline 0.001 -18"><span class='ocrx_word' id='word_1_550' title='bbox 2066 2154 2122 2204; x_wconf 91' lang='lat' dir='ltr'>et</span> <span class='ocrx_word' id='word_1_551' title='bbox 2151 2149 2349 2205; x_wconf 90' lang='lat' dir='ltr'>omnis</span> <span class='ocrx_word' id='word_1_552' title='bbox 2378 2165 2519 2220; x_wconf 81' lang='lat' dir='ltr'>grex</span> <span class='ocrx_word' id='word_1_553' title='bbox 2542 2166 2752 2205; x_wconf 92' lang='lat' dir='ltr'>eorum</span> <span class='ocrx_word' id='word_1_554' title='bbox 2784 2150 3093 2221; x_wconf 88' lang='lat' dir='ltr'>dispersus</span> <span class='ocrx_word' id='word_1_555' title='bbox 3133 2154 3247 2208; x_wconf 89' lang='lat' dir='ltr'>esl.</span> <span class='ocrx_word' id='word_1_556' title='bbox 3284 2152 3409 2205; x_wconf 77' lang='lat' dir='ltr'>Vox</span> <span class='ocrx_word' id='word_1_557' title='bbox 3465 2150 3720 2205; x_wconf 87' lang='lat' dir='ltr'>auditio-</span> 
     </span>
    </p>
   </div>
   <div class='ocr_carea' id='block_1_81' title="bbox 2064 2237 3719 2309">
    <p class='ocr_par' dir='ltr' id='par_1_81' title="bbox 2064 2237 3719 2309">
     <span class='ocr_line' id='line_1_81' title="bbox 2064 2237 3719 2309; baseline -0.001 -17"><span class='ocrx_word' id='word_1_558' title='bbox 2064 2237 2157 2292; x_wconf 91' lang='lat' dir='ltr'>nis</span> <span class='ocrx_word' id='word_1_559' title='bbox 2181 2253 2316 2293; x_wconf 90' lang='lat' dir='ltr'>ecce</span> <span class='ocrx_word' id='word_1_560' title='bbox 2356 2238 2534 2304; x_wconf 89' lang='lat' dir='ltr'>venit,</span> <span class='ocrx_word' id='word_1_561' title='bbox 2565 2243 2620 2293; x_wconf 89' lang='lat' dir='ltr'>et</span> <span class='ocrx_word' id='word_1_562' title='bbox 2646 2238 2971 2294; x_wconf 88' lang='lat' dir='ltr'>commotio</span> <span class='ocrx_word' id='word_1_563' title='bbox 2993 2252 3220 2308; x_wconf 78' lang='lat' dir='ltr'>magna</span> <span class='ocrx_word' id='word_1_564' title='bbox 3241 2238 3314 2292; x_wconf 91' lang='lat' dir='ltr'>de</span> <span class='ocrx_word' id='word_1_565' title='bbox 3341 2242 3498 2293; x_wconf 87' lang='lat' dir='ltr'>terra</span> <span class='ocrx_word' id='word_1_566' title='bbox 3538 2238 3719 2309; x_wconf 86' lang='lat' dir='ltr'>Aqui-</span> 
     </span>
    </p>
   </div>
   <div class='ocr_carea' id='block_1_82' title="bbox 2062 2325 3718 2398">
    <p class='ocr_par' dir='ltr' id='par_1_82' title="bbox 2062 2325 3718 2398">
     <span class='ocr_line' id='line_1_82' title="bbox 2062 2325 3718 2398; baseline 0.001 -17"><span class='ocrx_word' id='word_1_567' title='bbox 2062 2325 2216 2382; x_wconf 92' lang='lat' dir='ltr'>lonis</span> <span class='ocrx_word' id='word_1_568' title='bbox 2248 2344 2261 2381; x_wconf 91' lang='lat'>:</span> <span class='ocrx_word' id='word_1_569' title='bbox 2294 2331 2356 2381; x_wconf 87' lang='lat' dir='ltr'>ut</span> <span class='ocrx_word' id='word_1_570' title='bbox 2378 2331 2561 2398; x_wconf 89' lang='lat' dir='ltr'>ponat</span> <span class='ocrx_word' id='word_1_571' title='bbox 2585 2326 2853 2383; x_wconf 86' lang='lat' dir='ltr'>civitates</span> <span class='ocrx_word' id='word_1_572' title='bbox 2880 2326 3034 2382; x_wconf 85' lang='lat' dir='ltr'>Juda</span> <span class='ocrx_word' id='word_1_573' title='bbox 3082 2325 3482 2393; x_wconf 89' lang='lat' dir='ltr'>solitudinem,</span> <span class='ocrx_word' id='word_1_574' title='bbox 3512 2330 3566 2382; x_wconf 93' lang='lat' dir='ltr'>et</span> <span class='ocrx_word' id='word_1_575' title='bbox 3611 2326 3718 2382; x_wconf 92' lang='lat' dir='ltr'>ha-</span> 
     </span>
    </p>
   </div>
   <div class='ocr_carea' id='block_1_83' title="bbox 2061 2414 3717 2485">
    <p class='ocr_par' dir='ltr' id='par_1_83' title="bbox 2061 2414 3717 2485">
     <span class='ocr_line' id='line_1_83' title="bbox 2061 2414 3717 2485; baseline -0.001 -15"><span class='ocrx_word' id='word_1_576' title='bbox 2061 2414 2389 2471; x_wconf 92' lang='lat' dir='ltr'>bitaculum</span> <span class='ocrx_word' id='word_1_577' title='bbox 2415 2415 2770 2471; x_wconf 89' lang='lat' dir='ltr'>draconum.</span> <span class='ocrx_word' id='word_1_578' title='bbox 2804 2415 3091 2485; x_wconf 86' lang='lat' dir='ltr'>(Cap.x1.)</span> <span class='ocrx_word' id='word_1_579' title='bbox 3114 2414 3325 2470; x_wconf 84' lang='lat' dir='ltr'>Audite</span> <span class='ocrx_word' id='word_1_580' title='bbox 3347 2414 3532 2471; x_wconf 92' lang='lat' dir='ltr'>verba</span> <span class='ocrx_word' id='word_1_581' title='bbox 3556 2414 3717 2485; x_wconf 89' lang='lat' dir='ltr'>pacti</span> 
     </span>
    </p>
   </div>
   <div class='ocr_carea' id='block_1_84' title="bbox 2061 2502 3718 2575">
    <p class='ocr_par' dir='ltr' id='par_1_84' title="bbox 2061 2502 3718 2575">
     <span class='ocr_line' id='line_1_84' title="bbox 2061 2502 3718 2575; baseline -0.001 -17"><span class='ocrx_word' id='word_1_582' title='bbox 2061 2503 2262 2574; x_wconf 89' lang='lat' dir='ltr'>hujus,</span> <span class='ocrx_word' id='word_1_583' title='bbox 2292 2503 2685 2575; x_wconf 91' lang='lat' dir='ltr'>etloquimini</span> <span class='ocrx_word' id='word_1_584' title='bbox 2719 2503 2795 2559; x_wconf 90' lang='lat' dir='ltr'>ad</span> <span class='ocrx_word' id='word_1_585' title='bbox 2826 2504 2987 2558; x_wconf 90' lang='lat' dir='ltr'>viros</span> <span class='ocrx_word' id='word_1_586' title='bbox 3009 2503 3035 2557; x_wconf 90' lang='lat' dir='ltr'>J</span> <span class='ocrx_word' id='word_1_587' title='bbox 3046 2503 3186 2568; x_wconf 90' lang='lat' dir='ltr'>uda,</span> <span class='ocrx_word' id='word_1_588' title='bbox 3220 2506 3277 2558; x_wconf 89' lang='lat' dir='ltr'>et</span> <span class='ocrx_word' id='word_1_589' title='bbox 3317 2503 3394 2559; x_wconf 87' lang='lat' dir='ltr'>ad</span> <span class='ocrx_word' id='word_1_590' title='bbox 3422 2502 3718 2559; x_wconf 90' lang='lat' dir='ltr'>habitato-</span> 
     </span>
    </p>
   </div>
   <div class='ocr_carea' id='block_1_85' title="bbox 2060 2590 3716 2657">
    <p class='ocr_par' dir='ltr' id='par_1_85' title="bbox 2060 2590 3716 2657">
     <span class='ocr_line' id='line_1_85' title="bbox 2060 2590 3716 2657; baseline -0.001 -10"><span class='ocrx_word' id='word_1_591' title='bbox 2060 2606 2154 2647; x_wconf 92' lang='lat' dir='ltr'>res</span> <span class='ocrx_word' id='word_1_592' title='bbox 2183 2591 2571 2657; x_wconf 82' lang='lat' dir='ltr'>Hierusalem,</span> <span class='ocrx_word' id='word_1_593' title='bbox 2596 2592 2833 2647; x_wconf 91' lang='lat' dir='ltr'>etdices</span> <span class='ocrx_word' id='word_1_594' title='bbox 2884 2591 2961 2647; x_wconf 92' lang='lat' dir='ltr'>ad</span> <span class='ocrx_word' id='word_1_595' title='bbox 2993 2607 3131 2646; x_wconf 90' lang='lat' dir='ltr'>eos:</span> <span class='ocrx_word' id='word_1_596' title='bbox 3168 2594 3302 2648; x_wconf 72' lang='lat' dir='ltr'>Hzec</span> <span class='ocrx_word' id='word_1_597' title='bbox 3340 2591 3482 2647; x_wconf 91' lang='lat' dir='ltr'>dicit</span> <span class='ocrx_word' id='word_1_598' title='bbox 3512 2590 3716 2646; x_wconf 93' lang='lat' dir='ltr'>Domi-</span> 
     </span>
    </p>
   </div>
   <div class='ocr_carea' id='block_1_86' title="bbox 2060 2680 3718 2753">
    <p class='ocr_par' dir='ltr' id='par_1_86' title="bbox 2060 2680 3718 2753">
     <span class='ocr_line' id='line_1_86' title="bbox 2060 2680 3718 2753; baseline 0 -18"><span class='ocrx_word' id='word_1_599' title='bbox 2060 2695 2175 2735; x_wconf 92' lang='lat' dir='ltr'>nus</span> <span class='ocrx_word' id='word_1_600' title='bbox 2196 2684 2346 2736; x_wconf 90' lang='lat' dir='ltr'>Deus</span> <span class='ocrx_word' id='word_1_601' title='bbox 2372 2681 2554 2737; x_wconf 90' lang='lat' dir='ltr'>Israel</span> <span class='ocrx_word' id='word_1_602' title='bbox 2580 2700 2591 2739; x_wconf 91' lang='lat'>:</span> <span class='ocrx_word' id='word_1_603' title='bbox 2614 2680 2954 2737; x_wconf 81' lang='lat' dir='ltr'>Maledictus</span> <span class='ocrx_word' id='word_1_604' title='bbox 2986 2681 3092 2746; x_wconf 89' lang='lat' dir='ltr'>vir,</span> <span class='ocrx_word' id='word_1_605' title='bbox 3124 2681 3229 2753; x_wconf 89' lang='lat' dir='ltr'>qui</span> <span class='ocrx_word' id='word_1_606' title='bbox 3286 2696 3407 2737; x_wconf 93' lang='lat' dir='ltr'>non</span> <span class='ocrx_word' id='word_1_607' title='bbox 3463 2680 3718 2737; x_wconf 89' lang='lat' dir='ltr'>audierit</span> 
     </span>
    </p>
   </div>
   <div class='ocr_carea' id='block_1_87' title="bbox 2059 2768 3714 2840">
    <p class='ocr_par' dir='ltr' id='par_1_87' title="bbox 2059 2768 3714 2840">
     <span class='ocr_line' id='line_1_87' title="bbox 2059 2768 3714 2840; baseline -0.001 -15"><span class='ocrx_word' id='word_1_608' title='bbox 2059 2769 2242 2837; x_wconf 80' lang='lat' dir='ltr'>verba</span> <span class='ocrx_word' id='word_1_609' title='bbox 2259 2770 2417 2840; x_wconf 87' lang='lat' dir='ltr'>pacti</span> <span class='ocrx_word' id='word_1_610' title='bbox 2440 2768 2806 2840; x_wconf 89' lang='lat' dir='ltr'>hujus,quod</span> <span class='ocrx_word' id='word_1_611' title='bbox 2828 2769 3086 2840; x_wconf 71' lang='lat' dir='ltr'>praecepi</span> <span class='ocrx_word' id='word_1_612' title='bbox 3114 2768 3387 2839; x_wconf 88' lang='lat' dir='ltr'>patribus</span> <span class='ocrx_word' id='word_1_613' title='bbox 3414 2768 3625 2823; x_wconf 88' lang='lat' dir='ltr'>vestris</span> <span class='ocrx_word' id='word_1_614' title='bbox 3656 2768 3714 2823; x_wconf 92' lang='lat' dir='ltr'>in</span> 
     </span>
    </p>
   </div>
   <div class='ocr_carea' id='block_1_88' title="bbox 2059 2856 3715 2929">
    <p class='ocr_par' dir='ltr' id='par_1_88' title="bbox 2059 2856 3715 2929">
     <span class='ocr_line' id='line_1_88' title="bbox 2059 2856 3715 2929; baseline -0.002 -14"><span class='ocrx_word' id='word_1_615' title='bbox 2059 2858 2175 2923; x_wconf 91' lang='lat' dir='ltr'>die,</span> <span class='ocrx_word' id='word_1_616' title='bbox 2204 2873 2326 2929; x_wconf 90' lang='lat' dir='ltr'>qua</span> <span class='ocrx_word' id='word_1_617' title='bbox 2353 2857 2532 2913; x_wconf 84' lang='lat' dir='ltr'>eduxi</span> <span class='ocrx_word' id='word_1_618' title='bbox 2560 2873 2661 2913; x_wconf 91' lang='lat' dir='ltr'>eos</span> <span class='ocrx_word' id='word_1_619' title='bbox 2690 2856 2765 2912; x_wconf 94' lang='lat' dir='ltr'>de</span> <span class='ocrx_word' id='word_1_620' title='bbox 2824 2861 2979 2912; x_wconf 89' lang='lat' dir='ltr'>terra</span> <span class='ocrx_word' id='word_1_621' title='bbox 3028 2856 3285 2928; x_wconf 64' lang='lat' dir='ltr'>Egypti,</span> <span class='ocrx_word' id='word_1_622' title='bbox 3343 2856 3418 2911; x_wconf 91' lang='lat' dir='ltr'>de</span> <span class='ocrx_word' id='word_1_623' title='bbox 3474 2856 3715 2912; x_wconf 83' lang='lat' dir='ltr'>fornace</span> 
     </span>
    </p>
   </div>
   <div class='ocr_carea' id='block_1_89' title="bbox 2058 2944 3715 3014">
    <p class='ocr_par' dir='ltr' id='par_1_89' title="bbox 2058 2944 3715 3014">
     <span class='ocr_line' id='line_1_89' title="bbox 2058 2944 3715 3014; baseline -0.001 -14"><span class='ocrx_word' id='word_1_624' title='bbox 2058 2945 2269 3014; x_wconf 90' lang='lat' dir='ltr'>ferrea,</span> <span class='ocrx_word' id='word_1_625' title='bbox 2298 2945 2535 3000; x_wconf 89' lang='lat' dir='ltr'>dicens:</span> <span class='ocrx_word' id='word_1_626' title='bbox 2562 2944 2773 3000; x_wconf 87' lang='lat' dir='ltr'>Audite</span> <span class='ocrx_word' id='word_1_627' title='bbox 2798 2960 3008 3001; x_wconf 90' lang='lat' dir='ltr'>vocem</span> <span class='ocrx_word' id='word_1_628' title='bbox 3050 2960 3270 3009; x_wconf 89' lang='lat' dir='ltr'>meam,</span> <span class='ocrx_word' id='word_1_629' title='bbox 3303 2949 3360 3000; x_wconf 89' lang='lat' dir='ltr'>et</span> <span class='ocrx_word' id='word_1_630' title='bbox 3388 2944 3559 3000; x_wconf 90' lang='lat' dir='ltr'>facite</span> <span class='ocrx_word' id='word_1_631' title='bbox 3589 2959 3715 2999; x_wconf 91' lang='lat' dir='ltr'>om-</span> 
     </span>
    </p>
   </div>
   <div class='ocr_carea' id='block_1_90' title="bbox 2058 3031 3713 3107">
    <p class='ocr_par' dir='ltr' id='par_1_90' title="bbox 2058 3031 3713 3107">
     <span class='ocr_line' id='line_1_90' title="bbox 2058 3031 3713 3107; baseline -0.002 -17"><span class='ocrx_word' id='word_1_632' title='bbox 2058 3034 2158 3091; x_wconf 90' lang='lat' dir='ltr'>nia</span> <span class='ocrx_word' id='word_1_633' title='bbox 2190 3050 2325 3107; x_wconf 75' lang='lat' dir='ltr'>quae</span> <span class='ocrx_word' id='word_1_634' title='bbox 2352 3032 2821 3105; x_wconf 87' lang='lat' dir='ltr'>praecepivobis,</span> <span class='ocrx_word' id='word_1_635' title='bbox 2846 3033 3080 3089; x_wconf 89' lang='lat' dir='ltr'>eteritis</span> <span class='ocrx_word' id='word_1_636' title='bbox 3116 3032 3263 3088; x_wconf 90' lang='lat' dir='ltr'>mihi</span> <span class='ocrx_word' id='word_1_637' title='bbox 3285 3033 3346 3088; x_wconf 92' lang='lat' dir='ltr'>in</span> <span class='ocrx_word' id='word_1_638' title='bbox 3398 3031 3713 3104; x_wconf 87' lang='lat' dir='ltr'>populum,</span> 
     </span>
    </p>
   </div>
   <div class='ocr_carea' id='block_1_91' title="bbox 2058 3122 3247 3193">
    <p class='ocr_par' dir='ltr' id='par_1_91' title="bbox 2058 3122 3247 3193">
     <span class='ocr_line' id='line_1_91' title="bbox 2058 3122 3247 3193; baseline -0.004 -13"><span class='ocrx_word' id='word_1_639' title='bbox 2058 3129 2115 3180; x_wconf 91' lang='lat' dir='ltr'>et</span> <span class='ocrx_word' id='word_1_640' title='bbox 2133 3138 2245 3193; x_wconf 90' lang='lat' dir='ltr'>ego</span> <span class='ocrx_word' id='word_1_641' title='bbox 2272 3138 2372 3180; x_wconf 92' lang='lat' dir='ltr'>ero</span> <span class='ocrx_word' id='word_1_642' title='bbox 2401 3122 2575 3178; x_wconf 88' lang='lat' dir='ltr'>vobis</span> <span class='ocrx_word' id='word_1_643' title='bbox 2606 3123 2667 3177; x_wconf 92' lang='lat' dir='ltr'>in</span> <span class='ocrx_word' id='word_1_644' title='bbox 2694 3123 2902 3177; x_wconf 91' lang='lat' dir='ltr'>Deum.</span> <span class='ocrx_word' id='word_1_645' title='bbox 2933 3132 2996 3187; x_wconf 66' lang='grc' dir='ltr'>Βί.</span> <span class='ocrx_word' id='word_1_646' title='bbox 3044 3130 3247 3177; x_wconf 87' lang='lat' dir='ltr'>Amen.</span> 
     </span>
    </p>
   </div>
   <div class='ocr_carea' id='block_1_92' title="bbox 2127 3209 3715 3282">
    <p class='ocr_par' dir='ltr' id='par_1_92' title="bbox 2127 3209 3715 3282">
     <span class='ocr_line' id='line_1_92' title="bbox 2127 3209 3715 3282; baseline -0.002 -14"><span class='ocrx_word' id='word_1_647' title='bbox 2127 3212 2480 3281; x_wconf 83' lang='lat' dir='ltr'>Antiphona</span> <span class='ocrx_word' id='word_1_648' title='bbox 2511 3216 2555 3266; x_wconf 87' lang='grc' dir='ltr'><strong>Ι.</strong></span> <span class='ocrx_word' id='word_1_649' title='bbox 2581 3212 2807 3281; x_wconf 78' lang='lat' dir='ltr'>Augeat</span> <span class='ocrx_word' id='word_1_650' title='bbox 2840 3210 3127 3267; x_wconf 86' lang='lat' dir='ltr'>Dominus</span> <span class='ocrx_word' id='word_1_651' title='bbox 3154 3209 3395 3282; x_wconf 89' lang='lat' dir='ltr'>plebem</span> <span class='ocrx_word' id='word_1_652' title='bbox 3431 3225 3628 3273; x_wconf 88' lang='lat' dir='ltr'>suam,</span> <span class='ocrx_word' id='word_1_653' title='bbox 3660 3214 3715 3265; x_wconf 89' lang='lat' dir='ltr'>et</span> 
     </span>
    </p>
   </div>
   <div class='ocr_carea' id='block_1_93' title="bbox 2057 3297 3706 3373">
    <p class='ocr_par' dir='ltr' id='par_1_93' title="bbox 2057 3297 3706 3373">
     <span class='ocr_line' id='line_1_93' title="bbox 2057 3297 3706 3373; baseline -0.001 -16"><span class='ocrx_word' id='word_1_654' title='bbox 2057 3300 2409 3373; x_wconf 90' lang='lat' dir='ltr'>multiplicet</span> <span class='ocrx_word' id='word_1_655' title='bbox 2428 3316 2562 3355; x_wconf 91' lang='lat' dir='ltr'>eam</span> <span class='ocrx_word' id='word_1_656' title='bbox 2594 3300 2653 3354; x_wconf 93' lang='lat' dir='ltr'>in</span> <span class='ocrx_word' id='word_1_657' title='bbox 2679 3298 2884 3355; x_wconf 87' lang='lat' dir='ltr'>multis</span> <span class='ocrx_word' id='word_1_658' title='bbox 2921 3298 3186 3354; x_wconf 90' lang='lat' dir='ltr'>millibus</span> <span class='ocrx_word' id='word_1_659' title='bbox 3217 3297 3604 3371; x_wconf 89' lang='lat' dir='ltr'>populorum.</span> <span class='ocrx_word' id='word_1_660' title='bbox 3638 3298 3706 3359; x_wconf 53' lang='grc' dir='ltr'>ἲν.</span> 
     </span>
    </p>
   </div>
   <div class='ocr_carea' id='block_1_94' title="bbox 2057 3386 3715 3459">
    <p class='ocr_par' dir='ltr' id='par_1_94' title="bbox 2057 3386 3715 3459">
     <span class='ocr_line' id='line_1_94' title="bbox 2057 3386 3715 3459; baseline -0.003 -11"><span class='ocrx_word' id='word_1_661' title='bbox 2057 3390 2460 3448; x_wconf 87' lang='lat' dir='ltr'>Conﬁteantur</span> <span class='ocrx_word' id='word_1_662' title='bbox 2488 3388 2732 3445; x_wconf 90' lang='lat' dir='ltr'>Domino</span> <span class='ocrx_word' id='word_1_663' title='bbox 2752 3386 3204 3444; x_wconf 89' lang='lat' dir='ltr'>misericordias</span> <span class='ocrx_word' id='word_1_664' title='bbox 3262 3387 3425 3459; x_wconf 89' lang='lat' dir='ltr'>ejus:</span> <span class='ocrx_word' id='word_1_665' title='bbox 3451 3390 3509 3445; x_wconf 89' lang='lat' dir='ltr'>et</span> <span class='ocrx_word' id='word_1_666' title='bbox 3537 3386 3715 3443; x_wconf 91' lang='lat' dir='ltr'>mira-</span> 
     </span>
    </p>
   </div>
   <div class='ocr_carea' id='block_1_95' title="bbox 2052 3477 2894 3550">
    <p class='ocr_par' dir='ltr' id='par_1_95' title="bbox 2052 3477 2894 3550">
     <span class='ocr_line' id='line_1_95' title="bbox 2052 3477 2894 3550; baseline -0.002 -13"><span class='ocrx_word' id='word_1_667' title='bbox 2052 3479 2197 3537; x_wconf 88' lang='lat' dir='ltr'>bilia</span> <span class='ocrx_word' id='word_1_668' title='bbox 2225 3479 2356 3550; x_wconf 91' lang='lat' dir='ltr'>ejus</span> <span class='ocrx_word' id='word_1_669' title='bbox 2380 3477 2522 3533; x_wconf 90' lang='lat' dir='ltr'>ﬁliis</span> <span class='ocrx_word' id='word_1_670' title='bbox 2549 3477 2894 3535; x_wconf 89' lang='lat' dir='ltr'>hominum.</span> 
     </span>
    </p>
   </div>
   <div class='ocr_carea' id='block_1_96' title="bbox 2128 3565 3709 3638">
    <p class='ocr_par' dir='ltr' id='par_1_96' title="bbox 2128 3565 3709 3638">
     <span class='ocr_line' id='line_1_96' title="bbox 2128 3565 3709 3638; baseline -0.003 -14"><span class='ocrx_word' id='word_1_671' title='bbox 2128 3568 2356 3624; x_wconf 83' lang='lat' dir='ltr'>Oratio.</span> <span class='ocrx_word' id='word_1_672' title='bbox 2389 3571 2573 3637; x_wconf 88' lang='lat' dir='ltr'>Auge,</span> <span class='ocrx_word' id='word_1_673' title='bbox 2614 3566 2882 3627; x_wconf 90' lang='lat' dir='ltr'>Domine,</span> <span class='ocrx_word' id='word_1_674' title='bbox 2932 3566 3227 3638; x_wconf 88' lang='lat' dir='ltr'>populum</span> <span class='ocrx_word' id='word_1_675' title='bbox 3281 3570 3451 3621; x_wconf 89' lang='lat' dir='ltr'>tuum</span> <span class='ocrx_word' id='word_1_676' title='bbox 3510 3565 3709 3635; x_wconf 91' lang='lat' dir='ltr'>nimis,</span> 
     </span>
    </p>
   </div>
   <div class='ocr_carea' id='block_1_97' title="bbox 2053 3653 3711 3729">
    <p class='ocr_par' dir='ltr' id='par_1_97' title="bbox 2053 3653 3711 3729">
     <span class='ocr_line' id='line_1_97' title="bbox 2053 3653 3711 3729; baseline -0.003 -16"><span class='ocrx_word' id='word_1_677' title='bbox 2053 3672 2313 3729; x_wconf 90' lang='lat' dir='ltr'>cumque</span> <span class='ocrx_word' id='word_1_678' title='bbox 2342 3655 2436 3711; x_wconf 91' lang='lat' dir='ltr'>vel</span> <span class='ocrx_word' id='word_1_679' title='bbox 2463 3654 2805 3720; x_wconf 89' lang='lat' dir='ltr'>meritis,vel</span> <span class='ocrx_word' id='word_1_680' title='bbox 2835 3653 3016 3709; x_wconf 89' lang='lat' dir='ltr'>rebus</span> <span class='ocrx_word' id='word_1_681' title='bbox 3046 3654 3276 3714; x_wconf 86' lang='lat' dir='ltr'>exalta:</span> <span class='ocrx_word' id='word_1_682' title='bbox 3317 3659 3398 3719; x_wconf 88' lang='lat' dir='ltr'>ut,</span> <span class='ocrx_word' id='word_1_683' title='bbox 3419 3654 3523 3726; x_wconf 91' lang='lat' dir='ltr'>qui</span> <span class='ocrx_word' id='word_1_684' title='bbox 3562 3654 3711 3709; x_wconf 87' lang='lat' dir='ltr'>invi-</span> 
     </span>
    </p>
   </div>
   <div class='ocr_carea' id='block_1_98' title="bbox 2053 3742 3710 3815">
    <p class='ocr_par' dir='ltr' id='par_1_98' title="bbox 2053 3742 3710 3815">
     <span class='ocr_line' id='line_1_98' title="bbox 2053 3742 3710 3815; baseline -0.002 -14"><span class='ocrx_word' id='word_1_685' title='bbox 2053 3746 2270 3801; x_wconf 90' lang='lat' dir='ltr'>dorum</span> <span class='ocrx_word' id='word_1_686' title='bbox 2301 3743 2580 3799; x_wconf 91' lang='lat' dir='ltr'>dentibus</span> <span class='ocrx_word' id='word_1_687' title='bbox 2614 3742 2985 3811; x_wconf 88' lang='lat' dir='ltr'>mordemur,</span> <span class='ocrx_word' id='word_1_688' title='bbox 3013 3742 3307 3799; x_wconf 87' lang='lat' dir='ltr'>feliciores</span> <span class='ocrx_word' id='word_1_689' title='bbox 3335 3757 3593 3815; x_wconf 91' lang='lat' dir='ltr'>semper,</span> <span class='ocrx_word' id='word_1_690' title='bbox 3657 3746 3710 3798; x_wconf 90' lang='lat' dir='ltr'>te</span> 
     </span>
    </p>
   </div>
   <div class='ocr_carea' id='block_1_99' title="bbox 2053 3832 3177 3905">
    <p class='ocr_par' dir='ltr' id='par_1_99' title="bbox 2053 3832 3177 3905">
     <span class='ocr_line' id='line_1_99' title="bbox 2053 3832 3177 3905; baseline -0.004 -16"><span class='ocrx_word' id='word_1_691' title='bbox 2053 3832 2434 3905; x_wconf 88' lang='lat' dir='ltr'>propitiante,</span> <span class='ocrx_word' id='word_1_692' title='bbox 2468 3835 2832 3901; x_wconf 82' lang='lat' dir='ltr'>constemus.</span> <span class='ocrx_word' id='word_1_693' title='bbox 2858 3842 2926 3901; x_wconf 64' lang='lat' dir='ltr'>nr.</span> <span class='ocrx_word' id='word_1_694' title='bbox 2968 3835 3177 3887; x_wconf 92' lang='lat' dir='ltr'>Amen.</span> 
     </span>
    </p>
   </div>
   <div class='ocr_carea' id='block_1_100' title="bbox 2125 3917 3712 3991">
    <p class='ocr_par' dir='ltr' id='par_1_100' title="bbox 2125 3917 3712 3991">
     <span class='ocr_line' id='line_1_100' title="bbox 2125 3917 3712 3991; baseline 0.001 -17"><span class='ocrx_word' id='word_1_695' title='bbox 2125 3920 2496 3988; x_wconf 78' lang='lat' dir='ltr'>Antiphona.</span> <span class='ocrx_word' id='word_1_696' title='bbox 2525 3923 2558 3973; x_wconf 75' lang='lat'><strong>2</strong></span> <span class='ocrx_word' id='word_1_697' title='bbox 2588 3921 2899 3983; x_wconf 68' lang='lat' dir='ltr'>Lietentur,</span> <span class='ocrx_word' id='word_1_698' title='bbox 2939 3918 3193 3984; x_wconf 86' lang='lat' dir='ltr'>Domine,</span> <span class='ocrx_word' id='word_1_699' title='bbox 3248 3933 3428 3989; x_wconf 90' lang='lat' dir='ltr'>super</span> <span class='ocrx_word' id='word_1_700' title='bbox 3471 3917 3712 3991; x_wconf 88' lang='lat' dir='ltr'>eloquia</span> 
     </span>
    </p>
   </div>
   <div class='ocr_carea' id='block_1_101' title="bbox 2054 4005 3713 4079">
    <p class='ocr_par' dir='ltr' id='par_1_101' title="bbox 2054 4005 3713 4079">
     <span class='ocr_line' id='line_1_101' title="bbox 2054 4005 3713 4079; baseline -0.001 -16"><span class='ocrx_word' id='word_1_701' title='bbox 2054 4012 2159 4063; x_wconf 92' lang='lat' dir='ltr'>tua</span> <span class='ocrx_word' id='word_1_702' title='bbox 2184 4024 2194 4063; x_wconf 92' lang='lat'><strong>:</strong></span> <span class='ocrx_word' id='word_1_703' title='bbox 2223 4006 2496 4079; x_wconf 88' lang='lat' dir='ltr'>sicutqui</span> <span class='ocrx_word' id='word_1_704' title='bbox 2529 4006 2756 4061; x_wconf 85' lang='lat' dir='ltr'>invenit</span> <span class='ocrx_word' id='word_1_705' title='bbox 2777 4005 2970 4077; x_wconf 90' lang='lat' dir='ltr'>spolia</span> <span class='ocrx_word' id='word_1_706' title='bbox 2991 4006 3345 4066; x_wconf 77' lang='lat' dir='ltr'>multa.V.Et</span> <span class='ocrx_word' id='word_1_707' title='bbox 3378 4007 3713 4062; x_wconf 86' lang='lat' dir='ltr'>sacriﬁcent</span> 
     </span>
    </p>
   </div>
   <div class='ocr_carea' id='block_1_102' title="bbox 2055 4093 3709 4164">
    <p class='ocr_par' dir='ltr' id='par_1_102' title="bbox 2055 4093 3709 4164">
     <span class='ocr_line' id='line_1_102' title="bbox 2055 4093 3709 4164; baseline -0.001 -13"><span class='ocrx_word' id='word_1_708' title='bbox 2055 4094 2411 4151; x_wconf 86' lang='lat' dir='ltr'>sacriﬁcium</span> <span class='ocrx_word' id='word_1_709' title='bbox 2435 4093 2630 4148; x_wconf 88' lang='lat' dir='ltr'>laudis</span> <span class='ocrx_word' id='word_1_710' title='bbox 2655 4110 2667 4144; x_wconf 90' lang='lat'><strong>:</strong></span> <span class='ocrx_word' id='word_1_711' title='bbox 2692 4097 2749 4147; x_wconf 90' lang='lat' dir='ltr'>et</span> <span class='ocrx_word' id='word_1_712' title='bbox 2772 4093 3158 4164; x_wconf 84' lang='lat' dir='ltr'>pronuntient</span> <span class='ocrx_word' id='word_1_713' title='bbox 3181 4108 3366 4164; x_wconf 82' lang='lat' dir='ltr'>opera</span> <span class='ocrx_word' id='word_1_714' title='bbox 3390 4093 3519 4163; x_wconf 90' lang='lat' dir='ltr'>ejus</span> <span class='ocrx_word' id='word_1_715' title='bbox 3536 4094 3596 4148; x_wconf 93' lang='lat' dir='ltr'>in</span> <span class='ocrx_word' id='word_1_716' title='bbox 3613 4110 3709 4150; x_wconf 80' lang='lat' dir='ltr'>ex-</span> 
     </span>
    </p>
   </div>
   <div class='ocr_carea' id='block_1_103' title="bbox 2054 4182 2365 4238">
    <p class='ocr_par' dir='ltr' id='par_1_103' title="bbox 2054 4182 2365 4238">
     <span class='ocr_line' id='line_1_103' title="bbox 2054 4182 2365 4238; baseline -0.003 0"><span class='ocrx_word' id='word_1_717' title='bbox 2054 4182 2365 4238; x_wconf 89' lang='lat' dir='ltr'>ultatione.</span> 
     </span>
    </p>
   </div>
   <div class='ocr_carea' id='block_1_104' title="bbox 2128 4268 3709 4343">
    <p class='ocr_par' dir='ltr' id='par_1_104' title="bbox 2128 4268 3709 4343">
     <span class='ocr_line' id='line_1_104' title="bbox 2128 4268 3709 4343; baseline -0.001 -16"><span class='ocrx_word' id='word_1_718' title='bbox 2128 4269 3147 4341; x_wconf 86' lang='lat' dir='ltr'>0ratio.Laetentur,Domine,super</span> <span class='ocrx_word' id='word_1_719' title='bbox 3169 4268 3407 4342; x_wconf 90' lang='lat' dir='ltr'>eloquia</span> <span class='ocrx_word' id='word_1_720' title='bbox 3426 4274 3551 4337; x_wconf 90' lang='lat' dir='ltr'>tua,</span> <span class='ocrx_word' id='word_1_721' title='bbox 3572 4286 3709 4343; x_wconf 65' lang='lat' dir='ltr'>quas</span> 
     </span>
    </p>
   </div>
   <div class='ocr_carea' id='block_1_105' title="bbox 2055 4357 3707 4433">
    <p class='ocr_par' dir='ltr' id='par_1_105' title="bbox 2055 4357 3707 4433">
     <span class='ocr_line' id='line_1_105' title="bbox 2055 4357 3707 4433; baseline -0.002 -18"><span class='ocrx_word' id='word_1_722' title='bbox 2055 4374 2233 4433; x_wconf 89' lang='lat' dir='ltr'>super</span> <span class='ocrx_word' id='word_1_723' title='bbox 2244 4358 2360 4414; x_wconf 92' lang='lat' dir='ltr'>mel</span> <span class='ocrx_word' id='word_1_724' title='bbox 2383 4364 2439 4415; x_wconf 91' lang='lat' dir='ltr'>et</span> <span class='ocrx_word' id='word_1_725' title='bbox 2456 4358 2664 4413; x_wconf 87' lang='lat' dir='ltr'>favum</span> <span class='ocrx_word' id='word_1_726' title='bbox 2678 4362 2815 4413; x_wconf 91' lang='lat' dir='ltr'>sunt</span> <span class='ocrx_word' id='word_1_727' title='bbox 2835 4357 3032 4414; x_wconf 91' lang='lat' dir='ltr'>dulcia</span> <span class='ocrx_word' id='word_1_728' title='bbox 3054 4375 3067 4413; x_wconf 87' lang='lat'><strong>:</strong></span> <span class='ocrx_word' id='word_1_729' title='bbox 3090 4358 3344 4426; x_wconf 84' lang='lat' dir='ltr'>qualiter</span> <span class='ocrx_word' id='word_1_730' title='bbox 3366 4358 3542 4415; x_wconf 89' lang='lat' dir='ltr'>nobis</span> <span class='ocrx_word' id='word_1_731' title='bbox 3562 4364 3707 4415; x_wconf 88' lang='lat' dir='ltr'>tem-</span> 
     </span>
    </p>
   </div>
   <div class='ocr_carea' id='block_1_106' title="bbox 2052 4446 3707 4523">
    <p class='ocr_par' dir='ltr' id='par_1_106' title="bbox 2052 4446 3707 4523">
     <span class='ocr_line' id='line_1_106' title="bbox 2052 4446 3707 4523; baseline -0.002 -17"><span class='ocrx_word' id='word_1_732' title='bbox 2052 4449 2320 4523; x_wconf 89' lang='lat' dir='ltr'>poralem</span> <span class='ocrx_word' id='word_1_733' title='bbox 2343 4447 2719 4504; x_wconf 90' lang='lat' dir='ltr'>dilectionem</span> <span class='ocrx_word' id='word_1_734' title='bbox 2738 4462 2860 4503; x_wconf 89' lang='lat' dir='ltr'>non</span> <span class='ocrx_word' id='word_1_735' title='bbox 2872 4446 3127 4503; x_wconf 90' lang='lat' dir='ltr'>inferant</span> <span class='ocrx_word' id='word_1_736' title='bbox 3146 4468 3161 4516; x_wconf 93' lang='lat'>;</span> <span class='ocrx_word' id='word_1_737' title='bbox 3182 4447 3286 4503; x_wconf 91' lang='lat' dir='ltr'>sed</span> <span class='ocrx_word' id='word_1_738' title='bbox 3301 4448 3379 4503; x_wconf 89' lang='lat' dir='ltr'>ad</span> <span class='ocrx_word' id='word_1_739' title='bbox 3392 4464 3707 4521; x_wconf 89' lang='lat' dir='ltr'>supernam</span> 
     </span>
    </p>
   </div>
   <div class='ocr_carea' id='block_1_107' title="bbox 1978 4508 3698 4610">
    <p class='ocr_par' dir='ltr' id='par_1_107' title="bbox 1978 4508 3698 4610">
     <span class='ocr_line' id='line_1_107' title="bbox 1978 4508 3698 4610; baseline 0 -15"><span class='ocrx_word' id='word_1_740' title='bbox 1978 4508 2291 4610; x_wconf 45' lang='lat' dir='ltr'>msemper</span> <span class='ocrx_word' id='word_1_741' title='bbox 2307 4536 2761 4593; x_wconf 89' lang='lat' dir='ltr'>delectationem</span> <span class='ocrx_word' id='word_1_742' title='bbox 2782 4536 3025 4593; x_wconf 90' lang='lat' dir='ltr'>ovando</span> <span class='ocrx_word' id='word_1_743' title='bbox 3045 4508 3698 4608; x_wconf 38' lang='lat' dir='ltr'>perducantpfAmen.</span> 
     </span>
    </p>
   </div>
   <div class='ocr_carea' id='block_1_108' title="bbox 2124 4625 3705 4697">
    <p class='ocr_par' dir='ltr' id='par_1_108' title="bbox 2124 4625 3705 4697">
     <span class='ocr_line' id='line_1_108' title="bbox 2124 4625 3705 4697; baseline -0.001 -14"><span class='ocrx_word' id='word_1_744' title='bbox 2124 4627 2473 4697; x_wconf 81' lang='lat' dir='ltr'>Antiphona</span> <span class='ocrx_word' id='word_1_745' title='bbox 2497 4628 2550 4681; x_wconf 88' lang='lat'>3.</span> <span class='ocrx_word' id='word_1_746' title='bbox 2582 4625 3015 4682; x_wconf 89' lang='lat' dir='ltr'>Testimonium</span> <span class='ocrx_word' id='word_1_747' title='bbox 3038 4625 3705 4695; x_wconf 88' lang='lat' dir='ltr'>tuum,Domine,tidele,</span> 
     </span>
    </p>
   </div>
   <div class='ocr_carea' id='block_1_109' title="bbox 2052 4713 3704 4790">
    <p class='ocr_par' dir='ltr' id='par_1_109' title="bbox 2052 4713 3704 4790">
     <span class='ocr_line' id='line_1_109' title="bbox 2052 4713 3704 4790; baseline -0.002 -17"><span class='ocrx_word' id='word_1_748' title='bbox 2052 4716 2318 4790; x_wconf 90' lang='lat' dir='ltr'>parvulis</span> <span class='ocrx_word' id='word_1_749' title='bbox 2339 4719 2580 4788; x_wconf 85' lang='lat' dir='ltr'>praestet</span> <span class='ocrx_word' id='word_1_750' title='bbox 2612 4714 2992 4786; x_wconf 88' lang='lat' dir='ltr'>sapientiam.</span> <span class='ocrx_word' id='word_1_751' title='bbox 3036 4713 3097 4775; x_wconf 50' lang='grc' dir='ltr'>ἡ.</span> <span class='ocrx_word' id='word_1_752' title='bbox 3146 4714 3393 4771; x_wconf 77' lang='lat' dir='ltr'>Iustitiae</span> <span class='ocrx_word' id='word_1_753' title='bbox 3452 4714 3704 4771; x_wconf 90' lang='lat' dir='ltr'>Domine</span> 
     </span>
    </p>
   </div>
   <div class='ocr_carea' id='block_1_110' title="bbox 2051 4802 2874 4869">
    <p class='ocr_par' dir='ltr' id='par_1_110' title="bbox 2051 4802 2874 4869">
     <span class='ocr_line' id='line_1_110' title="bbox 2051 4802 2874 4869; baseline -0.006 -7"><span class='ocrx_word' id='word_1_754' title='bbox 2051 4808 2246 4869; x_wconf 69' lang='lat' dir='ltr'>rectas,</span> <span class='ocrx_word' id='word_1_755' title='bbox 2274 4803 2638 4859; x_wconf 76' lang='lat' dir='ltr'>laetiﬁcantes</span> <span class='ocrx_word' id='word_1_756' title='bbox 2668 4802 2874 4859; x_wconf 90' lang='lat' dir='ltr'>corda.</span> 
     </span>
    </p>
   </div>
   <div class='ocr_carea' id='block_1_111' title="bbox 2127 4890 3709 4960">
    <p class='ocr_par' dir='ltr' id='par_1_111' title="bbox 2127 4890 3709 4960">
     <span class='ocr_line' id='line_1_111' title="bbox 2127 4890 3709 4960; baseline -0.001 -10"><span class='ocrx_word' id='word_1_757' title='bbox 2127 4894 2355 4950; x_wconf 85' lang='lat' dir='ltr'>Oratio.</span> <span class='ocrx_word' id='word_1_758' title='bbox 2378 4892 2874 4948; x_wconf 89' lang='lat' dir='ltr'>Testimoniorum</span> <span class='ocrx_word' id='word_1_759' title='bbox 2897 4894 3157 4960; x_wconf 90' lang='lat' dir='ltr'>tuorum,</span> <span class='ocrx_word' id='word_1_760' title='bbox 3205 4890 3709 4957; x_wconf 79' lang='lat' dir='ltr'>Domine,et’ﬁcia—</span> 
     </span>
    </p>
   </div>
   <div class='ocr_carea' id='block_1_112' title="bbox 2054 4979 3706 5053">
    <p class='ocr_par' dir='ltr' id='par_1_112' title="bbox 2054 4979 3706 5053">
     <span class='ocr_line' id='line_1_112' title="bbox 2054 4979 3706 5053; baseline -0.001 -14"><span class='ocrx_word' id='word_1_761' title='bbox 2054 4998 2191 5040; x_wconf 92' lang='lat' dir='ltr'>mur</span> <span class='ocrx_word' id='word_1_762' title='bbox 2201 4981 2480 5049; x_wconf 87' lang='lat' dir='ltr'>heredes;</span> <span class='ocrx_word' id='word_1_763' title='bbox 2504 4996 2639 5052; x_wconf 79' lang='lat' dir='ltr'>quae</span> <span class='ocrx_word' id='word_1_764' title='bbox 2656 4979 2834 5035; x_wconf 91' lang='lat' dir='ltr'>nobis</span> <span class='ocrx_word' id='word_1_765' title='bbox 2860 4980 3017 5035; x_wconf 80' lang='lat' dir='ltr'>facta</span> <span class='ocrx_word' id='word_1_766' title='bbox 3033 4982 3172 5036; x_wconf 90' lang='lat' dir='ltr'>sunt</span> <span class='ocrx_word' id='word_1_767' title='bbox 3192 4980 3578 5052; x_wconf 84' lang='lat' dir='ltr'>credibilia:3</span> <span class='ocrx_word' id='word_1_768' title='bbox 3591 4980 3706 5053; x_wconf 70' lang='grc'><strong>54</strong></span> 
     </span>
    </p>
   </div>
   <div class='ocr_carea' id='block_1_113' title="bbox 2056 5067 3710 5133">
    <p class='ocr_par' dir='ltr' id='par_1_113' title="bbox 2056 5067 3710 5133">
     <span class='ocr_line' id='line_1_113' title="bbox 2056 5067 3710 5133; baseline -0.004 -5"><span class='ocrx_word' id='word_1_769' title='bbox 2056 5073 2174 5128; x_wconf 91' lang='lat' dir='ltr'>sint</span> <span class='ocrx_word' id='word_1_770' title='bbox 2194 5075 2412 5128; x_wconf 72' lang='lat' dir='ltr'>nostrae</span> <span class='ocrx_word' id='word_1_771' title='bbox 2443 5068 2830 5126; x_wconf 90' lang='lat' dir='ltr'>meditatione</span> <span class='ocrx_word' id='word_1_772' title='bbox 2862 5067 3130 5133; x_wconf 89' lang='lat' dir='ltr'>assidua,</span> <span class='ocrx_word' id='word_1_773' title='bbox 3161 5072 3226 5125; x_wconf 89' lang='lat' dir='ltr'>ut</span> <span class='ocrx_word' id='word_1_774' title='bbox 3244 5072 3382 5124; x_wconf 92' lang='lat' dir='ltr'>sunt</span> <span class='ocrx_word' id='word_1_775' title='bbox 3403 5068 3540 5125; x_wconf 86' lang='lat' dir='ltr'>ﬁdei</span> <span class='ocrx_word' id='word_1_776' title='bbox 3562 5069 3710 5123; x_wconf 81' lang='lat' dir='ltr'>veri-</span> 
     </span>
    </p>
   </div>
   <div class='ocr_carea' id='block_1_114' title="bbox 2054 5158 3711 5231">
    <p class='ocr_par' dir='ltr' id='par_1_114' title="bbox 2054 5158 3711 5231">
     <span class='ocr_line' id='line_1_114' title="bbox 2054 5158 3711 5231; baseline -0.002 -16"><span class='ocrx_word' id='word_1_777' title='bbox 2054 5166 2171 5218; x_wconf 91' lang='lat' dir='ltr'>tate</span> <span class='ocrx_word' id='word_1_778' title='bbox 2198 5161 2429 5215; x_wconf 89' lang='lat' dir='ltr'>sincera</span> <span class='ocrx_word' id='word_1_779' title='bbox 2454 5178 2467 5211; x_wconf 87' lang='lat'><strong>:</strong></span> <span class='ocrx_word' id='word_1_780' title='bbox 2490 5163 2668 5231; x_wconf 87' lang='lat' dir='ltr'>atque</span> <span class='ocrx_word' id='word_1_781' title='bbox 2692 5158 2773 5213; x_wconf 90' lang='lat' dir='ltr'>ita</span> <span class='ocrx_word' id='word_1_782' title='bbox 2796 5161 3000 5214; x_wconf 88' lang='lat' dir='ltr'>nostro</span> <span class='ocrx_word' id='word_1_783' title='bbox 3027 5162 3523 5214; x_wconf 90' lang='lat' dir='ltr'>consummentur</span> <span class='ocrx_word' id='word_1_784' title='bbox 3573 5172 3711 5229; x_wconf 87' lang='lat' dir='ltr'>ope-</span> 
     </span>
    </p>
   </div>
   <div class='ocr_carea' id='block_1_115' title="bbox 2052 5244 3707 5320">
    <p class='ocr_par' dir='ltr' id='par_1_115' title="bbox 2052 5244 3707 5320">
     <span class='ocr_line' id='line_1_115' title="bbox 2052 5244 3707 5320; baseline -0.005 -16"><span class='ocrx_word' id='word_1_785' title='bbox 2052 5264 2136 5315; x_wconf 90' lang='lat' dir='ltr'>re,</span> <span class='ocrx_word' id='word_1_786' title='bbox 2168 5249 2316 5304; x_wconf 90' lang='lat' dir='ltr'>sicut</span> <span class='ocrx_word' id='word_1_787' title='bbox 2342 5246 2727 5320; x_wconf 87' lang='lat' dir='ltr'>proferuntur</span> <span class='ocrx_word' id='word_1_788' title='bbox 2750 5262 2822 5303; x_wconf 80' lang='lat' dir='ltr'>ex</span> <span class='ocrx_word' id='word_1_789' title='bbox 2874 5262 2975 5302; x_wconf 92' lang='lat' dir='ltr'>ore</span> <span class='ocrx_word' id='word_1_790' title='bbox 2999 5262 3013 5302; x_wconf 91' lang='lat'><strong>:</strong></span> <span class='ocrx_word' id='word_1_791' title='bbox 3036 5250 3250 5316; x_wconf 87' lang='lat' dir='ltr'>regant</span> <span class='ocrx_word' id='word_1_792' title='bbox 3298 5244 3707 5302; x_wconf 87' lang='lat' dir='ltr'>consolatione</span> 
     </span>
    </p>
   </div>
   <div class='ocr_carea' id='block_1_116' title="bbox 2055 5332 3699 5408">
    <p class='ocr_par' dir='ltr' id='par_1_116' title="bbox 2055 5332 3699 5408">
     <span class='ocr_line' id='line_1_116' title="bbox 2055 5332 3699 5408; baseline -0.007 -15"><span class='ocrx_word' id='word_1_793' title='bbox 2055 5340 2374 5393; x_wconf 71' lang='lat' dir='ltr'>maerentes</span> <span class='ocrx_word' id='word_1_794' title='bbox 2398 5356 2412 5404; x_wconf 87' lang='lat'>;</span> <span class='ocrx_word' id='word_1_795' title='bbox 2439 5351 2509 5392; x_wconf 92' lang='lat' dir='ltr'>ac</span> <span class='ocrx_word' id='word_1_796' title='bbox 2534 5335 2933 5408; x_wconf 88' lang='lat' dir='ltr'>promptiores</span> <span class='ocrx_word' id='word_1_797' title='bbox 2955 5335 3033 5391; x_wconf 90' lang='lat' dir='ltr'>ad</span> <span class='ocrx_word' id='word_1_798' title='bbox 3060 5339 3113 5392; x_wconf 94' lang='lat' dir='ltr'>te</span> <span class='ocrx_word' id='word_1_799' title='bbox 3140 5334 3364 5391; x_wconf 88' lang='lat' dir='ltr'>faciant</span> <span class='ocrx_word' id='word_1_800' title='bbox 3383 5332 3699 5390; x_wconf 90' lang='lat' dir='ltr'>auditores.</span> 
     </span>
    </p>
   </div>
   <div class='ocr_carea' id='block_1_117' title="bbox 2056 5431 2366 5498">
    <p class='ocr_par' dir='ltr' id='par_1_117' title="bbox 2056 5431 2366 5498">
     <span class='ocr_line' id='line_1_117' title="bbox 2056 5431 2366 5498; baseline -0.006 -15"><span class='ocrx_word' id='word_1_801' title='bbox 2056 5438 2122 5498; x_wconf 56' lang='lat' dir='ltr'>Bg.</span> <span class='ocrx_word' id='word_1_802' title='bbox 2155 5431 2366 5482; x_wconf 87' lang='lat' dir='ltr'>Amen.</span> 
     </span>
    </p>
   </div>
   <div class='ocr_carea' id='block_1_118' title="bbox 2130 5501 3701 5585">
    <p class='ocr_par' dir='ltr' id='par_1_118' title="bbox 2130 5501 3701 5585">
     <span class='ocr_line' id='line_1_118' title="bbox 2130 5501 3701 5585; baseline -0.007 -15"><span class='ocrx_word' id='word_1_803' title='bbox 2130 5526 2193 5585; x_wconf 64' lang='lat' dir='ltr'>Bt.</span> <span class='ocrx_word' id='word_1_804' title='bbox 2220 5514 2469 5571; x_wconf 89' lang='lat' dir='ltr'>Gressus</span> <span class='ocrx_word' id='word_1_805' title='bbox 2492 5530 2701 5571; x_wconf 88' lang='lat' dir='ltr'>eorum</span> <span class='ocrx_word' id='word_1_806' title='bbox 2742 5514 2950 5583; x_wconf 88' lang='lat' dir='ltr'>dirige,</span> <span class='ocrx_word' id='word_1_807' title='bbox 2985 5516 3159 5577; x_wconf 88' lang='lat' dir='ltr'>Deus,</span> <span class='ocrx_word' id='word_1_808' title='bbox 3202 5513 3265 5567; x_wconf 90' lang='lat' dir='ltr'>in</span> <span class='ocrx_word' id='word_1_809' title='bbox 3292 5507 3513 5565; x_wconf 85' lang='lat' dir='ltr'>semitis</span> <span class='ocrx_word' id='word_1_810' title='bbox 3542 5501 3655 5556; x_wconf 88' lang='lat' dir='ltr'>tuis</span> <span class='ocrx_word' id='word_1_811' title='bbox 3689 5521 3701 5559; x_wconf 88' lang='lat'>:</span> 
     </span>
    </p>
   </div>
   <div class='ocr_carea' id='block_1_119' title="bbox 2058 5586 3705 5682">
    <p class='ocr_par' dir='ltr' id='par_1_119' title="bbox 2058 5586 3705 5682">
     <span class='ocr_line' id='line_1_119' title="bbox 2058 5586 3705 5682; baseline -0.012 -14"><span class='ocrx_word' id='word_1_812' title='bbox 2058 5606 2119 5667; x_wconf 79' lang='grc' dir='ltr'>Ρ.</span> <span class='ocrx_word' id='word_1_813' title='bbox 2154 5606 2224 5667; x_wconf 91' lang='lat' dir='ltr'>Ut</span> <span class='ocrx_word' id='word_1_814' title='bbox 2249 5619 2371 5663; x_wconf 85' lang='lat' dir='ltr'>non</span> <span class='ocrx_word' id='word_1_815' title='bbox 2388 5608 2743 5662; x_wconf 89' lang='lat' dir='ltr'>moveantur</span> <span class='ocrx_word' id='word_1_816' title='bbox 2763 5601 3012 5682; x_wconf 78' lang='lat' dir='ltr'>vestigia</span> <span class='ocrx_word' id='word_1_817' title='bbox 3036 5616 3265 5679; x_wconf 73' lang='lat' dir='ltr'>eorum,</span> <span class='ocrx_word' id='word_1_818' title='bbox 3286 5597 3349 5675; x_wconf 56' lang='lat' dir='ltr'>tt.</span> <span class='ocrx_word' id='word_1_819' title='bbox 3380 5586 3705 5669; x_wconf 65' lang='lat' dir='ltr'>Declamatio</span> 
     </span>
    </p>
   </div>
  </div>
