4194 6442
426 507 772 553 sermonum
795 494 1039 550 tuorum
1061 491 1357 552 illuminat
1376 493 1797 553 etintellectum
1818 494 2068 568 datpar-
2091 496 2139 551 Α

425 585 596 643 vulis.
629 584 697 638 P.
728 585 816 640 Ut.

497 673 723 730 Preces;
755 669 1025 736 Domine,
1059 670 1296 738 exaudi,
1327 675 1382 728 et
1411 671 1590 742 salva,
1627 675 1682 728 et
1713 671 1894 728 libera
1949 685 2068 726 me.

430 762 494 816 P:
523 760 792 825 Domine,-
817 758 879 819 ῒ.
916 757 1005 813 Ad
1030 761 1085 814 te
1106 760 1391 815 ascendat
1439 759 1629 816 oratio
1685 776 1840 826 mea,
1892 761 2068 826 Deus,

431 853 490 906 et
515 848 703 904 libera
730 859 847 902 me.
895 845 955 900 P.
1007 846 1274 916 Domine,
1320 847 1381 907 77.
1436 851 1515 903 Ne
1569 852 1803 904 avertas
1860 848 2073 904 faciem

433 939 598 994 tuam
630 951 668 991 a
696 950 811 1000 me,
845 933 950 990 sed
974 933 1161 991 libera
1184 949 1302 1000 me,
1331 934 1394 988 P.
1426 935 1695 992 Domine.
1727 935 1796 997 ῒ.
1851 936 2076 1008 Cogita-

431 1027 647 1082 verunt
671 1023 992 1081 adversum
1012 1038 1108 1078 me
1135 1037 1243 1081 :ne
1296 1022 1538 1080 deseras
1589 1041 1705 1090 me,
1746 1024 1855 1081 sed
1888 1024 2078 1080 libera

435 1129 556 1180 me,
588 1113 650 1167 P.
686 1110 948 1167 Domine.
974 1111 1039 1171 γι
1062 1111 1145 1166 Tu
1172 1111 1325 1166 enim
1351 1113 1507 1167 Deus
1544 1112 1857 1168 auxiliatur
1882 1127 2073 1178 meus,

438 1206 506 1258 tu
526 1199 750 1269 adjuva
772 1212 887 1262 me,
915 1197 978 1250 P.
1030 1196 1299 1253 Domine.
1327 1197 1390 1260 it.
1445 1198 1668 1270 Eripiat
1711 1213 1808 1255 me
1859 1211 2077 1255 manus

440 1286 671 1344 excelsa
691 1290 810 1350 tua,
837 1288 894 1340 et
912 1288 1182 1356 protegat
1205 1301 1320 1352 me,
1349 1285 1411 1341 P.
1461 1287 1733 1342 Domine.
1762 1286 1829 1347 γ.
1881 1285 2078 1341 Adsis-

441 1379 496 1433 te
519 1373 666 1430 mihi
687 1373 748 1428 in
769 1372 1134 1442 adjutorium
1163 1386 1420 1445 semper,
1443 1377 1497 1430 et
1525 1374 1732 1440 libera,
1773 1375 1839 1431 P.
1885 1374 2080 1430 Domi-

439 1477 536 1519 ne.
561 1461 624 1523 ἵ.
657 1463 817 1516 Nunc
837 1474 973 1515 ecce
1032 1460 1332 1532 oppressit
1378 1476 1473 1517 me
1521 1462 1692 1518 dolor
1723 1477 1894 1518 meus
1918 1478 1930 1517 :
1951 1464 2080 1533 jam

441 1549 629 1606 libera
651 1563 770 1617 me,
802 1549 865 1602 P.
899 1547 1165 1604 Domine.
1183 1548 1246 1609 ι’.
1272 1549 1521 1620 Spiritus
1544 1565 1716 1606 meus
1743 1554 2082 1607 attenuatus

445 1643 531 1695 est
551 1639 615 1694 in
639 1652 772 1694 me:
802 1636 1041 1693 viviﬁca
1068 1653 1184 1702 me,
1217 1639 1281 1692 P.
1307 1638 1576 1695 Domine.
1634 1638 1697 1700 ν.
1755 1642 1926 1695 Artus
1965 1638 2084 1694 mei

445 1729 507 1783 in
529 1726 784 1782 nihilum
803 1723 1021 1781 redacti
1039 1730 1196 1791 sunt,
1219 1725 1348 1795 jam
1368 1727 1544 1782 reﬁce
1573 1741 1689 1793 me,
1717 1729 1778 1781 P.
1810 1725 2081 1783 Domine.

1672 359 2123 430 BREVIARIUM
2161 355 2555 431 cornicum.

2492 493 2611 551 Deo
2636 487 2785 550 Patri
2813 490 2887 547 sil
2916 488 3123 561 gieria,

2422 584 2677 655 Ejusque
2704 579 2813 637 soli
2843 577 3004 643 Filio,

2424 673 2569 726 Cum
2601 670 2817 742 Spiritu
2843 664 3148 728 Paraclito,

2426 759 2699 828 Regnans
2736 771 2842 829 per
2865 767 3043 811 omne
3065 747 3371 806 saeculum.

2495 847 2700 901 Amen.

2253 935 2550 1003 Capitula.
2602 932 2939 1004 Propinqua
2981 927 3285 1002 passionis
3328 929 3448 982 tuae
3509 919 3867 996 solemnia,

2181 1021 2403 1079 Christe
2427 1019 2767 1093 Deus,plebs
2791 1018 3007 1075 devota
3029 1005 3726 1088 suscipiens,piaipiirdti
3742 1009 3870 1070 tibi

2181 1111 2242 1168 in
2267 1111 2524 1167 hostiam
2546 1110 2746 1166 vivam
2789 1105 3086 1164 desiderat
3109 1125 3121 1174 ;
3146 1103 3401 1178 proinde
3455 1101 3864 1176 quésumns‘,

2183 1203 2247 1255 ut
2269 1199 2374 1270 qui
2398 1199 2457 1254 in
2483 1197 2802 1254 crastinum
2831 1196 2908 1252 ad
2928 1198 3099 1250 tuum
3120 1189 3420 1250 uocassuri
3454 1189 3678 1247 ennius
3708 1195 3871 1247 oon-

2183 1287 2429 1348 virium,
2459 1289 2693 1358 praesta,
2722 1284 2872 1340 utin
2894 1282 3271 1354 susceptione
3316 1279 3506 1351 hujus
3547 1283 3867 1336 veneran-

2186 1376 2274 1431 dee
2289 1375 2481 1430 noctis
2513 1379 2567 1430 et
2596 1373 2908 1445 culparum
2923 1369 3183 1428 tenebris
3214 1377 3538 1426 careamus
3597 1373 3659 1426 et
3685 1371 3871 1428 anm-

2186 1464 2266 1521 ris
2294 1463 2377 1518 tui
2407 1463 2543 1532 igne
2576 1461 3044 1518 inﬂammemur.

2260 1553 2432 1608 Pater
2461 1553 2676 1607 noster.

2259 1639 2610 1696 Benedictio.
2644 1637 2847 1694 Passio
2874 1651 2986 1693 nos
3021 1638 3331 1692 censervet
3371 1634 3512 1706 jure
3567 1635 3867 1706 perenni;

2192 1739 2256 1799 13;.
2288 1732 2495 1783 Amen.
2521 1725 2773 1783 Crimine
2789 1737 2902 1781 nos
2928 1723 3106 1780 hodie
3136 1723 3314 1793 lavet,
3349 1725 3409 1778 et
3436 1731 3573 1778 cras
3606 1727 3870 1780 munere

444 1815 506 1876 ῒ.
539 1816 744 1870 Hostes
759 1814 876 1868 mei
922 1812 1181 1868 furorem
1205 1829 1382 1869 suum
1400 1814 1796 1885 impleverunt
1818 1835 1829 1873 ε
1852 1819 1918 1871 tu
1947 1827 2084 1870 erue
2117 1826 2162 1882 Β
2191 1817 2331 1873 ditel
2357 1834 2369 1869 :
2395 1827 2457 1886 Βι.
2482 1817 2688 1870 Amen.
2723 1817 2870 1882 Quo,
2902 1813 3090 1885 pulsis
3103 1811 3282 1880 vitiis,
3315 1809 3554 1868 Pascha
3575 1813 3721 1868 cum
3755 1811 3862 1869 illo

446 1917 567 1958 met
600 1901 663 1958 P.
695 1901 960 1957 Domine.
1000 1901 1064 1960 tt.
1093 1901 1534 1958 lnfremuerunt
1555 1907 1760 1960 contra
1779 1918 1875 1958 me
1900 1902 2086 1959 denti-

446 1990 562 2046 bus
579 1989 736 2057 suis;
767 1993 832 2045 tu
849 1988 1035 2045 libera
1054 2005 1170 2055 me,
1203 1991 1268 2046 P.
1310 1991 1584 2048 Domine.
1612 1991 1682 2054 ἡ.
1716 1993 2086 2064 Aperuerunt

449 2085 657 2134 contra
676 2091 772 2132 me
798 2091 901 2134 ora
926 2093 1034 2132 sua
1051 2090 1075 2148 ;
1091 2081 1154 2133 tu
1179 2079 1407 2134 custodi
1428 2093 1546 2145 me,
1578 2082 1639 2135 P.
1693 2080 1960 2135 Domine.
2019 2078 2081 2139 it.

448 2165 710 2222 Adsistat
731 2163 839 2220 tibi
866 2165 1052 2221 oratio
1080 2181 1235 2230 mea,
1266 2169 1442 2235 Deus,
1483 2171 1540 2223 et
1566 2167 1782 2223 exaudi
1834 2183 1948 2232 me,
2006 2167 2075 2224 P.

450 2252 787 2314 Domineﬂ.
819 2252 1052 2309 Clamor
1070 2269 1241 2309 meus
1267 2254 1345 2310 ad
1363 2257 1416 2309 te
1442 2254 1765 2326 perveniat,
1791 2258 1845 2311 et
1870 2254 2087 2310 exaudi

451 2357 570 2410 me,
596 2342 658 2397 P.
683 2341 948 2398 Domine.
970 2341 1032 2402 ἡ.
1064 2342 1259 2398 Virtus
1292 2347 1394 2398 tua
1431 2343 1719 2399 afﬂictum
1773 2343 2000 2415 eripiat,
2033 2346 2089 2400 et

451 2433 725 2502 protegat
751 2445 871 2497 me,
1806 2426 1810 2430 ’

524 2521 809 2588 Hymnus.
851 2519 893 2574 0
919 2520 1234 2585 Nazarene,
1257 2518 1380 2573 lux.
1404 2519 1518 2588 fol.
1552 2520 1677 2574 144.

525 2607 820 2676 Capitula.
854 2608 1097 2662 Gressus
1115 2610 1351 2662 nostros
1375 2607 1620 2663 Domine
1642 2608 1701 2662 in
1725 2607 1953 2663 semitis
1974 2605 2090 2663 tuis

450 2693 761 2760 conﬁrma,
785 2697 850 2748 ut
880 2694 941 2748 in
965 2693 1063 2749 via
1100 2697 1201 2748 tua
1257 2693 1616 2764 gradientes,
1673 2695 2089 2750 misericordia!

447 2787 565 2839 tuae
588 2782 762 2839 nobis
785 2781 1225 2850 auxilientur,et
1245 2784 1304 2838 in
1333 2783 1755 2841 tentationibus
1772 2788 2087 2842 tueantur:

445 2876 510 2928 ut
539 2885 675 2926 cum
705 2871 1047 2942 apparuerit
1062 2871 1422 2941 justitiatua,
1450 2888 1851 2945 appareamus
1868 2873 1930 2928 in
1953 2887 2091 2928 cond

449 2964 652 3031 spectu
677 2962 778 3016 tuo
799 2959 925 3014 sine
950 2959 1315 3025 confusione,
1353 2966 1409 3016 et
1439 2961 1725 3017 satiemur
1778 2960 1968 3032 gloria
1993 2964 2093 3018 tua

452 3047 576 3104 sine
607 3047 972 3104 confusione.
1004 3050 1178 3103 Pater
1205 3053 1426 3104 noster.

1038 3137 1135 3191 Ad
1165 3137 1499 3206 Vesperum.

526 3224 744 3281 Lauda.
769 3225 1039 3294 Vespere,
1069 3229 1126 3280 et
1147 3237 1348 3288 mane,
1399 3228 1457 3279 et
1484 3222 1730 3280 meridie
1785 3226 1842 3280 te
1892 3221 2097 3281 lauda-

453 3327 613 3377 mus,
645 3311 915 3367 Domine.

523 3399 886 3468 Antiphona.
921 3397 1090 3468 Eripe
1113 3411 1208 3451 me
1229 3395 1481 3452 Domine
1504 3395 1582 3452 ab
1606 3397 1850 3452 homine
1894 3397 2093 3457 melo:

455 3490 511 3542 et
540 3503 576 3542 a
598 3487 726 3542 viro
752 3486 959 3555 iniquo
979 3484 1167 3539 libera
1196 3498 1311 3538 me.
1341 3483 1613 3540 Psalmus
1643 3499 1872 3540 cxxxix.

525 3573 760 3629 Lauda.
808 3575 958 3626 Deus
1011 3571 1250 3626 laudem
1293 3586 1491 3628 meam
1537 3587 1614 3628 ne
1652 3573 2100 3646 tacueriszquia

457 3676 560 3719 ore
586 3659 754 3731 impii
783 3659 1297 3715 circumdederunt
1325 3675 1420 3716 me
1455 3677 1468 3715 :
1501 3665 1556 3719 et
1609 3667 2102 3734 expugnaverunt

458 3764 556 3806 me
587 3749 790 3818 gratis.

1132 3839 1395 3907 Hymnus
1407 3881 1422 3896 .

811 3926 944 3981 Jam
973 3924 1119 3997 legis
1150 3925 1367 3982 umbra
1389 3926 1707 3999 clauditur,

706 4018 1057 4087 Novumque
1085 4014 1301 4070 Phasse
1329 4014 1568 4087 prodiit,

709 4105 848 4160 Cum
879 4117 1020 4159 vera
1048 4102 1149 4158 lux
1171 4103 1234 4158 in
1257 4119 1578 4175 vesperum

706 4191 904 4249 Mundi
927 4191 1171 4248 suborta
1205 4192 1521 4264 promicat.

815 4280 958 4335 Hinc
986 4279 1209 4336 Christe
1233 4295 1337 4335 rex
1364 4283 1500 4352 post
1526 4279 1783 4337 biduum

710 4369 903 4422 Casum
939 4367 1072 4422 litas
1101 4367 1464 4430 convivium,

710 4456 839 4518 Quo
862 4455 1089 4526 pascha
1112 4453 1343 4525 pridem
1392 4455 1713 4526 mysticum

711 4545 775 4597 In
797 4542 1017 4613 pascha
1046 4546 1318 4597 nostrum
1349 4546 1610 4598 vertitur.

815 4629 967 4685 Audi
995 4629 1258 4685 ﬁdelium
1297 4643 1522 4701 preces,

712 4719 822 4786 Qui
843 4719 1183 4774 traditorem
1215 4733 1431 4790 passus
1462 4734 1554 4787 es;

711 4810 831 4863 Hac
859 4811 1032 4863 nocte
1061 4823 1172 4863 nos
1201 4807 1518 4871 inlumina,

713 4897 960 4952 Carnem
991 4895 1142 4962 lava,
1171 4911 1272 4951 cor
1297 4907 1600 4966 praepara.

782 4983 970 5038 Ardor
998 4987 1113 5038 tum
1136 4982 1470 5039 dulcedinis

716 5069 950 5124 interna
977 5074 1182 5126 nostra
1202 5073 1573 5135 concremet;

721 5154 885 5210 Fides
919 5161 1156 5226 paratos
1185 5158 1446 5222 innovat,

721 5244 1001 5315 Opusque
1034 5243 1110 5298 ad
1132 5258 1387 5314 regnum
1405 5246 1595 5298 vocet.

794 5333 882 5397 Ut,
911 5331 1199 5387 suavitate
1221 5329 1428 5402 gratim

720 5428 864 5484 Hinc
893 5427 1188 5492 advocati,
1219 5427 1279 5482 in
1307 5425 1633 5484 crastinum

721 5515 1084 5572 lnebriemur
1113 5514 1342 5587 poculis

717 5605 822 5661 Tui
838 5603 1049 5662 sacrati
1081 5603 1412 5676 sanguinis.

2132 4503 2184 4571 Β

2193 1903 2522 1962 celebretis.
2548 1916 2612 1974 Ir.
2648 1903 2854 1958 Amen.

2260 1992 2489 2049 Lauda.
2520 1994 2730 2062 Legem
2751 2005 2899 2061 pone
2921 1989 3004 2045 eis
3032 1987 3308 2044 Domine.
3337 1990 3453 2058 fol.
3509 1991 3630 2044 352.

2683 2093 2927 2134 FERIA
2995 2093 3089 2142 QU
3131 2091 3340 2133 ΙΝΤΔ.

2749 2167 2845 2222 Ad
2871 2165 3268 2222 Matutz'num.

2261 2256 2794 2327 Antiphona.Deus
2813 2253 3160 2328 percussisti
3199 2269 3416 2310 omnes
3461 2241 3854 2310 adversantes

2193 2347 2343 2404 mihi
2373 2347 2496 2402 sine
2531 2361 2750 2402 causa:
2785 2344 2990 2400 dentes
3043 2347 3424 2415 peccatorem
3493 2342 3854 2400 contrivisti.

2194 2437 2461 2491 Psalmus
2490 2450 2567 2488 ιιι.

2268 2523 2486 2580 Oratio.
2512 2521 2775 2589 Domine,
2813 2519 3000 2591 gloria
3041 2522 3266 2588 nostra,
3323 2519 3508 2592 caput
3551 2509 3868 2585 nostrum,

2196 2627 2271 2668 ne
2301 2611 2576 2667 vitiorum
2609 2609 2836 2680 gurgite
2858 2623 3203 2678 mergamur
3255 2607 3456 2664 exalta
3485 2625 3496 2676 ;
3531 2609 3588 2664 et
3615 2623 3693 2662 ne
3753 2607 3874 2662 nos

2197 2699 2505 2772 multiplex
2535 2701 2737 2754 cur'vet
2761 2696 3080 2762 tribulatio,
3115 2695 3368 2752 suble'va
3391 2715 3408 2750 :
3437 2701 3492 2752 te
3514 2705 3665 2752 vero
3683 2689 3873 2751 nobis

2198 2788 2539 2852 auxiliante,
2570 2803 2680 2842 nec
2708 2784 3020 2842 multitudo
3052 2784 3291 2840 nocebit
3318 2777 3777 2860 tribulantium,
3816 2787 3879 2842 et

2199 2877 2477 2949 superbia
2505 2877 2565 2931 in
2590 2889 2700 2931 nos
2726 2875 3030 2944 frangetur
3060 2873 3501 2943 instirgentiu'm
3535 2889 3547 2939 ;
3575 2871 3698 2928 tuis
3720 2883 3878 2942 ergo

2197 2963 2673 3022 benedictionem
2698 2963 2944 3017 infunde
2975 2963 3034 3017 in
3063 2961 3323 3033 pupulis,
3349 2962 3456 3034 qui
3486 2964 3703 3018 anctoi‘
3726 2970 3798 3017 es
3820 2965 3882 3017 et

2200 3053 2479 3109 defensor
2505 3057 2719 3107 nostrae
2743 3050 2974 3106 salutis.
3016 3051 3078 3119 ἢ.
3112 3049 3326 3108 Amen.

2125 3171 2167 3228 δ
2271 3141 2676 3228 Antiphonat.
2709 3142 2792 3194 Tu
2821 3133 3068 3194 Domine
3117 3137 3552 3228 demonstrasti
3585 3125 3772 3228 mihi,
3801 3129 3885 3228 ἐἰ

2204 3245 2314 3299 ego
2336 3227 2605 3298 cognovi.
2644 3228 3032 3296 Quasiagnus
3061 3230 3401 3292 mansueta,
3448 3217 3631 3299 355
3673 3221 3890 3299 porta-

2203 3321 2298 3374 tus
2327 3333 2463 3371 sum
2490 3315 2562 3371 ad
2587 3315 2926 3371 victimam:
2951 3319 3007 3371 et
3030 3331 3190 3370 nunc
3223 3316 3653 3388 cognoviquia
3685 3314 3890 3388 super

2204 3421 2300 3463 me
2323 3403 2729 3473 cogitaverunt
2759 3399 3020 3459 consilia.
3044 3399 3106 3463 ᾖ.
3143 3399 3207 3458 Et
3237 3401 3322 3471 tu,
3378 3403 3658 3475 Domine,
3720 3401 3896 3459 dari-

2205 3493 2374 3550 debis
2406 3503 2528 3560 ecs,
2572 3497 2626 3546 et
2651 3501 2759 3564 pro
2811 3492 2995 3548 nihilo
3046 3481 3300 3548 habebis
3353 3495 3571 3548 otiines
3631 3491 3892 3563 gchtés.

2205 3583 2338 3640 Non
2359 3582 2600 3636 dicatur
2625 3577 2836 3637 Gloria.

2281 3672 2507 3726 Oratio.
2536 3670 2710 3736 Quasi
2737 3681 2929 3738 agnus
2959 3671 3311 3725 mansuetus
3339 3667 3594 3726 traditus
3612 3675 3730 3742 pro
3771 3681 3891 3726 no-

2207 3759 2320 3823 bis,
2349 3758 2592 3813 Domine
2620 3774 2630 3813 :
2655 3757 2758 3829 qui
2783 3755 2987 3828 utique
3002 3755 3126 3813 sine
3157 3761 3406 3829 peccato
3428 3756 3895 3831 etdelictopor—

2208 3851 2366 3904 tatus
2398 3863 2460 3901 es
2495 3844 2570 3901 ad
2596 3846 2932 3901 victimam:
2954 3849 3171 3918 praéSta
3201 3861 3340 3917 ergo
3361 3837 3563 3913 nobis,
3597 3849 3667 3902 ut
3697 3845 3895 3903 inno-

2210 3935 2397 3992 centia
2429 3934 2568 4004 agni
2599 3934 3085 4006 adipiscamur,ut
3109 3934 3168 3989 in'
3191 3937 3481 3990 aeternum
3513 3938 3722 3990 tecum
3742 3935 3896 3992 sine

2208 4024 2327 4080 ﬁne
2357 4023 2648 4079 vivamus.
2673 4034 2736 4094 Βρ.
2765 4025 2972 4077 Amen.

2279 4113 2627 4182 Antiphonti
2653 4115 2703 4166 2.
2737 4111 2912 4167 Facta
2941 4111 3027 4165 est
3047 4103 3343 4167 hereditas
3374 4123 3512 4167 mea
3534 4109 3690 4168 mihi
3722 4116 3897 4169 tam-

2210 4213 2395 4274 quam
2419 4201 2511 4255 leo
2539 4201 2598 4254 in
2621 4198 2800 4254 silva:
2833 4198 2996 4255 dedit
3023 4201 3230 4256 centra
3258 4215 3355 4255 me
3400 4204 3618 4256 Vocem
3672 4209 3900 4259 suam.

2210 4289 2274 4351 ὴ.
2303 4289 2597 4355 Quoniam
2628 4301 2808 4360 quem
2832 4292 2893 4342 tu
2917 4287 3237 4360 perfecisti,
3268 4287 3380 4360 ipsi
3408 4288 3900 4350 destruxeruht:

2209 4378 2404 4450 justus
2435 4382 2630 4434 autem
2658 4375 2800 4447 quid
2831 4373 3010 4432 fecit?
3028 4377 3157 4432 Non
3180 4363 3426 4432 dicatur
3461 4376 3693 4435 Gloria.

2287 4467 2509 4523 Oratio.
2545 4465 2767 4522 Christe
2799 4465 2898 4520 Dei
2924 4463 3046 4530 Fili,
3083 4461 3253 4536 cujus
3284 4459 3442 4522 facta
3461 4480 3525 4521 es
3568 4457 3906 4526 hereditas

2213 4559 2316 4614 tua
2343 4553 2472 4626 tibi,
2501 4553 2672 4628 quasi
2700 4553 2793 4609 leo
2821 4555 2882 4609 in
2903 4553 3067 4620 Silva,
3095 4551 3316 4608 erudeli
3340 4551 3552 4610 cnntra
3585 4560 3640 4611 te
3670 4557 3801 4612 ritu
3831 4564 3908 4620 ut

2213 4641 2579 4712 cruciﬁgaris
2610 4642 2953 4698 exclamans
2983 4657 2994 4697 :
3027 4642 3111 4697 ita
3167 4643 3278 4696 nos
3330 4639 3636 4699 inflisione
3676 4641 3905 4702 Sancti

2216 4729 2461 4804 Spiritus
2481 4727 2662 4802 reple,
2691 4735 2754 4784 ut
2779 4727 3078 4810 charitatis
3105 4729 3242 4799 igne
3264 4729 3562 4786 ferventes
3590 4729 3904 4791 timcndae

2211 4820 2376 4877 vocis
2406 4819 2726 4874 clamorem
2757 4818 2832 4873 ad
2863 4819 3098 4874 auditus
3141 4813 3256 4874 tuae
3301 4817 3768 4892 omnipotentiae
3807 4817 3911 4879 di-

2212 4907 2480 4980 rigamus
2505 4923 2518 4973 ;
2547 4901 2603 4960 et
2624 4906 2854 4961 animas
2909 4909 3142 4962 nostras
3175 4921 3285 4978 pro
3322 4897 3610 4964 fratribus
3647 4919 3903 4982 potiare

2213 4995 2348 5055 totis
2381 4991 2991 5070 nisibusinsistamus.
3046 4997 3108 5065 Β).
3153 4993 3365 5053 Anien.

2286 5083 2631 5154 Antiphona
2660 5069 2846 5138 3.Non
2871 5069 2995 5139 sedi
3020 5083 3079 5138 in
3103 5082 3349 5139 consilio
3375 5083 3908 5150 eorum,ludenti-

2215 5175 2331 5232 bus
2361 5161 2504 5246 ipsis
2530 5189 2543 5237 ;
2569 5169 2675 5227 sed
2697 5165 2981 5227 timebam
3002 5185 3037 5250 a
3064 5159 3212 5228 facie
3244 5175 3472 5228 eorum.
3511 5171 3693 5230 Solus
3717 5179 3914 5234 sede—-

2218 5263 2382 5328 bam,
2406 5259 2695 5333 quoniam
2725 5247 3120 5315 amaritudine
3146 5257 3407 5331 repletas
3440 5261 3685 5322 sumﬁ'.
3710 5263 3910 5324 0divi

2221 5347 2708 5418 congregationes
2730 5343 3130 5416 malignorum
3154 5363 3166 5400 :
3195 5347 3400 5403 etcum
3418 5337 3626 5421 impiis
3644 5361 3782 5409 non
3808 5365 3915 5412 se-

2224 5431 2399 5491 debo.
2425 5433 2556 5489 Non
2579 5433 2812 5488 dicatur
2842 5434 3059 5489 Gloria.

2300 5523 2520 5579 Oratio.
2547 5517 2848 5589 Unigenite
2876 5519 2972 5576 Dei
3002 5515 3198 5586 Filius,
3221 5523 3322 5595 qui
3346 5521 3405 5578 in
3429 5531 3613 5581 carne
3630 5528 3916 5587 moritu-

2225 5617 2326 5670 rus
2351 5626 2668 5685 apparens,
2683 5611 2740 5666 in
2771 5609 3019 5668 concilio
3042 5608 3375 5668 ludentiu‘m
3392 5625 3519 5670 non
3538 5607 3915 5686 sedisti,sed
