4194 6426
196 363 309 418 597

1350 336 1702 418 DOMINICA
1745 350 1818 416 IN
1858 330 2081 417 RAMIS
2120 346 2530 424 PALMARUM

3520 345 3643 433 598”

196 487 367 544 solus
400 484 618 542 sedens
650 485 1115 542 amaritudinem
1132 501 1242 558 pro
1263 486 1440 542 nobis
1472 487 1732 559 repletus
1754 503 1852 559 es;
1890 485 1937 540 Α
1972 503 2074 544 rex
2100 491 2275 557 :Quid
2298 491 2401 549 tibi
2420 492 2508 548 vis
2532 493 2560 548 ?
2588 495 2727 559 Quae
2748 492 3055 565 respondit
3079 508 3091 548 :
3120 486 3451 555 Mulierista
3476 497 3625 559 dixit

197 576 464 634 concede
496 574 696 641 nobis,
727 580 790 630 ut
820 574 893 630 de
933 575 1313 647 passionibus
1344 576 1457 632 tuis
1486 578 1650 632 nullo
1673 577 1854 633 modo

196 664 636 730 erubescentes,
670 662 872 733 gloriae
906 668 1021 720 tua:
1063 680 1400 720 mereamur
1432 665 1557 720 sine
1584 666 1701 720 ﬁne
1728 682 1855 720 esse

196 751 540 826 participes.
577 763 646 821 ﬁ.
684 754 890 807 Amen.

269 853 331 911 ﬂ.
369 839 477 906 Qui
512 856 770 907 mecum,
797 839 1153 905 ait,manum
1183 839 1408 896 miserit
1438 841 1495 896 in
1511 840 1851 914 paropside,

196 927 291 985 ille
344 944 441 983 me
485 927 809 983 traditurus
851 932 937 982 est
966 926 1161 983 hodie.
1216 930 1277 983 P.
1312 931 1406 984 Vae
1456 928 1706 993 homini,
1750 943 1855 1000 per

194 1032 376 1089 quem
415 1014 570 1071 illius
598 1014 859 1071 hominis
888 1015 1154 1072 tradetur
1185 1018 1213 1069 ':
1248 1017 1468 1072 bonum
1509 1023 1634 1073 erat
1660 1016 1764 1082 illi,
1806 1016 1851 1073 si

190 1110 370 1162 natus
392 1119 517 1160 non
534 1103 743 1159 fuisset
760 1104 943 1159 homo
964 1101 1079 1159 ille.
1095 1102 1155 1165 γ.
1175 1106 1431 1161 Locutus
1446 1109 1537 1161 est
1566 1105 1851 1160 Dominus

183 1198 354 1252 Jesus
376 1192 644 1250 Christus
677 1191 983 1265 discipulis
1016 1194 1157 1259 suis,
1187 1193 1390 1249 dicens
1428 1212 1440 1249 :
1476 1194 1728 1263 Surgite,
1752 1210 1847 1249 ea-

184 1301 317 1341 mus
346 1301 359 1339 :
396 1299 532 1339 ecce
559 1282 1089 1354 appropinquabit,
1137 1283 1240 1356 qui
1272 1298 1369 1338 me
1397 1283 1610 1340 tradet.
1653 1283 1717 1337 P.
1749 1284 1845 1337 Vae

182 1372 437 1430 homini.
460 1373 597 1428 Non
626 1371 867 1428 dicatur
887 1371 1099 1427 Gloria.

248 1462 476 1518 Oratio.
504 1460 731 1517 Christe
761 1459 862 1516 Dei
889 1460 1087 1527 Filius,
1122 1460 1224 1534 qui
1241 1460 1599 1518 transiturus
1630 1476 1703 1518 ex
1728 1461 1843 1517 hoc

174 1551 408 1609 mundo
440 1549 520 1605 ad
552 1550 808 1616 Patrem,
846 1548 1087 1621 speciali
1116 1550 1286 1619 signo
1315 1555 1483 1605 tuum
1515 1550 1841 1621 prazdixisti

182 1640 526 1697 traditorem
562 1654 574 1692 :
606 1654 724 1711 quo
756 1654 876 1694 non
906 1637 1103 1694 solum
1125 1654 1246 1694 non
1268 1637 1475 1694 lateret
1497 1637 1554 1693 in
1590 1639 1833 1706 cmteris,

189 1729 291 1787 sed
309 1733 374 1785 ut
399 1727 600 1801 potius
618 1726 1364 1783 discernereturacaateris:
1390 1732 1444 1782 te
1461 1743 1838 1799 quaesumus,

1970 578 2114 633 mihi
2144 580 2459 636 :Datilium
2489 585 2677 651 tuum,
2704 580 3169 637 utcomedamus
3192 599 3327 639 eum
3351 584 3620 655 hodie,et

1966 665 2153 722 ﬁlium
2180 684 2379 724 meum
2402 670 2788 725 comedemus
2811 670 3146 742 cras.356
3171 672 3445 729 Coximus
3474 691 3615 746 ergo

1963 753 2151 810 ﬁlium
2185 773 2409 823 meum,
2445 758 2817 814 comedimus
2851 772 2862 811 :
2895 756 3137 829 dixique
3189 758 3239 813 ei
3270 760 3452 817 altera
3475 763 3569 818 die
3598 780 3610 820 :

1963 843 2048 897 Da
2071 843 2260 898 ﬁlium
2279 845 2944 911 tuum,utcomedamus
2970 860 3129 900 eum.
3148 846 3290 911 Quae
3306 847 3619 907 abscondit

1963 929 2154 987 ﬁlium
2182 950 2380 989 suum.
2416 934 2585 1001 Quod
2620 951 2756 990 cum
2785 934 3051 990 audisset
3079 951 3201 1005 rex,
3237 935 3410 992 scidit
3444 938 3619 994 vesti-

1961 1027 2161 1077 menta
2188 1027 2383 1089 sua,et
2402 1022 2695 1079 transibat
2715 1040 2819 1096 per
2840 1039 3101 1078 murum.
3128 1024 3397 1097 Viditque
3418 1026 3615 1081 omnis

1960 1110 2215 1181 p0pulus
2229 1112 2633 1185 cilicium,quo
2645 1112 2892 1168 vestitus
2906 1117 3031 1167 erat
3049 1111 3123 1167 ad
3140 1128 3381 1168 carnem
3401 1113 3614 1171 intrin-

1958 1213 2145 1254 secus.
2174 1200 2238 1256 Et
2271 1201 2348 1256 ait
2376 1218 2479 1257 rex
2503 1218 2515 1257 :
2557 1203 2687 1257 Haec
2709 1200 2852 1256 mihi
2869 1200 3047 1257 faciat
3072 1201 3245 1268 Deus,
3274 1205 3329 1257 et
3356 1202 3483 1258 haec
3504 1203 3613 1260 ad-

1956 1285 2079 1356 dat,
2108 1289 2799 1362 sisteteritcaputHelisei
2824 1289 3170 1362 ﬁliiSaphat
3205 1306 3386 1363 super
3410 1290 3611 1365 ipsum

1952 1375 2153 1433 hodie.
2173 1377 2438 1433 Heliseus
2459 1382 2660 1435 autem
2674 1378 2992 1434 sedebatin
3017 1378 3202 1435 domo
3216 1396 3346 1447 sua,
3360 1384 3417 1436 et
3438 1397 3609 1439 senes

1953 1465 2245 1522 sedebant
2276 1483 2413 1522 cum
2446 1484 2535 1523 eo.
2569 1467 3075 1540 Praemisititaque
3100 1469 3294 1524 virum
3324 1485 3334 1523 :
3364 1474 3419 1525 et
3445 1476 3609 1527 ante-

1950 1569 2135 1625 quam
2167 1555 2789 1621 veniretnunciusille,
2816 1554 2965 1611 dixit
2978 1554 3055 1610 ad
3072 1571 3245 1611 senes
3269 1574 3281 1612 :
3306 1554 3605 1631 Numquid

1951 1642 2126 1705 scitis,
2160 1643 2315 1715 quod
2333 1643 2556 1699 miserit
2573 1643 2729 1698 ﬁlius
2746 1642 3061 1700 homicidae
3081 1643 3199 1709 hic,
3229 1648 3293 1700 ut
3320 1647 3606 1717 praecida-

1948 1733 2044 1786 tur
2068 1736 2251 1803 caput
2273 1748 2472 1788 meum
2489 1732 2517 1787 ?
2540 1731 2731 1788 videte
2753 1748 2916 1802 ergo,
2937 1750 3075 1788 cum
3090 1733 3600 1810 veneritnuncius,

184 1824 235 1876 te
261 1833 569 1888 rogamus,
601 1820 799 1872 utnon
826 1816 1227 1888 praecidamur
1251 1814 1328 1871 ab
1356 1815 1627 1871 Ecclesiae
1648 1832 1837 1872 mem-
1870 1826 1915 1899 Β
1948 1820 2203 1876 claudite
2234 1821 2476 1885 ostium,
2511 1824 2564 1875 et
2602 1837 2721 1876 non
2750 1821 2954 1876 sinatis
2985 1838 3123 1877 eum
3149 1822 3390 1879 introire
3423 1841 3436 1879 :
3466 1840 3603 1883 ecce

181 1908 309 1973 bro,
348 1906 449 1979 qui
488 1904 779 1977 redempti
822 1921 1032 1960 sumus
1070 1910 1169 1961 tuo
1197 1906 1486 1976 sanguine
1516 1905 1777 1977 pretioso
1819 1925 1832 1964 :

181 2012 373 2068 neque
394 1995 720 2068 quisquam
752 1994 812 2050 in
840 1993 1099 2049 Ecclesia
1130 1998 1232 2049 tua
1259 1994 1609 2049 constitutus
1642 1997 1837 2066 torpo-

176 2100 297 2141 rem
320 2083 589 2139 incurrat
614 2100 627 2148 ;
662 2082 767 2138 sed
791 2082 1067 2151 gloriosis
1090 2081 1386 2154 patientiae
1412 2086 1526 2137 tuas
1558 2080 1835 2154 exemplis

173 2188 572 2247 provocemur
594 2169 671 2227 ad
696 2169 946 2241 gloriam
972 2190 983 2229 :
1009 2169 1111 2243 qui
1130 2169 1448 2243 proditoris
1471 2169 1556 2225 tui
1587 2169 1647 2225 in
1670 2169 1835 2226 nullo

167 2262 467 2319 imitantes
498 2259 714 2333 studia,
748 2260 1048 2315 bonorum
1070 2258 1504 2333 discipulorum
1531 2262 1588 2315 et
1617 2258 1834 2314 doctri-

166 2366 305 2407 nam
331 2348 655 2421 capiamus
686 2352 741 2404 et
772 2349 1043 2421 praemia.
1080 2359 1148 2420 131.
1190 2350 1398 2404 Amen.

231 2437 605 2507 Antiphona.
628 2436 739 2492 Cor
757 2436 1074 2491 contritum
1092 2434 1547 2493 ethumiliatum
1572 2451 1647 2492 ne
1670 2452 1829 2505 sper-

160 2543 291 2595 nas,
328 2527 491 2582 Deus
515 2545 529 2595 ;
551 2525 656 2581 sed
684 2525 939 2595 benigne
968 2524 1077 2591 fac,
1116 2524 1430 2597 deprecor,
1459 2529 1515 2581 et
1540 2525 1819 2581 miserere

160 2615 275 2674 mei
312 2616 496 2682 Deus,
534 2614 832 2670 miserere.
878 2613 1153 2670 Psalmus
1180 2632 1229 2666 L.

235 2704 475 2762 Oratio.
502 2702 707 2758 Cordis
733 2702 920 2758 nostri
960 2705 1203 2758 secreta.
1234 2702 1347 2770 fol.
1370 2704 1493 2756 210.

230 2794 321 2851 Ad
358 2790 1327 2861 Canticum.AntiphonaDomine
1343 2789 1820 2862 probatorjuste,

162 2882 256 2956 qui
286 2880 520 2957 probas
542 2880 748 2948 corda,
792 2884 846 2935 et
872 2896 1069 2947 renes,
1103 2878 1358 2945 videam,
1394 2895 1621 2951 quaeso,
1654 2878 1824 2934 ultio-

159 2990 293 3031 nem
326 2971 409 3030 de
441 2971 696 3029 inimicis
726 2970 877 3027 meis
906 2988 918 3026 :
954 2969 1061 3027 tibi
1091 2968 1253 3026 enim
1284 2967 1544 3026 revelavi
1573 2985 1822 3026 causam

158 3079 386 3120 meam.

229 3151 566 3208 Canticum.
608 3145 903 3205 Seduxisti
933 3163 1029 3203 me
1056 3145 1326 3203 Domine.
1353 3145 1466 3216 fol.
1498 3147 1620 3201 276.

228 3240 461 3297 Oratio.
494 3239 668 3305 Deus,
704 3236 989 3310 probator
1015 3235 1191 3307 juste,
1224 3234 1327 3308 qui
1362 3234 1683 3290 revelatam
1718 3231 1820 3289 tibi

157 3345 407 3386 causam
439 3326 567 3383 Filii
599 3326 703 3395 tui,
736 3325 1033 3399 passionis
1064 3325 1267 3397 utique
1300 3340 1422 3379 suae
1448 3322 1730 3394 injuriam
1758 3321 1817 3377 in

152 3414 492 3475 inﬁdelibus
514 3416 829 3489 puniturus
877 3412 1188 3487 agnoscis;
1219 3411 1557 3477 videamus,
1584 3427 1819 3483 quassu-

156 3524 308 3574 mus,
338 3503 625 3561 ultionem
654 3503 727 3560 de
758 3502 1015 3559 inimicis
1062 3502 1212 3573 ejus,
1240 3501 1321 3557 ita
1349 3504 1412 3556 ut
1441 3504 1544 3556 aut
1580 3498 1817 3571 resipis-

156 3601 358 3653 centes
388 3590 824 3651 abinﬁdelitate
840 3592 956 3665 ipsi
983 3608 1043 3647 se
1065 3588 1411 3663 pcenitendo
1434 3587 1813 3654 ulciscantur,

156 3689 259 3741 aut
290 3680 763 3756 perdurantesin
787 3680 1037 3753 perﬁdia
1062 3696 1169 3752 per
1198 3678 1327 3750 ejus
1355 3678 1684 3750 puniantur
1697 3677 1819 3747 jus-

156 3771 375 3836 titiam,
393 3770 565 3841 cujus
601 3784 761 3824 nunc
784 3769 1174 3822 contemnunt
1195 3762 1670 3821 misericordiam
1696 3779 1818 3820 ma-

154 3859 466 3916 nifestam.
501 3868 562 3927 Βι.
598 3860 803 3910 Amen.

229 3944 722 4001 Matutinarium.
736 3944 851 4013 Ego
866 3945 1068 3996 autem
1084 3937 1338 3995 cantabo
1350 3938 1617 3995 virtutem
1636 3943 1815 4005 tuam,

156 4033 446 4101 Domine;
481 4036 535 4088 et
564 4028 843 4088 exaltabo
883 4044 1061 4084 mane
1106 4026 1581 4083 misericordiam
1629 4032 1815 4099 tuam.

155 4123 313 4191 Quia
334 4122 524 4179 factus
554 4137 616 4177 es
644 4121 956 4191 susceptor
988 4133 1175 4182 meus,
1231 4114 1500 4173 Domine.
1532 4112 1595 4176 if.
1650 4114 1820 4185 Eripe

154 4229 256 4271 me
280 4210 355 4267 de
382 4208 637 4267 inimicis
660 4207 830 4271 meis,
854 4206 1011 4261 Deus
1033 4220 1206 4259 meus
1238 4220 1250 4258 :
1282 4207 1339 4259 et
1360 4202 1439 4259 ab
1468 4201 1822 4273 insurgenti-

154 4302 272 4358 bus
300 4298 361 4355 in
389 4315 486 4354 me
514 4296 701 4353 libera
730 4312 847 4353 me.

233 4388 464 4444 Lauda.
494 4388 567 4441 Te
597 4385 848 4441 laudant
878 4386 1113 4438 montes
1156 4385 1212 4436 et
1262 4394 1473 4435 omnes
1516 4375 1735 4434 colles:
1766 4380 1822 4433 te

154 4478 409 4535 laudant
433 4474 734 4548 principes
765 4477 821 4529 et
854 4486 1063 4527 omnes
1090 4468 1322 4540 judices
1361 4473 1531 4524 terrae
1569 4484 1581 4523 :
1615 4482 1822 4522 omnes

160 4564 370 4637 Angeli
410 4567 463 4620 te
494 4560 880 4620 collaudant:
920 4558 1197 4616 Laudate.

294 4654 491 4710 Lectio
518 4652 656 4707 libri
689 4649 1015 4706 Malachim
1051 4646 1397 4719 (IVRegum
1423 4660 1554 4716 cap.
1586 4645 1686 4715 Vl).

234 4755 299 4814 Βι.
329 4745 448 4798 Deo
470 4738 715 4811 gratias.

233 4834 299 4888 1n
326 4828 440 4886 illis
480 4826 692 4884 diebus
727 4846 739 4882 :
777 4826 1170 4894 Congregavit
1192 4820 1471 4878 Benadah
1501 4837 1603 4878 rex
1636 4821 1821 4893 Syrite

164 4920 513 4976 universum
530 4914 851 4972 exercitum
868 4916 1128 4983 suum,et
1141 4910 1493 4977 ascendit,et
1507 4910 1825 4967 obsidebat

167 5007 522 5066 Samariam.
549 5006 845 5075 Factaque
860 5006 946 5057 est
966 5001 1154 5056 fames
1175 5000 1478 5069 magnain
1507 4999 1774 5056 Samaria
1808 5016 1821 5053 :

163 5102 219 5155 et
239 5092 471 5156 tamdiu
503 5090 753 5151 obsessa
783 5095 891 5162 est,
925 5090 1113 5145 donec
1147 5088 1615 5145 venumdaretur
1646 5105 1827 5162 caput

163 5186 317 5243 asini
346 5182 651 5252 octoginta
664 5179 978 5250 argenteis,
994 5180 1052 5234 et
1066 5182 1280 5250 quarta
1304 5194 1443 5251 pars
1466 5178 1595 5233 cavi
1614 5182 1827 5233 sterco-

165 5277 240 5332 ris
279 5274 701 5332 columbarum
736 5271 1003 5342 quinque
1044 5268 1359 5337 argenteis.
1419 5270 1686 5340 Cumque
1724 5282 1827 5321 rex

165 5364 344 5421 Israel
368 5360 639 5420 transiret
671 5374 773 5431 per
796 5372 1059 5423 murum,
1091 5356 1302 5410 mulier
1325 5356 1604 5428 quaedam
1638 5355 1826 5411 excla-

171 5453 357 5509 mavit
375 5450 454 5506 ad
480 5466 639 5514 eum,
674 5446 876 5502 dicens
907 5462 917 5500 :
958 5445 1131 5501 Salva
1173 5460 1289 5510 me,
1319 5444 1564 5499 Domine
1596 5445 1677 5501 mi
1705 5459 1826 5499 rex.

175 5540 282 5608 Qui
314 5540 396 5597 ait
428 5556 441 5594 :
476 5539 603 5594 Non
634 5538 687 5592 te
723 5534 914 5592 salvat
947 5531 1235 5590 Dominus
1268 5551 1279 5589 :
1313 5533 1472 5589 unde
1503 5540 1554 5589 te
1582 5548 1831 5607 possum

183 5626 413 5688 salvare
434 5625 548 5685 ?de
562 5640 720 5694 area,
745 5622 839 5682 vel
868 5612 943 5681 de
956 5614 1561 5697 torculari?Dtxitque
1590 5621 1667 5680 ad
1699 5630 1834 5680 eam

1947 1909 2105 1963 enim
2126 1909 2353 1965 sonitus
2366 1910 2589 1982 pedum
2605 1909 2836 1965 domini
2849 1910 2897 1981 ej
2910 1927 2977 1964 us
2990 1914 3266 1981 posteum
3280 1913 3603 1967 est.Adhuc

1944 1996 2042 2051 illo
2063 1997 2341 2070 loquente
2361 1997 2461 2065 eis,
2487 1998 2766 2071 apparuit
2794 1999 3071 2063 nuncius,
3094 1998 3197 2070 qui
3223 1998 3501 2055 veniebat
3521 1998 3601 2055 ad

1945 2100 2101 2141 eum.
2130 2088 2192 2141 Et
2210 2087 2318 2141 ait:
2338 2089 2482 2141 Ecce
2498 2089 2731 2142 tantum
2752 2086 2982 2140 malum
3000 2101 3033 2140 a
3055 2084 3309 2140 Domino
3324 2089 3437 2141 est:
3455 2086 3601 2160 quid

1943 2173 2201 2245 amplius
2218 2174 2545 2245 expectabo
2568 2172 2870 2228 aDomino
2888 2172 2916 2226 ?
2931 2172 3212 2244 (Cap.vu)
3237 2174 3381 2229 Dixit
3398 2178 3600 2232 autem

1944 2262 2443 2318 HeliseuszAudite
2456 2260 2703 2316 verbum
2719 2260 3107 2317 Dominizbaac
3124 2261 3261 2317 dicit
3276 2261 3555 2319 Dominus
3581 2281 3594 2319 :

1940 2353 2002 2406 In
2034 2354 2301 2423 tempore
2322 2351 2436 2407 hoc
2455 2363 2586 2407 cras
2613 2350 2854 2406 modius
2874 2349 3080 2405 similae
3100 2365 3221 2405 uno
3240 2353 3452 2406 statere
3469 2351 3596 2422 erit,

1938 2445 1995 2496 et
2023 2439 2145 2496 duo
2176 2438 2361 2494 modii
2386 2440 2593 2495 hordei
2614 2443 2825 2495 statere
2851 2454 2995 2505 uno,
3020 2438 3079 2494 in
3099 2442 3273 2512 porta
3291 2440 3594 2499 Samariaa.

1936 2526 2323 2601 Respondeas
2345 2544 2501 2583 unus
2531 2528 2604 2583 de
2631 2526 2907 2593 ducibus,
2936 2544 3115 2600 super
3144 2528 3315 2599 cujus
3344 2542 3595 2587 manum

1934 2632 2038 2672 rex
2063 2615 2473 2682 incumbebat,
2490 2615 2718 2672 homini
2738 2616 2863 2686 Dei,
2883 2616 2965 2671 ait
2988 2633 3001 2670 :
3027 2616 3083 2673 Si
3106 2616 3393 2673 Dominus
3415 2618 3596 2676 etiam

1932 2705 2135 2762 fecerit
2165 2709 2495 2761 cataractas
2532 2704 2593 2759 in
2633 2703 2801 2771 coelo,
2845 2703 3144 2777 numquid
3197 2707 3413 2777 poterit
3438 2723 3589 2775 esse,

1934 2800 2097 2865 quod
2121 2793 2384 2865 loqueris
2404 2792 2432 2847 ?
2451 2793 2561 2859 Qui
2591 2792 2671 2847 ait
2698 2812 2713 2845 ε
2738 2792 2975 2847 Videbis
3006 2792 3198 2848 oculis
3219 2795 3354 2862 tuis,
3382 2798 3438 2851 et
3454 2795 3593 2851 inde

1933 2897 2054 2937 non
2087 2879 2387 2937 comedes.
2413 2882 2680 2947 Quatuor
2708 2895 2849 2949 ergo
2870 2879 2981 2935 viri
3010 2879 3409 2953 erantleprosi
3424 2881 3593 2953 juxta

1931 2968 2237 3026 introitum
2261 2973 2447 3041 portae
2468 2986 2479 3024 :
2501 2968 2604 3041 qui
2621 2968 2899 3024 dixerunt
2917 2968 2995 3024 ad
3008 2966 3264 3025 invicem
3289 2986 3303 3026 :
3323 2969 3477 3035 Quid
3492 2968 3590 3027 hic

1931 3074 2062 3115 esse
2072 3056 2573 3127 volumus,donec
2594 3055 2929 3113 moriamur
2946 3057 2974 3112 ?
2992 3058 3114 3114 sive
3134 3056 3366 3128 ingredi
3386 3057 3592 3115 volue-

1894 3174 1902 3211 ι
1926 3144 2116 3205 rimus
2132 3148 2449 3211 civitatem,
2474 3146 2631 3202 fame
2649 3146 2974 3202 moriemur
3002 3164 3013 3202 :
3040 3147 3162 3201 sive
3184 3146 3589 3203 manserimus

1928 3238 2046 3303 hic,
2074 3236 2249 3292 nobis
2276 3235 2659 3291 moriendum
2699 3238 2786 3291 est
2814 3251 2828 3290 :
2851 3235 3046 3291 venite
3068 3251 3231 3307 ergo,
3256 3239 3311 3291 et
3337 3236 3590 3293 transfu-

1928 3325 2165 3395 giamus
2195 3323 2271 3380 ad
2298 3327 2493 3379 castra
2515 3323 2697 3395 Syrias
2726 3340 2739 3377 :
2770 3323 2816 3378 si
2834 3323 3588 3396 pepercerintnobis,vive-

1928 3430 2063 3469 mus
2094 3431 2106 3468 :
2133 3411 2180 3467 si
2202 3415 2400 3467 autem
2418 3411 2689 3467 occidere
2708 3410 3020 3478 voluerint,
3044 3411 3431 3469 nihilominus
3452 3427 3577 3469 mo-

1926 3502 2169 3557 riemur.
2202 3502 2593 3557 Surrexerunt
2621 3515 2762 3570 ergo
2810 3499 3058 3570 vesperi,
3102 3504 3167 3555 ut
3204 3501 3469 3557 venirent
3506 3497 3587 3558 ad

1928 3594 2125 3647 castra
2159 3588 2366 3660 Syriae.
2394 3590 2661 3661 Cumque
2687 3586 2988 3644 venissent
3009 3588 3087 3645 ad
3112 3588 3473 3662 principium
3495 3605 3588 3645 ca-

1929 3685 2190 3736 strorum
2208 3677 2653 3750 Syrize,nullum
2667 3676 2893 3733 ibidem
2906 3677 3586 3751 repererunt.Siquidem

1929 3767 2216 3824 Dominus
2247 3766 2509 3821 sonitum
2536 3764 2731 3821 audiri
2769 3763 2990 3822 fecerat
3013 3782 3298 3822 curruum
3326 3769 3586 3841 etequo-

1927 3858 2147 3919 rum,et
2167 3853 2459 3909 exercitus
2480 3852 2720 3925 plurimi
2744 3870 2757 3905 ς
2777 3852 3175 3925 dixeruntque
3197 3852 3274 3909 ad
3292 3852 3541 3910 invicem
3566 3870 3582 3911 :

1928 3958 2064 3999 ecce
2078 3941 2347 3997 mercede
2359 3940 2641 3996 conduxit
2652 3936 2969 3996 adversum
2981 3955 3092 3997 nos
3102 3954 3207 3997 rex
3223 3942 3399 3999 Israel
3414 3956 3585 4012 reges

1930 4030 2331 4091 Hethaaorum,
2346 4032 2402 4083 et
2422 4026 2861 4100 Egyptiorum,
2880 4029 2935 4083 et
2949 4030 3241 4085 venerunt
3256 4045 3431 4103 super
3448 4045 3585 4105 nos.

1928 4120 2323 4174 Surrexerunt
2354 4132 2517 4186 ergo,
2543 4121 2597 4172 et
2618 4116 2899 4186 fugerunt
2914 4116 2975 4171 in
3000 4115 3282 4186 tenebris,
3301 4120 3358 4173 et
3380 4114 3587 4174 dereli-

1930 4209 2189 4280 querunt
2223 4205 2479 4260 tentoria
2496 4219 2625 4269 sua,
2646 4208 2699 4259 et
2723 4219 2910 4275 equos
2932 4209 2989 4259 et
3017 4202 3219 4259 asinos
3246 4204 3508 4260 etmulos
3524 4202 3587 4261 in

1930 4291 2826 4364 castris,fugeruntque,animas
2841 4295 3071 4348 tantum
3084 4307 3226 4347 suas
3246 4290 3475 4349 salvare
3487 4309 3588 4349 cu-

1930 4384 2179 4456 pientes.
2210 4381 2392 4451 Igitur
2413 4394 2550 4436 cum
2574 4380 2873 4436 venissent
2898 4379 3116 4454 leprosi
3148 4374 3227 4436 illi
3266 4378 3344 4437 ad
3373 4381 3589 4455 princi-

1930 4472 2099 4545 pium
2114 4467 2731 4540 castrorum,ingressi
2744 4472 3083 4525 suntunum
3104 4468 3587 4543 tabernaculum,

1930 4566 1986 4617 et
2015 4558 2402 4616 comederunt
2433 4556 2782 4615 etbiberunt
2808 4558 3185 4632 tuleruntque
3215 4557 3356 4614 inde
3378 4575 3588 4630 argen-

1930 4655 2074 4714 tum,
2119 4653 2173 4705 et
2201 4662 2435 4713 aurum,
2458 4651 2513 4703 et
2542 4652 2754 4712 vestes,
2785 4650 2841 4703 et
2865 4646 3156 4717 abierunt,
3184 4649 3239 4703 et
3255 4645 3587 4703 absconde-

1929 4743 2066 4795 runt
2080 4756 2095 4793 :
2110 4741 2165 4793 et
2178 4753 2415 4792 rursum
2439 4736 2665 4792 reversi
2684 4740 2821 4792 sunt
2837 4735 2913 4792 ad
2929 4733 3087 4790 aliud
3104 4734 3582 4803 tabernaculum,

1932 4831 1988 4883 et
2007 4826 2145 4882 inde
2165 4825 2430 4881 similiter
2446 4825 2780 4882 auferentes
2797 4822 3262 4880 absconderunt.
3285 4822 3588 4880 Dixerunt-

1931 4931 2049 4988 que
2082 4914 2426 4971 adinvicem
2454 4933 2465 4971 :
2488 4916 2614 4969 Non
2634 4916 2788 4967 recte
2808 4910 3098 4967 facimus:
3127 4911 3256 4967 haec
3278 4911 3437 4968 enim
3459 4911 3585 4968 dies

1932 5004 2075 5059 boni
2106 5001 2307 5058 nuncii
2338 5005 2447 5056 est.
2475 5001 2531 5055 Si
2549 5000 2934 5066 tacuerimus,
2970 5005 3024 5055 et
3049 4999 3421 5057 noluerimus
3438 5016 3589 5058 nun-

1934 5092 2091 5149 ciare
2106 5107 2293 5163 usque
2311 5088 2750 5156 mane,sceleris
2769 5104 3115 5161 arguemur:
3134 5090 3583 5159 venite,eamus,

1934 5185 1991 5238 et
2017 5181 2374 5237 nunciemus
2399 5179 2457 5235 in
2491 5179 2629 5235 aula
2650 5179 2824 5250 regis.
2860 5181 3127 5253 Cumque
3175 5179 3477 5236 venissent
3507 5170 3587 5237 ad

1935 5275 2168 5343 portam
2196 5269 2465 5335 civitatis,
2499 5272 2893 5325 narraverunt
2919 5267 3022 5335 eis,
3043 5267 3337 5324 dicentes:
3366 5265 3588 5322 Ivimus

1936 5359 2014 5415 ad
2043 5364 2235 5414 castra
2259 5360 2462 5430 Syriae,
2492 5356 2787 5413 etnullum
2806 5356 3027 5413 ibidem
3046 5358 3375 5429 reperimus
3399 5352 3589 5408 homi-

1938 5464 2098 5512 nem,
2120 5448 2229 5501 nisi
2261 5462 2467 5520 equos,
2487 5453 2542 5502 et
2560 5447 2760 5502 asinos
2780 5446 3070 5517 alligatos,
3101 5445 3291 5500 etﬁxa
3313 5439 3582 5507 tentoria.

1940 5538 2137 5592 lerunt
2150 5549 2291 5606 ergo
2304 5533 2567 5608 portarii,
2587 5538 2642 5591 et
2657 5535 3091 5605 nunciaverunt
3116 5531 3176 5587 in
3196 5528 3414 5603 palatio
3433 5524 3591 5596 regis

1942 5624 2318 5682 intrinsecus.
2371 5621 2481 5693 Qui
2512 5620 2766 5681 surrexit
2809 5622 3002 5693 necte,
3048 5620 3105 5676 et
3132 5616 3214 5678 ait
3243 5615 3322 5674 ad
3388 5612 3591 5671 serves
