4194 6438
509 332 617 390 599

1776 319 2228 382 BREVIAHIUM
2265 317 2642 380 GOTHICUM
2654 361 2666 376 .

3835 310 3956 371 600

514 467 655 508 suos
681 466 695 506 :
723 448 863 505 Dico
889 447 1060 504 vobis
1093 446 1242 519 quid
1277 445 1519 503 fecerint
1545 446 1719 503 nobis
1749 447 1916 519 Syri:
1961 446 2152 502 sciunt
2187 445 2236 502 Α
2259 444 2572 504 consilium
2598 441 2888 500 custodiet
2916 444 2993 506 te,
3021 441 3078 497 et
3105 437 3426 512 prudentia
3454 435 3732 493 servabit
3761 436 3850 502 te,
3883 438 3956 491 ut

512 538 657 611 quia
686 537 841 592 fame
869 529 1236 596 laboramus,
1258 537 1312 588 et
1328 533 1547 589 idcirco
1573 535 1944 602 egressisunt
1957 533 2030 589 de
2062 549 2154 588 ca-

514 626 670 687 stris,
697 627 752 678 et
771 622 998 677 latitant
1025 621 1086 676 in
1107 621 1284 690 agris,
1307 621 1569 676 dicentes
1593 639 1604 676 :
1632 622 1776 677 Cum
1795 621 2012 690 egressi
2033 621 2155 676 fue-

514 712 634 768 rint
657 710 730 765 de
762 709 1018 772 civitate,
1043 709 1339 780 capiemus
1357 723 1457 763 eos
1479 709 1670 778 vivos,
1702 715 1758 764 et
1790 716 1929 766 tunc
1958 709 2159 765 civita-

517 803 635 855 tem
669 797 901 866 ingredi
930 796 1277 868 poterimus.
1302 796 1620 867 Respondit
1636 801 1835 853 autem
1860 813 2013 853 unus
2043 813 2160 852 ser-

515 901 725 942 vorum
742 885 869 955 ejus
890 903 901 942 :
921 884 1217 940 Tollamus
1229 883 1494 956 quinque
1512 899 1717 956 equos,
1738 885 1843 957 qui
1860 900 2162 941 remanse-

521 973 1066 1045 runtinurbe(quia
1080 971 1190 1043 ipsi
1205 976 1432 1027 tantum
1447 977 1583 1027 sunt
1597 973 1660 1027 in
1674 973 2161 1030 universamulli-

524 1061 724 1118 tudine
743 1060 936 1128 Israel,
957 1059 1222 1115 aliienim
1241 1060 1582 1130 consumpsi
1604 1062 1760 1131 sunt)
1773 1065 1828 1116 et
1841 1062 2155 1126 mittentes,

523 1148 827 1219 explorare
849 1147 1193 1219 poterimus.
1213 1146 1597 1203 Adduxerunt
1618 1163 1756 1216 ergo
1779 1149 1929 1204 duos
1951 1165 2160 1222 equos,

524 1233 800 1305 misitque
821 1249 923 1288 rex
953 1235 1012 1289 in
1043 1238 1236 1289 castra
1263 1235 1567 1304 Syrorum,
1591 1235 1792 1292 dicens
1827 1258 1839 1291 :
1873 1241 1968 1303 lte,
2002 1241 2057 1292 et
2081 1237 2160 1292 vi-

523 1323 654 1378 dete
668 1365 680 1377 .
695 1321 804 1386 Qui
821 1321 1241 1394 abieruntpost
1256 1337 1356 1377 eos
1371 1338 1559 1394 usque
1572 1323 1649 1380 ad
1665 1324 1980 1380 Jordanem
1999 1340 2010 1378 :
2027 1340 2160 1381 ecce

524 1415 722 1467 autem
759 1410 956 1464 omnis
975 1411 1073 1464 via
1102 1410 1275 1481 plena
1313 1415 1436 1466 erat
1455 1412 1717 1467 vestibus
1747 1417 1801 1468 et
1820 1414 1997 1479 vasis,
2026 1430 2162 1485 quae

524 1498 897 1569 projecerant
915 1496 1041 1569 Syri
1059 1513 1196 1552 cum
1213 1499 1597 1554 turbarentur
1616 1517 1628 1551 :
1649 1501 1987 1572 reversique
2008 1517 2162 1556 nun-

526 1585 599 1640 cii
624 1583 1037 1639 indicaverunt
1056 1583 1202 1653 regi.
1232 1587 1296 1640 Et
1325 1599 1596 1655 egressus
1620 1587 1899 1659 populus,
1925 1588 2165 1661 diripuit

526 1675 722 1728 castra
741 1671 919 1744 Syria:
945 1691 956 1730 :
999 1671 1311 1744 factusque
1336 1679 1425 1728 est
1450 1675 1685 1730 modius
1715 1676 1921 1732 similae
1954 1682 2164 1732 statere

2263 533 2488 588 eruaris
2521 548 2558 588 a
2579 532 2673 586 via
2703 530 2880 595 mala,
2909 532 2966 584 et
2991 528 3068 584 ab
3092 527 3352 596 homine,
3383 527 3489 600 qui
3531 539 3836 595 perversa
3863 521 3952 578 lo-

2263 620 2463 692 quitur
2486 636 2498 673 :
2518 619 2621 691 qui
2641 618 2982 690 relinquunt
3001 617 3108 672 iter
3129 619 3380 682 rectum,
3395 620 3452 669 et
3472 612 3812 669 ambulant
3839 625 3953 682 per

2264 707 2394 762 vias
2416 707 2760 762 tenebrosas
2792 705 2927 777 :qui
2945 705 3220 760 laetantur
3249 719 3390 758 cum
3413 699 3869 765 malefecerint,
3894 705 3954 756 et

2267 794 2532 850 exultant
2557 794 2618 849 in
2643 793 2820 848 rebus
2851 792 3124 863 pessimis
3153 810 3166 844 :
3194 806 3455 863 quorum
3477 789 3594 844 vim
3621 802 3949 860 perversae

2270 886 2426 948 sunt,
2455 886 2512 936 et
2539 881 2790 936 infames
2804 895 3044 948 gressus
3062 895 3268 934 eorum
3288 878 3460 950 (Cap.
3482 877 3592 946 v1).
3615 877 3835 940 Serva,
3863 873 3952 931 ﬁli

2270 970 2369 1037 mi,
2400 969 2684 1024 mandata
2707 983 2861 1031 mea,
2894 972 2951 1022 et
2979 967 3143 1022 vives
3179 984 3191 1022 :
3216 970 3272 1022 et
3296 966 3492 1035 legem
3520 980 3735 1020 meam
3761 964 3950 1036 quasi

2266 1057 2552 1130 pupillam
2579 1056 2735 1112 oculi
2764 1055 2869 1110 tui.
2903 1067 2966 1125 ﬁ.
2990 1057 3195 1111 Amen.

2476 1145 2668 1201 Lectio
2701 1145 2842 1200 libri
2870 1145 3052 1201 Esaiae
3079 1144 3391 1212 Prophetas
3425 1143 3605 1212 ,(Cap.
3633 1141 3720 1212 L).

2340 1245 2401 1304 1p.
2433 1235 2547 1288 Deo
2576 1232 2817 1303 gratias.

2341 1322 2480 1386 Quis
2500 1325 2584 1376 est
2604 1320 2699 1375 hic
2716 1319 2862 1375 liber
2873 1319 3102 1390 repudii
3117 1319 3322 1374 matris
3343 1323 3719 1391 vestrae,quo
3737 1317 3951 1374 dimisi

2271 1425 2400 1466 eam
2424 1409 2451 1462 ?
2474 1413 2574 1465 aut
2598 1409 2733 1480 quis
2757 1412 2844 1464 est
2874 1407 3126 1464 creditor
3153 1423 3344 1471 meus,
3377 1407 3474 1462 cui
3501 1407 3761 1462 vendidi
3788 1422 3902 1462 vos
3921 1407 3951 1462 ?

2271 1512 2406 1552 ecce
2435 1497 2594 1550 enim
2612 1496 2671 1550 in
2692 1495 3102 1568 iniquitatibus
3123 1496 3336 1550 vestris
3354 1494 3589 1551 venditi
3611 1495 3786 1563 estis,
3810 1494 3948 1549 etin

2275 1584 2594 1640 sceleribus
2611 1584 2818 1638 vestris
2830 1583 3023 1638 dimisi
3042 1588 3292 1638 matrem
3311 1582 3772 1648 vestram.Quia
3784 1582 3943 1647 veni,

2272 1676 2459 1728 etnon
2475 1676 2598 1727 erat
2617 1673 2725 1726 vir:
2749 1671 2972 1740 vocavi,
2998 1676 3053 1725 et
3071 1687 3188 1726 non
3213 1671 3451 1742 eratqui
3465 1670 3712 1726 audiret
3733 1688 3747 1726 :
3769 1685 3949 1726 num-

527 1774 669 1826 uno,
692 1759 884 1815 etduo
907 1759 1089 1814 modii
1109 1759 1314 1815 hordei
1330 1765 1541 1816 statere
1564 1777 1704 1827 uno,
1724 1764 1894 1832 juxta
1915 1764 2160 1818 verbum
2202 1775 2244 1829 Β
2272 1759 2418 1832 quid
2441 1759 2790 1814 abbreviata
2810 1765 2864 1814 et
2888 1759 3133 1830 parvula.
3153 1758 3313 1813 facta
3338 1763 3426 1813 est
3444 1774 3674 1814 manus
3698 1774 3856 1822 mea,
3878 1761 3948 1813 ut

527 1846 787 1902 Domini.
819 1847 999 1902 Porro
1015 1862 1120 1902 rex
1147 1847 1361 1904 ducem
1383 1848 1572 1918 illum,
1600 1849 1659 1904 in
1682 1851 1852 1920 cujus
1871 1853 2164 1907 manuin-

529 1934 838 1999 cubuerat,
868 1934 1169 1991 constituit
1197 1935 1274 1991 ad
1300 1941 1532 2008 portam
1566 1953 1778 2010 :quem
1800 1939 2167 1996 conculcavit

527 2020 705 2078 turba
722 2021 782 2076 in
806 2021 1274 2094 introitulportas,
1305 2027 1360 2080 et
1388 2031 1658 2083 mortuus
1686 2031 1794 2091 est,
1814 2029 1985 2097 juxta
2003 2027 2167 2100 quod

525 2107 760 2166 locutus
787 2107 979 2166 fuerat
1012 2110 1102 2165 vir
1130 2110 1250 2169 Dei.
1272 2122 1338 2182 Bg.
1360 2112 1567 2168 Amen.

569 2267 573 2270 _
601 2197 904 2268 Hymnus.
935 2197 1128 2254 Noctis
1157 2202 1411 2272 tempus.
1441 2201 1555 2269 fol.
1583 2205 1706 2258 257.

602 2284 901 2354 Capitula.
929 2285 1148 2342 Christe
1166 2287 1266 2342 Dei
1295 2287 1488 2354 Filius,
1511 2303 1692 2361 quem
1709 2290 1861 2345 Deus
1876 2289 2041 2347 Pater
2061 2307 2168 2364 pro

529 2372 708 2430 nobis
725 2371 1009 2428 omnibus
1034 2373 1290 2440 tradidit,
1307 2391 1441 2430 cum
1460 2391 1661 2431 veram
1686 2381 1740 2432 te
1752 2393 1860 2449 pro
1874 2379 2046 2434 nobis
2066 2380 2170 2435 ho-

531 2460 707 2516 stiam
731 2459 864 2532 ipse
880 2462 1139 2533 suscepit
1157 2478 1171 2528 ;
1196 2463 1428 2534 suscipe
1440 2463 1799 2520 desiderium
1820 2467 2022 2539 populi
2045 2467 2128 2523 tui
2155 2486 2167 2521 :

529 2561 684 2619 quos
703 2545 1001 2602 redemisti
1025 2547 1191 2604 salva
1217 2570 1230 2605 :
1259 2564 1413 2621 quos
1435 2549 1720 2615 liberasti,
1743 2551 1978 2609 viviﬁca
2006 2570 2018 2609 :
2049 2569 2170 2610 non

531 2632 694 2689 sinas
717 2633 779 2688 in
803 2637 1150 2706 perpetuum
1167 2635 1390 2691 luctum
1411 2636 1511 2704 ire,
1531 2653 1707 2710 quos,
1724 2654 1799 2694 ne
1821 2641 2171 2712 perpetuali-

531 2724 618 2778 ter
669 2721 942 2793 perirent,
986 2723 1198 2778 venisti
1231 2723 1554 2792 redimere;
1600 2725 1780 2782 clavis
1822 2728 2042 2784 timoris
2086 2730 2170 2786 tui

529 2809 761 2880 conﬁge
781 2824 883 2866 cor
898 2814 1171 2866 nostrum
1197 2811 1299 2884 qui
1321 2827 1426 2884 pro
1453 2812 1625 2868 nobis
1654 2815 1938 2871 omnibus
1966 2821 2021 2873 et
2043 2833 2167 2873 cru-

529 2911 659 2954 cem
688 2911 902 2969 passus
921 2913 1002 2962 es,
1021 2901 1078 2954 et
1096 2898 1478 2970 sepulchrum
1503 2917 1517 2955 :
1537 2904 1600 2956 ut
1617 2917 1721 2973 per
1742 2907 1792 2958 te
1814 2908 1870 2958 et
1884 2903 1978 2960 hic
1995 2903 2168 2961 nobis

529 2985 602 3040 sit
627 2985 895 3043 remissio
912 2985 1245 3053 criminum,
1266 2992 1322 3043 et
1339 2987 1400 3043 in
1426 2987 1623 3044 futuro
1645 2995 1997 3064 perpetuum
2026 3008 2167 3061 gau-

529 3070 718 3141 dium,
744 3087 925 3145 quem
955 3089 1064 3146 pro
1093 3073 1369 3132 omnibus
1399 3076 1696 3132 credimus
1723 3077 2094 3136 cruciﬁxum.

600 3163 767 3216 Pater
794 3165 1020 3218 noster.

599 3248 830 3306 Lauda.
880 3249 963 3305 Da
989 3251 1070 3306 eis
1112 3250 1491 3320 intellectum,
1539 3251 1807 3318 Domine,
1842 3256 1903 3308 ut
1941 3253 2173 3311 discant

533 3335 704 3408 357
728 3337 1016 3394 mandata
1036 3337 1237 3397 tuaJl’.
1279 3337 1476 3392 Deduc
1505 3353 1602 3393 me
1627 3339 1686 3394 in
1710 3337 1904 3409 legem
1924 3343 2173 3400 manda-

529 3427 725 3480 torum
759 3444 772 3483 :
803 3425 1093 3497 quoniam
1115 3425 1313 3496 ipsam
1346 3424 1529 3480 volui.

603 3512 828 3568 Oratio.
870 3512 1224 3582 Equitatem
1255 3511 1733 3569 testimoniorum
1767 3517 2025 3584 tuorum,
2062 3520 2172 3574 Do-

532 3597 711 3662 mine,
738 3599 811 3653 da
863 3598 1038 3653 nobis
1088 3597 1336 3653 avidiori
1389 3615 1564 3654 sensu
1604 3616 1849 3673 capere:
1884 3608 1965 3673 ut,
2009 3606 2173 3677 quod

531 3683 853 3740 mortiﬁcat
890 3685 950 3739 in
977 3699 1088 3739 nos
1127 3685 1386 3751 stultitia,
1443 3687 1697 3745 viviﬁcet
1725 3705 1762 3747 a
1804 3694 1856 3748 te
1884 3693 2174 3764 sapientia

532 3770 848 3846 destinata.
876 3782 941 3842 Βι.
972 3772 1187 3830 Amen.

581 3867 586 3872 ·
1130 3863 1174 3916 Α
1187 3862 1228 3917 d
1284 3863 1564 3922 Tertiam.

801 3947 1252 4006 Proverbiorum
1280 3951 1614 4009 Salomonis
1644 3955 1810 4026 (Cap.
1835 3955 1896 4028 ι).

602 4046 672 4106 ειν.
722 4039 839 4093 Deo
870 4037 1107 4107 gratias.

603 4124 704 4181 Fili
734 4125 834 4192 mi,
867 4126 1003 4182 audi
1024 4127 1395 4200 disciplinam
1417 4129 1598 4201 patris
1621 4131 1724 4198 tui,
1745 4137 1890 4190 etne
1906 4135 2171 4192 dimittas

529 4213 722 4285 legem
750 4216 955 4272 matris
981 4220 1092 4272 tuae
1130 4235 1141 4272 :
1173 4224 1238 4274 ut
1265 4219 1520 4274 addatur
1545 4221 1738 4289 gratia
1763 4223 1937 4294 capiti
1965 4229 2084 4291 tuo,
2117 4229 2175 4282 et

529 4306 772 4375 torques
786 4303 938 4358 collo
951 4308 1052 4359 tuo
1065 4346 1077 4359 .
1093 4305 1194 4359 Fili
1217 4305 1373 4369 mi,si
1387 4310 1441 4362 te
1452 4307 1798 4365 lactaverint
1812 4317 2171 4381 peccatores,

530 4382 608 4444 ne
638 4390 988 4461 acquiescas
1017 4390 1199 4446 eis.Si
1231 4391 1508 4448 dixerint:
1531 4395 1674 4449 Veni
1697 4396 2175 4468 nobiscum,insi-

531 4476 768 4531 diemur
797 4476 1096 4545 sanguini,
1131 4477 1575 4535 abscondamus
1602 4481 1931 4540 tendiculas
1971 4493 2175 4547 contra

532 4562 829 4619 insontem
855 4562 1112 4619 frustra:
1136 4564 1535 4633 deglutiamus
1564 4584 1702 4624 eum
1728 4571 1879 4628 sicut
1908 4573 2174 4635 infernus

531 4649 912 4718 viventem,et
926 4651 1222 4720 integrum
1236 4654 1406 4724 quasi
1421 4654 1865 4714 descendentem
1881 4662 1939 4716 in
1952 4661 2168 4723 lacum.

534 4738 784 4794 Omnem
797 4737 1114 4810 pretiosam
1130 4738 1516 4799 substantiam
1531 4746 1809 4816 reperiam
1821 4750 2173 4824 us,implebi-

533 4841 670 4880 mus
687 4825 902 4881 domos
919 4831 1156 4883 nostras
1171 4829 1396 4900 spoliis.
1415 4833 1640 4889 Sortem
1655 4837 1814 4893 mitte
1832 4839 2169 4908 nobiscum,

534 4914 906 4983 marsupium
933 4914 1006 4970 sit
1029 4931 1210 4971 unum
1232 4919 1501 4976 omnium
1529 4929 1818 4980 nostrum.
1843 4927 1940 4982 Fili
1969 4929 2066 4995 mi,
2098 4946 2169 4986 ne

533 5000 805 5055 ambules
836 5017 972 5057 cum
1020 5004 1125 5070 eis,
1162 5007 1407 5078 prohibe
1437 5011 1648 5082 pedem
1684 5018 1851 5069 tuum
1883 5031 1917 5068 a
1948 5019 2171 5072 semitis

534 5102 765 5143 eorum.
792 5090 972 5146 Pedes
1004 5094 1160 5148 enim
1189 5095 1422 5152 illorum
1455 5100 1528 5154 ad
1564 5100 1788 5164 malum
1823 5109 2085 5171 currunt,
2116 5111 2171 5161 et

531 5173 810 5232 festinant
841 5182 903 5232 ut
932 5179 1239 5239 effundant
1279 5185 1654 5254 sanguinem.
1699 5189 1932 5242 Frustra
1972 5194 2168 5247 autem

525 5261 744 5333 jacitur
770 5269 892 5322 rete
913 5273 1047 5324 ante
1076 5271 1280 5326 oculos
1310 5277 1732 5342 pennatorum.
1774 5273 1893 5344 Ipsi
1930 5291 2170 5350 quoque

531 5356 736 5407 contra
747 5356 1076 5425 sanguinem
1095 5359 2166 5423 suuminsidiantur,etmoliunturfrau-

532 5437 638 5495 des
658 5444 864 5497 contra
883 5445 1114 5499 animas
1131 5460 1272 5498 suas
1291 5445 1461 5514 (Cap.
1479 5448 1561 5515 ιι).
1580 5446 1790 5513 Filimi,
1811 5448 1856 5503 si
1870 5447 2170 5510 intraverit

535 5525 824 5616 sapientia
847 5543 950 5595 cor
960 5531 1470 5610 tuum,ctscientia
1481 5533 1822 5616 animantum
1834 5536 2120 5609 placuerit
2152 5559 2164 5608 ς

2203 3102 2252 3164 C

2272 1863 2390 1903 non
2419 1862 2658 1918 possem
2688 1846 3022 1901 redimere?
3053 1851 3156 1902 aut
3182 1862 3301 1901 non
3325 1847 3496 1901 estin
3529 1863 3630 1902 me
3647 1847 3837 1902 virtus
3857 1844 3942 1902 ad

2272 1933 2651 1990 liberandum
2666 1934 2695 1989 ?
2712 1935 2852 1988 Ecce
2871 1934 2927 1987 in
2947 1932 3354 2004 increpatione
3373 1949 3513 1989 mea
3529 1934 3834 1990 desertum
3850 1932 3942 1990 fa-

2277 2021 2434 2078 ciam
2466 2036 2650 2088 mare,
2678 2036 2898 2092 ponam
2935 2020 3185 2076 ﬂumina
3206 2020 3267 2075 in
3291 2021 3520 2076 siccum
3557 2025 3934 2094 :computre-

2280 2112 2446 2165 scent
2463 2108 2660 2180 pisces
2679 2108 2803 2163 sine
2821 2123 3000 2180 aqua,
3025 2112 3079 2163 et
3100 2108 3434 2165 morientur
3456 2109 3519 2165 in
3541 2109 3646 2165 siti.
3668 2109 3918 2165 induam

2278 2197 2459 2254 cmlos
2492 2196 2769 2262 tenebris,
2821 2201 2877 2252 et
2928 2211 3170 2253 saccum
3217 2212 3448 2269 ponam
3488 2199 3933 2270 operimentum

2279 2299 2506 2342 eorum.
2536 2283 2822 2340 Dominus
2844 2283 3008 2339 dedit
3037 2283 3183 2340 mihi
3214 2283 3491 2356 linguam
3517 2285 3836 2351 eruditam,
3869 2288 3943 2340 ut

2279 2375 2466 2428 sciam
2497 2377 2823 2427 sustentare
2851 2387 3008 2435 eum,
3029 2372 3130 2444 qui
3157 2371 3365 2444 lapsus
3387 2379 3477 2430 est
3498 2373 3687 2429 verbo
3714 2389 3726 2429 :
3772 2373 3946 2443 erigit

2277 2475 2474 2526 mane,
2508 2475 2684 2516 mane
2728 2459 2899 2529 erigit
2927 2460 3322 2527 mihiaurem,
3366 2467 3431 2517 ut
3463 2463 3721 2518 audiam
3769 2461 3948 2534 quasi

2277 2549 2650 2618 magistrum,
2674 2549 2959 2603 Dominus
2983 2551 3132 2604 Deus
3150 2549 3543 2620 aperuitmihi
3569 2565 3809 2614 aurem,
3832 2563 3947 2619 ego

2278 2643 2475 2692 autem
2494 2651 2612 2691 non
2632 2635 2972 2692 contradico
2998 2653 3009 2688 :
3032 2640 3354 2692 retrorsum
3387 2653 3513 2694 non
3539 2637 3688 2694 abii.
3717 2641 3949 2710 Corpus

2278 2739 2481 2780 meum
2508 2723 2645 2778 dedi
2668 2723 3148 2795 percutientibus,
3181 2729 3236 2780 ct
3257 2740 3448 2796 genas
3480 2741 3656 2783 meas
3682 2726 3951 2782 vellenti-

2276 2812 2393 2868 bus
2418 2830 2431 2868 :
2466 2811 2675 2867 faciem
2702 2826 2899 2867 meam
2921 2827 3041 2868 non
3065 2813 3248 2868 averti
3271 2813 3350 2869 ab
3374 2814 3866 2888 increpantibus,
3892 2819 3952 2872 et

2277 2899 2739 2971 conspuentibus
2753 2900 2811 2953 in
2826 2899 3229 2956 me.Dominus
3247 2904 3399 2957 Deus
3412 2903 3744 2960 auxiliator
3759 2918 3946 2969 meus,

2278 2987 2480 3043 etideo
2497 3001 2618 3042 non
2647 3003 2780 3042 sum
2802 2987 3123 3044 confusus:
3147 2989 3282 3044 ideo
3299 2991 3474 3062 posui
3495 2990 3721 3047 faciem
3743 3005 3951 3047 meam

2280 3079 2346 3130 ut
2356 3079 2583 3147 petram
2602 3075 3006 3142 durissimum,
3027 3081 3082 3133 et
3098 3077 3220 3132 scio
3232 3078 3524 3150 quoniam
3546 3094 3673 3134 non
3695 3079 3952 3137 confun-

2279 3163 2406 3219 dar.
2434 3165 2606 3218 Juxta
2643 3168 2729 3218 est
2760 3164 2863 3235 qui
2901 3165 3188 3234 justiﬁcat
3217 3181 3333 3232 me,
3384 3167 3521 3240 quis
3569 3167 3955 3226 contradicat

2281 3251 2470 3306 mihi?
2497 3255 2717 3307 stemus
2758 3251 2955 3316 simul,
2984 3254 3121 3325 quis
3175 3259 3263 3309 est
3305 3255 3689 3314 adversarius
3727 3258 3954 3314 meus?

2281 3339 2525 3394 accedat
2541 3339 2617 3393 ad
2635 3342 2901 3395 me.Ecce
2919 3343 3205 3397 Dominus
3225 3358 3394 3398 meus
3408 3343 3736 3400 auxiliator
3747 3361 3951 3403 meus:

2281 3428 2416 3499 quis
2431 3433 2519 3482 est
2536 3427 2636 3499 qui
2651 3429 3005 3485 condemnet
3021 3431 3157 3486 me?
3174 3434 3320 3488 Ecce
3341 3448 3555 3489 omnes
3573 3435 3758 3507 quasi
3775 3434 3958 3490 vesti-

2281 3519 2550 3571 mentum
2589 3520 2980 3583 conterentur,
3025 3519 3187 3576 tinea
3223 3519 3499 3577 comedet
3536 3536 3663 3577 eos.
3701 3521 3860 3588 Quis
3885 3538 3957 3579 ex

2281 3602 2450 3659 vobis
2480 3603 2693 3658 timens
2726 3605 3067 3671 Dominum,
3089 3606 3341 3662 audiens
3369 3623 3583 3666 vocem
3616 3609 3782 3664 servi
3816 3610 3911 3666 sui
3931 3609 3958 3665 ?

2279 3690 2444 3761 (Cap.
2475 3691 2616 3762 xu.)
2639 3693 2770 3747 Hazc
2792 3691 2937 3748 dixit
2965 3694 3253 3751 Dominus
3282 3697 3458 3751 :Ecce
3489 3695 3959 3754 confundentur

2281 3783 2338 3834 et
2361 3779 2710 3835 erubescent
2747 3796 2979 3849 omnes,
3015 3783 3117 3854 qui
3156 3788 3433 3856 pugnant
3461 3785 3796 3842 adversum
3854 3792 3911 3843 te
3943 3803 3954 3842 :

2281 3872 2453 3924 erunt
2473 3870 2639 3941 quasi
2669 3883 2788 3925 non
2821 3869 2938 3926 sint
2979 3889 2992 3923 :
3027 3876 3084 3926 et
3111 3872 3392 3944 peribunt
3420 3873 3550 3939 viri,
3577 3875 3692 3947 qui
3711 3881 3960 3934 contra-

2281 3955 2484 4011 dicunt
2524 3956 2643 4011 tibi.
2679 3959 2914 4022 Qumres
2945 3974 3066 4021 eos,
3091 3964 3145 4014 et
3170 3975 3290 4015 non
3318 3961 3614 4030 invenies,
3663 3963 3838 4020 viros
3871 3980 3957 4020 re-

2279 4043 2462 4099 belles
2491 4047 2623 4100 tuos
2657 4060 2667 4100 :
2703 4050 2758 4099 et
2785 4047 3146 4119 eruntquasi
3172 4064 3290 4103 non
3317 4049 3434 4103 sint
3463 4067 3476 4104 :
3511 4056 3569 4104 et
3592 4051 3778 4107 veluti
3815 4069 3958 4110 con-

2283 4131 2538 4202 sumptio
2567 4132 2837 4188 homines
2868 4133 3155 4189 bellantes
3185 4135 3505 4192 adversum
3535 4141 3610 4192 te.
3645 4140 3813 4204 Quia
3843 4156 3954 4214 ego

2283 4219 2570 4274 Dominus
2603 4223 2754 4275 Deus
2803 4226 2936 4275 tuus
2967 4223 3428 4294 apprehendens
3460 4241 3720 4282 manum
3747 4232 3954 4299 tuam,

2281 4306 2602 4380 dicensque
2622 4308 2722 4363 tibi
2745 4329 2757 4363 :
2778 4310 2858 4364 Ne
2873 4309 3102 4378 timeas,
3125 4326 3235 4382 ego
3257 4312 3330 4367 ad
3333 4312 3462 4383 juvi
3481 4317 3560 4384 te,
3579 4315 3732 4373 dicit
3751 4319 3958 4376 Domi-

2281 4411 2397 4451 nus
2438 4397 2834 4471 omnipotens.
2862 4410 2927 4469 ῐςι.
2965 4404 3175 4456 Amen.

2351 4484 2694 4554 Antiphona
2709 4488 3047 4543 3.Dixerunt
3066 4489 3228 4560 apud
3252 4506 3312 4545 se
3332 4491 3667 4560 cogitantes
3691 4494 3918 4568 iniqua
3941 4513 3953 4551 :

2283 4572 2472 4628 Homo
2488 4573 2596 4630 iste
2611 4574 2908 4630 beatiﬁcat
2925 4577 3254 4632 novissima
3260 4577 3280 4648 j
3292 4583 3562 4635 ustorum
3581 4585 3639 4636 et
3651 4581 3960 4652 gIOriatur

2281 4667 2512 4735 patrem
2529 4678 2590 4717 se
2603 4663 2823 4718 habere
2838 4664 3022 4718 Deum
3036 4707 3048 4720 .
3065 4664 3388 4720 Videamus
3407 4666 3455 4721 si
3478 4683 3808 4726 sermones
3825 4673 3958 4742 ejus

2279 4751 2402 4807 veri
2434 4754 2657 4815 sunt,et
2685 4755 3133 4824 tentemus,qua3
3154 4759 3405 4809 ventura
3427 4760 3567 4810 sunt
3582 4757 3658 4811 ei.
3688 4759 3875 4822 Quod
3910 4761 3958 4816 si

2281 4855 2452 4894 verus
2482 4843 2564 4892 est
2592 4837 2747 4891 ﬁlius
2769 4838 2887 4904 Dei,
2915 4841 3396 4911 suscipietillum,
3417 4847 3472 4897 et
3496 4842 3784 4901 liberabit
3810 4865 3952 4903 eum

2280 4926 2353 4980 de
2382 4940 2565 4980 manu
2590 4927 3040 4981 contrariorum.
3065 4927 3126 4987 ἡ.
3151 4930 3213 4982 Et
3235 4928 3837 4996 ingrediebantur,ut
3864 4937 3954 4990 vi-

2279 5012 2935 5073 derent,vanalocutum
2955 5022 3038 5069 est
3055 5031 3156 5070 cor
3171 5028 3955 5089 eorum,congregaverunt

2277 5102 2650 5172 iniquitatem
2678 5101 2814 5156 sibi.
2857 5105 2919 5157 Et
2944 5104 3399 5171 egrediebantur
3429 5105 3614 5172 foras,
3641 5115 3700 5163 et
3729 5109 3956 5184 loque-

2278 5188 2513 5244 bantur.
2537 5189 2674 5242 Non
2712 5188 2952 5244 dicatur
2972 5191 3184 5246 Gloria.

2352 5278 2571 5333 Oratio.
2593 5275 2835 5341 Christe,
2856 5279 2951 5333 Dei
2981 5279 3170 5349 Filius,
3195 5279 3300 5351 qui
3331 5281 3662 5338 adversum
3698 5288 3759 5340 te
3787 5289 3956 5358 cogi-

2279 5366 2467 5419 tantes
2485 5363 3074 5436 iniqua,cruentaque
3098 5367 3500 5435 malignorum
3520 5371 3787 5428 consilia
3808 5375 3874 5430 in
3901 5383 3956 5431 te

2279 5451 2501 5523 patiens
2529 5451 2782 5509 tolerasti
2801 5469 2814 5520 ;
2833 5453 2911 5509 da
2928 5453 3120 5520 nobis,
3149 5456 3426 5527 exemplo
3454 5462 3557 5516 tuo
3587 5459 3828 5519 habere
3847 5479 3956 5520 cor

2277 5541 2528 5626 patiens,
2556 5543 2614 5606 et
2637 5540 2923 5636 adversos
2946 5543 3162 5616 aequali
3177 5543 3490 5635 tolerantia
3516 5563 3814 5622 superare
3850 5558 3953 5632 :ut
