4194 6452
508 383 614 469 eos

1771 377 2226 460 BREVIARIUM
2261 373 2646 451 G’drHICUM.

3823 373 3951 444 604

509 550 584 607 go
613 539 725 590 nas
748 531 990 605 justitire
1021 531 1188 602 stola,
1216 533 1282 588 ut
1308 530 1369 587 in
1399 544 1569 588 ccena
1593 532 1692 586 tua
1721 543 1844 584 sine
1861 525 2021 581 veste
2033 535 2142 578 nu-
2170 522 2215 575 Α
2253 519 2773 607 torum,quatenus
2786 509 2972 573 abluti
2999 525 3035 571 a
3055 509 3276 570 delictis
3305 523 3652 607 mereamur
3681 507 3952 567 Sanctis

507 621 670 696 ptiali
699 613 896 677 nullus
922 619 1236 678 accumbat
1261 641 1274 675 :
1307 620 1538 690 gaudiis
1557 615 1892 674 cmlestibus
1907 612 2045 670 novi
2065 616 2142 666 te-

508 710 780 768 stamenti
805 707 1142 766 convivium
1159 705 1365 764 ﬂoreat
1389 721 1400 762 :
1422 706 1625 780 procul
1648 705 1801 760 absit
1817 702 2140 772 dolus,quo

508 799 791 871 deceptus
816 803 901 854 est
931 798 1122 853 malus
1149 796 1241 851 ille
1271 795 1596 866 discipulus
1627 813 1638 852 :
1677 794 1750 849 sit
1773 793 1832 848 in
1863 788 2142 846 omnibus

510 887 661 942 ﬁdes
692 901 847 952 vera,
873 901 1006 958 spes
1036 887 1214 954 certa,
1236 889 1290 939 et
1317 883 1570 938 charitas
1601 897 1747 954 pura
1773 877 2144 951 :utspiritua-

511 971 667 1031 libus
701 973 1083 1030 sacramentis
1121 987 1240 1028 non
1261 971 1576 1027 damnetur
1614 966 1971 1024 conscientia
1999 983 2011 1034 ;
2038 961 2144 1018 sed

511 1077 618 1135 per
636 1061 799 1134 pacis
813 1061 1229 1133 charitatisque
1248 1064 1360 1114 tuae
1381 1057 1755 1113 dulcedinem
1772 1054 1847 1111 ab
1865 1052 2142 1110 omnibus

512 1147 812 1206 emundati
838 1147 991 1205 vitiis
1023 1146 1100 1205 ad
1114 1151 1166 1203 te
1197 1146 1639 1221 proclamemus
1666 1159 1696 1199 e
1724 1143 1927 1200 terris:

580 1237 747 1293 Pater
773 1239 990 1292 noster.

683 1341 778 1397 Ad
815 1342 1087 1412 Vesperas
1128 1346 1261 1410 post
1307 1339 1672 1409 «spoliatum
1701 1337 1920 1392 altare.

578 1445 1260 1516 Antiphona.0uomodo
1286 1445 1364 1501 ad
1387 1444 1678 1500 latronem
1697 1457 1836 1498 cum
1865 1437 2076 1509 gladiis
2092 1441 2147 1493 et

508 1533 761 1592 fustibus
780 1533 1024 1590 venistis
1039 1533 1542 1604 comprehendere
1572 1546 1696 1586 me:
1724 1529 2038 1585 vobiscum
2066 1525 2149 1580 fui

510 1623 752 1688 docens,
783 1625 842 1677 et
868 1636 991 1677 non
1006 1621 1279 1677 tenuistis
1296 1636 1408 1679 me.
1433 1622 1591 1675 Unus
1615 1634 1688 1674 ex
1700 1616 1870 1672 vobis
1908 1615 2149 1672 traditu~

509 1727 614 1766 rus
639 1715 726 1766 est
751 1724 866 1766 me.
899 1709 1357 1781 Responderunt
1380 1706 1656 1778 discipuli
1676 1706 1936 1762 dicentes
1960 1720 1970 1758 :
1997 1702 2152 1756 Nun-

511 1798 657 1870 quid
684 1811 795 1867 ego
819 1811 974 1862 sum,
1006 1797 1296 1852 Domine?
1323 1796 1434 1862 Qui
1472 1811 1730 1858 mecum,
1766 1793 1868 1857 ait,
1902 1805 2149 1846 manum

516 1885 686 1942 mittit
712 1885 774 1940 in
819 1885 1159 1956 paropside,
1192 1884 1288 1940 ille
1316 1899 1413 1940 me
1440 1883 1756 1940 traditurus
1805 1885 1893 1936 est
1951 1878 2147 1934 hodie.

515 1972 800 2028 Psalmus.
825 1988 978 2028 cvm.

588 2077 809 2132 Oratio.
839 2078 994 2142 Quas
1025 2075 1143 2143 tibi,
1176 2076 1422 2132 Domine
1435 2078 1571 2132 Iesu
1597 2075 1836 2139 Christe,
1864 2085 2152 2144 procruce

513 2163 830 2236 lacrymas,
859 2179 995 2235 qua
1020 2175 1129 2235 pro
1149 2164 1456 2233 sanguinis
1473 2163 1759 2218 etfusione
1785 2159 2043 2232 suspiria
2059 2157 2151 2212 vel

510 2251 772 2308 lamenta
782 2250 1202 2324 respondimus
1212 2253 1377 2324 ‘Iqum
1389 2252 1489 2323 pia
1502 2255 1640 2306 vota
1653 2249 1966 2305 reddamus
1977 2248 2152 2302 iEcoe

510 2353 672 2395 nunc
683 2353 939 2411 appares
956 2351 1066 2410 pro
1077 2339 1462 2410 nobis'pmnis
1473 2333 2116 2395 cruciandusindehitis
2134 2346 2149 2387 :

511 2441 584 2482 en
598 2426 826 2499 caperis
860 2439 876 2487 :
915 2427 1282 2498 expuendus,
1305 2426 1575 2498 expueris
1598 2421 2154 2494 :ﬂagellandus,ﬂa-

512 2513 772 2583 gellaris:
793 2515 1616 2583 cruciﬁgendu,erucitigeris
1632 2530 1645 2568 :
1661 2509 2152 2573 deridendus,de-

510 2602 719 2659 rideris
747 2618 762 2656 :
805 2607 972 2658 aceto
1001 2603 1430 2675 propinandus,
1457 2601 1792 2674 propinaris
1825 2615 1838 2653 :
1879 2611 2154 2654 consum-

511 2690 1591 2754 mandus,consummaris.Mirabiliter
1604 2692 1970 2743 surrecturus
1983 2700 2154 2757 parce

511 2777 705 2844 nobis,
741 2777 959 2833 Christe
982 2779 1251 2844 Domine,
1279 2793 1455 2849 parce
1483 2791 1766 2847 rogamus
1779 2791 1878 2847 per
1905 2774 2156 2830 admira-

513 2865 695 2922 bilem
734 2870 953 2921 sanetae
971 2865 1269 2937 passionis
1289 2881 1357 2922 ac
1382 2864 1824 2921 resurrectionis
1844 2867 1951 2917 tuae
1981 2864 2156 2915 virtu-

514 2957 654 3010 tem.
682 2955 763 3018 Et,
797 2953 946 3009 sicut
969 2953 1231 3025 paradisi
1261 2954 1449 3010 civem
1489 2952 1797 3008 reddidisti
1841 2950 2152 3008 latronem.

516 3041 595 3096 ita
614 3055 720 3112 per
747 3042 940 3096 crucis
957 3046 1073 3097 tua;
1098 3042 1404 3098 victoriam
1423 3056 1666 3096 omnem
1697 3057 1733 3095 a
1754 3038 1912 3093 malo
1940 3036 2154 3090 liberes

516 3124 1012 3198 mundum,atque
1023 3128 1369 3183 universam
1391 3127 1653 3182 redimas
1670 3124 1985 3180 hominum
1998 3135 2156 3175 crea-

515 3219 712 3270 turam
747 3230 760 3268 :
827 3219 894 3269 ut
915 3185 1066 3284 ‘nos,
1097 3229 1252 3287 quos
1287 3213 1788 3270 conscientiarum
1817 3209 2152 3266 obscuritas
2189 3185 2235 3250 Ο

514 3301 830 3373 prostravit
853 3301 913 3357 in
952 3300 1647 3365 luotum,resurrectionis
1675 3304 1789 3354 tuas
1809 3297 2043 3352 claritas
2068 3301 2152 3352 at-

512 3389 675 3445 tollat
711 3389 774 3444 in
805 3389 1094 3458 gladium.
1119 3401 1182 3456 ἢ.
1217 3390 1428 3442 Amen.

579 3477 715 3532 Atia
745 3476 960 3532 Oratio.
996 3477 1194 3546 Expia,
1217 3490 1584 3546 quaesumus,
1637 3473 1902 3536 Domine,
1929 3477 2157 3528 nostro-

512 3578 648 3618 rum
665 3567 910 3618 ctinctas
930 3561 1261 3617 facinorum
1274 3561 1502 3630 culpias
1529 3578 1541 3615 :
1579 3564 1642 3615 ut
1662 3559 1931 3631 deposito
1944 3560 2156 3614 veteris

508 3648 769 3704 hominis
799 3647 1150 3703 indumento
1163 3661 1269 3718 per
1282 3648 1766 3716 magniﬁcentissi
1776 3664 1884 3702 me:
1900 3653 2012 3702 tute
2025 3663 2160 3718 pas-

511 3735 696 3790 sionis
710 3734 1282 3805 exemplum,divina
1297 3735 1739 3790 resurrectionis
1754 3740 1868 3790 tuae
1894 3735 2160 3806 innovaq

508 3821 716 3878 lastitia
729 3821 1069 3878 scelestibus
1082 3838 1189 3878 nos
1205 3823 1515 3878 sentiamus
1540 3823 1816 3893 operibus
1832 3822 2156 3878 inlustrari.

510 3919 574 3979 Β.
616 3909 825 3964 Amen.

579 3997 692 4053 Per
714 3997 1183 4054 misericordiam
1215 4003 1402 4067 tuam,
1455 4004 1565 4056 etc.

579 4086 866 4142 Dominus
885 4087 980 4144 sit.
1001 4097 1063 4157 ἢ.
1096 4089 1163 4142 Et
1190 4102 1348 4142 cum.

1035 4199 1130 4256 Ad
1148 4200 1322 4271 pedes
1359 4201 1658 4257 lavandos.

575 4291 950 4373 Antiphona.
992 4304 1148 4359 Bone
1176 4303 1467 4374 Magister,
1482 4303 1618 4360 lava
1649 4321 1742 4360 me
1761 4303 1836 4359 ab
1865 4303 2154 4374 injustitia

508 4407 680 4448 mea:
715 4396 819 4446 eta
849 4396 1094 4461 peccato
1123 4405 1256 4444 meo
1290 4392 1517 4446 munda
1533 4393 1706 4447 me.Si
1735 4393 1891 4448 enim
1924 4391 2158 4459 egolavi

511 4477 688 4551 pedes
726 4481 976 4543 vestros,
1013 4477 1279 4548 Magister
1305 4482 1360 4531 et
1401 4477 1686 4533 Dominus
1712 4479 2157 4549 ;etvosdebetis

514 4559 773 4620 aliorum
802 4562 1000 4618 lavare
1025 4561 1591 4634 pedes.Exemplum
1611 4565 1769 4619 enim
1800 4564 2160 4637 relinquo,ut

512 4649 1028 4725 quemadmodum
1053 4665 1165 4720 ego
1199 4649 1373 4713 facio,
1417 4655 1472 4705 et
1504 4665 1606 4705 vos
1623 4651 1887 4707 similiter
1908 4652 2155 4708 faciatis.

512 4739 573 4801 γ.
601 4739 756 4794 Beati
783 4737 1140 4795 immaculati
1166 4737 1226 4793 in
1262 4739 1362 4795 via
1391 4739 1529 4812 :qui
1585 4739 1898 4796 ambulant
1945 4741 2003 4796 in
2032 4737 2158 4812 lege

513 4825 766 4883 Domini.

585 4914 804 4970 Oratio.
839 4913 1140 4987 Unigenite
1172 4914 1269 4971 Dei
1295 4913 1484 4972 Patris
1502 4913 1693 4985 Filius,
1713 4915 1817 4989 qui
1835 4932 1940 4989 pro
1955 4915 2162 4973 mundi

513 4999 702 5058 salute
731 5007 944 5056 nostrae
970 5001 1314 5058 humilitatis
1345 5019 1648 5060 assumere
1661 5005 1939 5073 dignatus
1957 5021 2016 5060 es
2039 5021 2163 5062 car-

509 5105 670 5156 nem,
703 5088 804 5160 qui
837 5088 1288 5146 misericorditer
1313 5092 1829 5163 hominem,quem
1865 5092 2154 5147 formave-

509 5194 606 5236 ras
634 5177 952 5249 deceptum
984 5195 1019 5234 a
1036 5181 1423 5251 persuasione
1442 5179 1661 5234 diaboli
1689 5194 1792 5250 per
1817 5177 2167 5236 humilitatis

512 5270 627 5323 tuae
655 5263 908 5334 gratiam
939 5266 1014 5322 ad
1047 5265 1308 5338 paradisi
1335 5267 1442 5321 iter
1467 5265 1652 5321 fecisti
1677 5280 1955 5320 revocare
2010 5283 2166 5336 gres-

513 5367 644 5420 sus;
669 5354 770 5427 qui
783 5349 1214 5427 dlscipulorum
1228 5359 1462 5408 tuorum
1478 5353 1660 5423 pedes
1676 5369 1794 5408 non
1826 5352 2164 5421 dedignasti

516 5444 738 5508 lavare,
771 5445 833 5498 ut
855 5459 963 5498 nos
991 5441 1278 5497 imitando
1294 5441 1634 5512 exemplum
1657 5441 2163 5506 salutare,tecum-

520 5530 746 5587 faceres
762 5543 1126 5599 conregnare
1143 5547 1154 5586 :
1191 5525 1444 5601 petimus
1463 5529 1836 5585 clementiam
1857 5534 2168 5596 tuam,om-

515 5611 786 5690 nipotens
814 5619 987 5685 Deus,
1006 5620 1069 5675 ut
1085 5617 1420 5674 uestrorum
1441 5615 1641 5675 deleas
1665 5616 1930 5676 facinora
1965 5623 2171 5690 pecca-

2253 608 2402 663 efﬂci
2424 608 2729 679 participes
2749 606 2810 661 in
2848 619 3029 675 regno
3056 617 3336 674 superno.
3364 609 3433 673 Bg.
3465 599 3685 655 Amen.

2322 696 2455 749 Alia
2489 693 2958 751 Oratio.Domine
2977 693 3115 747 Jesu
3146 690 3368 746 Christe
3385 688 3562 744 Filius
3597 687 3858 760 Dei,qui
3878 687 3949 743 in

2254 787 2514 854 tempore
2546 783 2861 838 nunciatus
2883 786 2937 836 et
2975 784 3108 835 ante
3123 778 3328 834 omnia
3361 782 3639 848 tempora
3653 792 3730 832 ex
3747 776 3948 832 Patre

2252 870 2484 940 genitus
2519 890 2532 937 ;
2567 871 2786 942 quique
2815 869 2991 923 etiam
3024 871 3159 938 post
3179 861 3608 920 multasmcula
3637 862 3825 920 nasci
3846 864 3944 920 di-

2253 963 2468 1028 gnatus
2512 975 2573 1013 es
2593 958 2665 1013 de
2693 957 2921 1027 Virgine
2952 960 3138 1010 matre
3162 954 3413 1026 ;quique
3445 951 3714 1008 formam
3763 952 3945 1010 servi

2251 1047 2618 1118 accipiensin
2635 1043 3079 1100 similitudinem
3097 1041 3346 1097 hominis
3362 1041 3542 1112 360
3561 1053 3943 1114 numquam

2253 1135 2490 1191 abfuisti
2514 1136 2582 1190 de
2607 1135 2740 1190 sinu
2777 1132 3020 1203 ingeniti
3049 1131 3227 1188 Patris
3261 1131 3527 1204 ;quique
3571 1143 3703 1186 non
3736 1145 3808 1186 es
3826 1129 3946 1186 de-

2255 1224 2535 1294 dignatus
2556 1223 2738 1296 pedes
2755 1227 2991 1277 tuorum
3017 1221 3216 1276 lavare
3236 1217 3680 1291 discipulorum
3704 1213 3856 1292 ;qui
3871 1235 3945 1276 es

2254 1312 2432 1368 etiam
2451 1311 2732 1367 Dominas
2747 1310 3106 1380 Angelorum
3127 1323 3508 1380 :queesumus
3528 1307 3944 1380 omnipoten-

2255 1398 2399 1456 tiam
2428 1403 2611 1465 tuam,
2667 1397 3122 1454 clementissime
3163 1395 3340 1460 Deus,
3370 1401 3432 1450 ut
3460 1396 3641 1466 cujus
3669 1395 3943 1452 nitimur

2259 1487 2474 1543 imitari
2505 1486 2863 1559 exemplum,
2887 1485 3014 1556 ejus
3055 1499 3394 1540 mereamur
3420 1483 3552 1538 ﬁeri
3592 1484 3941 1556 participes

2257 1575 2422 1646 regni
2446 1573 2964 1648 :quatenusabluti
2993 1573 3071 1630 ab
3088 1572 3373 1629 omnibus
3404 1572 3941 1628 nostrorumvitiis

2259 1669 2654 1737 peccatorum,
2690 1663 3017 1719 serviamus
3049 1661 3276 1717 nomini
3308 1669 3519 1716 sancto
3567 1666 3703 1716 tuo.
3766 1662 3942 1717 Lava

2262 1770 2454 1808 mores
2485 1757 2718 1808 nostros
2744 1751 2905 1806 unda
2932 1749 3096 1806 verbi
3125 1749 3228 1817 tui,
3257 1753 3313 1804 et
3339 1765 3375 1804 a
3401 1749 3772 1818 contagione
3803 1764 3942 1804 sor-

2182 1843 2224 1906 Β
2260 1842 2421 1896 dium
2453 1841 2640 1910 gratia
2667 1838 2916 1911 puriﬁca
2947 1837 3188 1893 salutari
3222 1853 3235 1892 :
3270 1839 3326 1892 et
3356 1835 3461 1908 qui
3502 1835 3807 1906 Unigeniti
3839 1835 3936 1892 tui

2261 1930 2650 1986 humilitatem
2685 1943 2886 1983 annuo
2911 1925 3226 1981 recolimus
3251 1924 3612 1996 opere,dum
3633 1940 3796 1997 aqua
3809 1923 3933 1980 fra-

2262 2021 2456 2074 ternos
2485 2016 2666 2089 pedes
2695 2014 3013 2078 abluimus,
3045 2011 3444 2069 humilitatem
3483 2009 3696 2068 sedulo
3711 2028 3929 2084 prose-

2262 2121 2514 2178 quamur
2535 2122 2544 2159 :
2567 2109 2619 2159 et
2633 2101 2782 2174 quod
2797 2101 3095 2156 visibiliter
3107 2099 3630 2172 nosimpendimus
3639 2093 3911 2172 pedibus,

2262 2197 2318 2250 tu
2331 2190 2697 2248 invisibiliter
2709 2189 3237 2260 nostrisimpertias
3255 2187 3670 2258 animabust.
3693 2187 3918 2243 Amen.

2722 2292 2902 2335 SEXTA
2927 2292 3085 2331 ΒΗΜΛ
3113 2293 3164 2330 IN
3192 2291 3534 2331 PARASCEVE.

2824 2363 2916 2419 Ad
2935 2366 3316 2420 Matitunum.

2332 2455 2690 2523 Antiphona.
2733 2456 2853 2524 Ego
2878 2453 3252 2525 iniquitatem
3292 2468 3495 2508 meam
3541 2465 3846 2522 agnosco:
3874 2451 3939 2506 et

2263 2548 2573 2617 peccatum
2600 2559 2797 2598 meum
2846 2543 3051 2597 contra
3085 2557 3181 2596 me
3230 2547 3315 2596 est
3367 2555 3636 2612 semper.
3662 2535 3796 2596 Tibi
3815 2539 3936 2595 soli

2264 2631 2497 2704 peccavi
2532 2647 2544 2684 :
2575 2629 2835 2686 Miserere
2875 2629 3011 2692 mei,
3037 2623 3208 2684 Deus.
3241 2627 3340 2682 Ps.
3373 2645 3423 2684 L.

2335 2722 2569 2776 Preces.
2597 2718 2990 2790 Deprecemur
3029 2716 3370 2782 Dominum,
3407 2720 3473 2771 ut
3493 2714 3938 2772 remissionem

2266 2813 2639 2880 peccatorum
2659 2811 2712 2862 et
2727 2821 2935 2877 pacem
2948 2804 3121 2860 nobis
3148 2805 3448 2877 propitius
3467 2803 3705 2861 donare
3723 2803 3943 2875 digne-

2264 2899 2376 2950 tur.
2412 2895 2687 2949 Dicamus
2727 2909 2934 2949 omnes
2967 2893 3064 2948 :P.
3098 2893 3365 2962 Domine,
3401 2893 3640 2957 exaudi,
3677 2896 3738 2948 et
3756 2887 3940 2948 mise-

2263 2997 2412 3038 rere.
2440 2982 2501 3042 V.
2529 2985 2607 3036 Ex
2640 2987 2757 3036 toto
2784 2981 2960 3036 corde
2991 2987 3045 3036 et
3072 2997 3143 3036 ex
3164 2985 3289 3036 tota
3310 2987 3510 3036 mente
3539 2980 3860 3053 supplices
3882 2983 3942 3036 te

2266 3085 2435 3140 prece
2451 3085 2602 3138 mur,
2637 3069 2698 3124 P.
2729 3069 2992 3134 Domine,
3027 3067 3262 3125 exaudi.
3297 3067 3359 3129 tt.
3402 3071 3532 3124 Non
3581 3069 3943 3124 secundum

2265 3163 2475 3229 pecata
2507 3161 2710 3212 nostra
2741 3157 3028 3213 retribuas
3055 3157 3224 3212 nobis
3252 3176 3264 3224 ;
3306 3157 3368 3220 Ρ,
3401 3157 3676 3212 Domine.
3715 3155 3780 3219 Y.
3821 3155 3944 3214 Sed

2267 3244 2597 3300 secundum
2613 3245 3080 3301 misericordiam
3099 3245 3340 3314 indulge
3355 3245 3531 3300 nobis
3550 3264 3561 3301 :
3577 3245 3947 3316 P.Domine,

2264 3332 2607 3394 inDicamus
2637 3348 2844 3388 omnes
2874 3333 3254 3399 :P.Domine,
3303 3333 3544 3389 exaudi.
3580 3334 3951 3403 Capitulum

2264 3425 2509 3489 repetat.
2543 3421 2626 3477 Et
2657 3420 2940 3476 diaconus
2966 3421 3106 3477 dicit
3139 3421 3348 3493 Erigite
3379 3438 3506 3478 vos.
3527 3422 3608 3478 Et
3646 3422 3951 3479 Sacerdos

2267 3506 2430 3563 dicit.

2341 3594 2969 3664 0ratto.Agnoscentes
2985 3595 3328 3667 iniquitates
3349 3589 3591 3651 nostras
3616 3600 3676 3652 et
3712 3595 3954 3655 scelera

2268 3683 2717 3751 nostra,Christe
2749 3686 2896 3739 Deus
2918 3690 3134 3740 nostra;
3171 3681 3511 3755 salutis,qui
3540 3685 3951 3756 passionibus

2269 3769 2383 3826 tuis
2400 3777 2735 3826 nostrorum
2753 3772 3022 3827 omnium
3043 3773 3351 3843 passiones
3383 3773 3685 3844 extinguis
3707 3791 3722 3839 ;
3739 3765 3952 3830 tribue

2269 3856 2441 3913 nobis
2454 3859 2692 3914 famulis
2713 3861 2823 3915 tuis
2839 3861 3081 3916 Domine
3094 3861 3122 3914 J
3130 3877 3236 3915 esu
3251 3859 3470 3916 Christe
3485 3859 3950 3934 indulgentiam

2270 3945 2606 4014 criminum;
2647 3951 2702 4004 et
2768 3949 3178 4004 remissionem
3236 3953 3679 4020 peccatorum;
3737 3955 3802 4007 et
3866 3951 3950 4007 vi-

2271 4039 2383 4090 tam
2409 4039 2751 4093 teternama
2795 4041 2850 4092 te
2898 4037 3144 4092 Domine
3211 4038 3500 4109 consequi
3554 4053 3947 4105 mereamur,

2271 4131 2332 4192 ἣν.
2363 4125 2574 4178 Amen.

2340 4212 2698 4276 Antiphona.
2725 4214 2920 4281 Longe
2939 4212 3122 4268 fecisti
3149 4215 3323 4268 notos
3356 4221 3526 4269 'meos
3557 4227 3594 4269 a
3650 4229 3796 4272 me:
3837 4229 3951 4288 po-

2273 4304 2516 4354 suerunt
2538 4315 2633 4354 me
2674 4299 3181 4356 abominationem
3203 4299 3335 4357 sibi.
3361 4299 3638 4357 Traditus
3689 4319 3866 4370 sum,
3898 4307 3955 4360 et

2271 4397 2392 4442 non
2432 4386 2800 4456 egrediebar,
2827 4387 2888 4448 ἲν.
2911 4389 3158 4444 Domine
3198 4390 3352 4445 Deus
3375 4389 3589 4446 salutis
3625 4407 3808 4458 meas,
3842 4391 3947 4449 die

2277 4473 2550 4544 clamavi,
2579 4479 2632 4529 et
2663 4480 2832 4530 nocte
2866 4489 3064 4532 coram
3093 4482 3166 4531 te.

2343 4564 2574 4618 Preces.
2608 4563 3002 4635 Deprecemur
3029 4563 3366 4629 Dominum,
3398 4572 3460 4620 ut
3501 4580 3705 4636 supra.

2341 4649 2556 4706 Preces.
2586 4649 2862 4706 Dicamus
2890 4667 3135 4707 omnes:
3162 4652 3224 4706 P.
3281 4649 3550 4715 Domine,
3576 4651 3838 4726 exaudi,
3898 4657 3958 4712 et

2269 4739 2567 4792 miserere.
2601 4738 2661 4798 ἲν.
2691 4739 2858 4802 Deus,
2884 4755 2956 4794 ne
2989 4747 3232 4811 peccata
3253 4745 3455 4797 nostra
3487 4747 3786 4798 consueta
3823 4745 3955 4816 pie-

2270 4824 2402 4880 tatis
2419 4829 2533 4879 tuae
2553 4825 3021 4884 misericordiam
3044 4829 3381 4884 vincant.P.
3401 4828 3952 4899 Domine.V.Deus,

2282 4912 2384 4984 qui
2400 4912 2610 4981 majori
2629 4913 2982 4983 benignitate
3003 4917 3295 4972 misereris
3319 4933 3331 4972 :
3353 4933 3539 4988 quam
3556 4932 3672 4973 nos
3686 4917 3960 4976 facilita-

2274 5003 2326 5054 te
2362 5015 2701 5070 peccamus.
2727 5001 3958 5076 P.Domine,i’.lntende,quaesumus,con-

2274 5084 2524 5151 ﬁtentes,
2562 5093 2618 5142 et
2638 5089 2945 5145 consolare
2969 5091 3666 5160 mmrentes.P.Domine,
3683 5097 3960 5153 Exaudi.

2277 5175 2556 5230 Dicamus
2595 5193 2804 5232 omnes
2835 5196 2848 5232 :
2883 5180 3211 5248 Capitulum
3239 5187 3494 5248 repetat.
3523 5182 3602 5236 Et
3636 5183 3962 5242 Diaconus

2277 5263 2412 5317 dicit
2443 5264 2588 5334 Erigi
2601 5269 2649 5318 te
2681 5282 2812 5321 vos.
2841 5268 2917 5322 Et
2942 5267 3234 5323 Sacerdos
3255 5267 3394 5322 dicit

2351 5351 2578 5406 Oratio.
2625 5351 2843 5408 Christe
2901 5356 2999 5410 Dei
3051 5355 3218 5410 Filius
3253 5351 3453 5425 Patris,
3485 5353 3587 5427 qui
3634 5357 3800 5412 notis
3838 5362 3964 5417 tuis

2279 5436 2454 5507 longe
2482 5440 2813 5495 astantibus
2842 5442 2896 5496 in
2915 5445 3187 5514 passione
3202 5441 3963 5514 discipulis,visione1uin-

2282 5525 2434 5594 geris
2458 5530 2648 5583 crucis
2686 5547 2698 5596 ;
2725 5545 2797 5585 ne
2816 5527 3075 5601 elongari
3107 5536 3180 5601 te,
3223 5547 3597 5603 quaesumus,
3635 5535 3902 5608 patiaris
3926 5555 3964 5596 a

2284 5611 2494 5685 nobis;
2528 5617 2630 5674 sed
2660 5623 2834 5677 notas
2857 5618 3030 5677 nobis
3053 5617 3216 5676 efﬁce
3238 5618 3366 5677 vias
3390 5619 3503 5676 tua:
3545 5617 3908 5682 dulcedinis
3942 5637 3960 5680 :
