4194 6418
128 374 239 448 eos
1610 396 1677 453 IN
1719 372 2161 457 PARASCEVE.
3444 400 3551 458 eos

124 515 367 590 quique
383 514 629 573 traditus
644 532 767 574 non
780 519 1099 589 egrederis,
1122 520 1507 578 scilicetdum
1524 522 1792 579 occultus
1831 524 1878 578 Α
1910 526 2064 582 tores
2094 526 2263 597 cujus
2291 525 2582 599 redempti
2604 540 2813 581 sumus
2837 528 3144 583 cruore.P.
3162 526 3428 585 Domine.
3458 527 3553 584 Di‘

129 603 529 661 interioribus
546 606 677 671 tuis,
701 606 889 664 Deum
906 614 961 664 te
978 608 1325 665 hominibus
1344 613 1659 668 monstrari
1677 628 1800 669 non
1911 629 2141 670 camus.
2178 616 2522 685 Cap-italum
2551 618 2805 683 opertat,
2839 619 2946 669 etc.

135 692 399 765 pateris,
432 708 571 749 vera
596 695 935 763 cognitione
956 712 1067 753 nos
1097 700 1248 755 satia
1267 703 1381 754 ture
1418 699 1750 755 Divinitatis
1784 719 1797 756 :
1984 704 2209 758 Oratio.
2237 705 2376 759 Jesu
2416 704 2642 759 Christe
2671 702 2847 757 Filius
2874 700 2975 756 Dei
2999 699 3137 768 vivi,
3165 701 3268 773 qui
3295 700 3556 758 cecidisti

134 784 202 838 ut
227 782 290 837 in
324 797 401 838 ea
438 785 491 838 te
528 787 662 854 post
718 786 1033 841 transitum
1082 787 1382 858 potiamur
1420 788 1797 845 substantia:
1909 789 1970 845 in
1988 805 2204 845 manus
2222 790 2540 859 inimici,et
2557 789 3008 847 animamtuam
3031 788 3308 843 dilectam
3328 805 3436 860 pro
3453 805 3557 845 no-

141 870 253 935 Qui
285 886 432 926 cum
456 874 573 927 Deo
595 872 784 937 Patre,
810 878 866 930 et
895 875 1107 946 Spiritu
1139 878 1353 933 Sancto
1382 892 1538 931 unus
1570 893 1802 950 perma-
1908 875 2002 933 bis
2033 879 2215 933 servis
2250 879 2363 934 tuis
2408 877 2486 934 ad
2533 883 2788 934 mortem
2819 876 3112 932 tradidisti
3140 894 3152 942 ;
3182 882 3390 948 postea
3420 892 3557 931 cum

138 974 249 1014 nes
275 958 343 1013 in
375 958 672 1015 Trininate
703 964 759 1015 et
786 959 849 1016 in
880 961 1067 1031 gloria
1097 960 1477 1036 sempiterna.
1910 965 2097 1035 gloria
2120 967 2221 1023 Dei
2237 968 2417 1024 Patris
2436 971 2826 1023 monumento
2844 965 3165 1030 surrexisti,
3186 970 3242 1020 et
3261 963 3557 1020 mundum

212 1045 594 1117 Antiphona.
616 1047 1513 1123 Sedebitsingularis,ettacebit:
1532 1054 1803 1125 quoniam
1908 1054 2212 1113 redemisti
2242 1074 2253 1112 :
2278 1072 2567 1126 rogamus
2586 1061 2855 1112 sanctam
2878 1054 3258 1111 clementiam
3279 1058 3468 1118 tuam,
3496 1055 3560 1109 ut

142 1133 391 1191 sustulit
406 1135 623 1207 jugum
649 1152 829 1207 grave
853 1155 1031 1211 super
1054 1156 1141 1196 se.
1177 1141 1345 1197 Dedit
1370 1142 1718 1214 percutienti
1740 1157 1801 1199 se
1909 1144 2107 1201 veniat
2132 1161 2309 1218 super
2331 1161 2439 1201 nos
2458 1146 2649 1216 gratia
2672 1150 2793 1213 tua,
2816 1149 2873 1200 et
2900 1143 2963 1199 in
2991 1143 3152 1199 diem
3182 1141 3559 1198 resurrectio-

143 1224 484 1295 maxillam,
506 1224 1461 1301 satiabituropprobriis.Ponetin
1480 1231 1717 1304 pulvere
1734 1247 1802 1287 os
1910 1232 2003 1288 nis
2044 1236 2158 1289 tuae
2190 1235 2316 1289 sine
2352 1234 2592 1290 macula
2621 1237 2776 1289 stare
2807 1231 3084 1288 concede.
3111 1242 3174 1302 ἣν.
3200 1234 3411 1285 Amen.

142 1328 346 1384 suum,
381 1318 699 1387 tamquam
722 1332 859 1388 spes
886 1318 1159 1389 patienti.
1200 1319 1262 1382 γ.
1292 1321 1631 1377 ΛΞεῐίωδῐιιε
1667 1336 1803 1377 sum
1980 1324 2346 1391 Antiphone.
2372 1325 2586 1379 Versus
2613 1338 2747 1377 sum
2785 1320 2848 1377 in
2876 1336 3085 1377 eorum
3114 1320 3405 1376 canticum
3431 1335 3444 1374 :
3476 1318 3563 1374 fa-

139 1419 281 1458 cum
307 1398 816 1461 descendentibus
845 1408 905 1461 in
932 1406 1169 1463 lacum:
1202 1407 1397 1465 factus
1438 1425 1593 1481 sum,
1654 1410 1802 1467 sicut
1912 1408 2043 1466 ctus
2083 1427 2218 1465 sum
2249 1411 2308 1467 in
2338 1411 2420 1466 eis
2442 1409 2822 1481 proverbium
2856 1426 2868 1463 :
2902 1409 3336 1465 abominantur
3358 1422 3475 1471 me,
3504 1410 3562 1463 et

140 1492 328 1549 homo
363 1492 496 1548 sine
532 1493 850 1564 adjutorio,
881 1496 1033 1551 inter
1057 1503 1328 1554 mortuos
1351 1497 1519 1554 liber.
1911 1497 2086 1567 longe
2102 1498 2388 1568 fugiunta
2407 1515 2521 1554 me.
2552 1496 2614 1558 ἡ.
2643 1497 2869 1553 lnclina
2884 1498 3130 1552 Domine
3148 1511 3347 1552 aurem
3370 1500 3553 1560 tuam,

213 1584 451 1640 Preces.
489 1584 886 1654 Deprecemur
910 1586 1254 1655 Dominum,
1286 1594 1352 1643 ut
1383 1586 1587 1657 supra.
1913 1591 1968 1643 et
1992 1588 2210 1643 exaudi
2238 1603 2334 1643 me
2367 1604 2380 1642 :
2412 1586 2558 1658 quia
2584 1601 2765 1656 egens
2793 1591 2849 1641 et
2877 1600 3108 1657 pauper
3129 1600 3265 1640 sum
3292 1599 3424 1654 ego.

209 1669 444 1728 Preces.
472 1670 754 1727 Dicamus
787 1688 997 1729 omnes
1034 1692 1046 1729 :
1075 1675 1142 1729 P.
1175 1676 1442 1742 Domine,
1476 1676 1712 1747 exaudi,
1751 1684 1805 1733 et

140 1760 443 1816 miserere.
470 1760 531 1821 ἵ.
562 1762 1237 1834 Creveruntiniquitates
1255 1770 1473 1820 nostras
1496 1782 1695 1821 coram
1728 1771 1799 1836 te,

1983 1678 2204 1732 Preces.
2240 1676 2637 1748 Deprecemur
2666 1675 3008 1740 Dominum,
3041 1679 3107 1729 ut
3136 1672 3342 1740 supra.

1982 1764 2206 1821 Preces.
2236 1765 2513 1821 Dicamus
2549 1779 2757 1819 omnes
2791 1781 2803 1819 :
2837 1766 2899 1817 Ρ.
2932 1762 3199 1825 Domine,
3232 1761 3473 1826 exaudi,
3505 1764 3563 1818 et

148 1855 203 1904 et
233 1854 488 1919 peccata
516 1853 722 1905 nostra
750 1850 1396 1921 responderuntnobis.
1427 1854 1498 1909 P.
1536 1853 1800 1911 Domine.
1831 1873 1875 1928 Β
1912 1851 2212 1910 miserere.
2239 1853 2299 1913 v.
2332 1853 2598 1908 Concede
2630 1851 2895 1907 Ecclesiae
2928 1856 3041 1906 tuae
3078 1866 3290 1923 pacem
3329 1854 3386 1905 et
3414 1854 3561 1905 tem-

147 1936 209 1996 Y.
237 1935 459 1993 Defecit
496 1953 619 2008 prae
653 1938 1050 1994 amaritudine
1078 1939 1200 1997 vita
1239 1945 1449 1997 nostra
1482 1959 1495 1994 :
1529 1958 1804 1998 consum-

152 2028 323 2095 ptum
368 2029 457 2081 est
506 2025 569 2079 in
620 2024 825 2081 dolore
881 2042 983 2082 cor
1045 2032 1336 2085 nostrum.
1406 2031 1471 2085 P.
1530 2030 1800 2086 Domine.

155 2112 214 2173 κν.
247 2113 621 2185 Cooperuisti
646 2113 806 2170 nube
839 2116 1237 2188 temetipsum,
1268 2124 1331 2173 ut
1381 2133 1504 2174 non
1534 2119 1720 2174 adiret
1750 2123 1804 2174 te

149 2200 338 2257 oratio
369 2206 597 2259 nostra.
629 2204 701 2259 P.
722 2205 988 2261 Domine.
1011 2206 1292 2262 Dicamus
1309 2222 1540 2265 omnes.
1567 2208 1806 2277 Capitu-

150 2290 269 2346 lum
301 2296 559 2360 repetat,
592 2295 699 2351 etc.

213 2379 359 2435 Orat
376 2381 452 2435 io.
471 2381 496 2435 ι
503 2395 627 2447 esu,
646 2384 801 2437 Deus
818 2384 1037 2454 noster,
1058 2383 1162 2456 qui
1174 2384 1481 2442 maxillam
1494 2384 1806 2457 praebuisti

1913 1956 2127 2012 porum
2155 1941 2661 2013 tranquillitatem.
2697 1941 2757 1995 P.
2792 1941 3060 2007 Domine,
3085 1938 3147 1998 γ.
3179 1937 3366 2008 Hujus
3397 1938 3562 1992 urbis

1913 2028 2248 2085 subsidium
2274 2030 2494 2102 praebe,
2520 2034 2576 2085 et
2604 2028 2777 2084 nobis
2819 2028 3158 2099 propitiare.
3192 2028 3263 2081 P.
3286 2025 3560 2092 Domine,

1911 2116 1972 2179 ἲν.
2006 2116 2183 2174 Aufer
2220 2120 2436 2189 jugum
2484 2116 2861 2189 captivitatis,
2889 2115 3093 2171 labem
3132 2114 3313 2187 pestis
3344 2117 3401 2169 et
3432 2128 3563 2184 ege-

1914 2209 2105 2265 statis.
2136 2210 2206 2262 P.
2245 2207 2521 2263 Domine.
2548 2207 2826 2262 Dicamus
2844 2219 3075 2261 omnes.
3108 2203 3453 2273 Capitutum
3476 2215 3566 2258 re-

1911 2301 2211 2442 peglifatio.
2234 2384 2458 2441 Christe
2470 2384 2646 2453 Deus,
2662 2383 2764 2455 qui
2777 2381 3083 2440 Mumdum
3095 2381 3339 2437 veniens
3353 2378 3566 2435 libera-

1918 2477 2102 2543 turus,
2122 2473 2183 2530 in
2205 2473 2503 2529 canticum
2523 2488 2587 2527 es
2609 2471 2943 2527 inﬁdelium
2959 2486 3184 2536 versus,
3208 2468 3355 2524 dum
3375 2471 3427 2523 te
3442 2482 3565 2523 non

1916 2568 2311 2632 agnoscerent
2334 2562 2541 2625 Deum,
2557 2560 2765 2616 etideo
2786 2558 3280 2631 quasihominem
3303 2557 3566 2612 lacesen-

1914 2652 2062 2707 dum
2096 2650 2377 2707 conviciis
2412 2654 2701 2722 appetunt
2730 2649 2924 2718 ;erige
2962 2663 3073 2703 nos
3104 2646 3403 2718 passionis
3446 2649 3565 2700 tum

1914 2739 2208 2810 exemplo,
2243 2744 2299 2794 et
2319 2739 2509 2793 crucis
2527 2736 2906 2793 circumvalla
2932 2735 3189 2807 presidio
3215 2752 3232 2805 ;
3263 2738 3327 2788 ut
3354 2736 3411 2787 et
3433 2732 3562 2788 inti-

1913 2825 2121 2883 delitas
2160 2842 2266 2898 per
2320 2832 2373 2882 te
2422 2826 2676 2881 confusu
2722 2825 3037 2895 dispereat,
3070 2827 3125 2878 et
3154 2836 3392 2876 rursum
3419 2818 3563 2873 ﬁde-

137 2467 605 2539 percussoribus
630 2469 764 2535 tuis,
788 2476 1090 2529 saturatus
1115 2489 1223 2545 pro
1244 2474 1419 2530 nobis
1441 2475 1567 2547 ipse
1591 2491 1808 2548 oppro-

136 2556 279 2612 briis
304 2574 317 2625 ;
353 2558 629 2614 concede
658 2559 835 2615 nobis
861 2562 1093 2617 miseris
1123 2564 1307 2618 servis
1329 2565 1465 2627 tuis,
1492 2568 1555 2620 ut
1579 2565 1807 2636 passio-

135 2645 224 2701 nis
246 2650 379 2702 tute
393 2646 668 2718 exemplo
686 2648 1204 2720 instructi,jugum
1221 2667 1403 2707 suave
1426 2657 1593 2707 tuum
1616 2658 1805 2723 porte-

137 2750 273 2790 mus
303 2751 556 2807 semper
580 2736 780 2791 idonei
801 2756 813 2789 :
834 2754 956 2808 quo
982 2754 1016 2793 a
1050 2744 1101 2794 te
1125 2739 1420 2794 discentes
1436 2756 1621 2811 quam
1642 2739 1805 2795 mitis

138 2823 214 2879 sis
244 2828 300 2880 et
332 2824 595 2881 humilis
623 2826 799 2881 corde
825 2844 838 2893 ;
868 2830 923 2882 et
949 2827 1376 2897 passionistuaa
1404 2829 1804 2883 communice-

140 2928 275 2968 mus
294 2913 607 2984 exemplo,
625 2918 681 2969 et
694 2912 1083 2970 beatitudinis
1097 2920 1331 2971 aeternae
1348 2916 1649 2989 potiamur
1662 2915 1803 2972 sub-

142 2999 309 3059 sidio.
344 3014 424 3071 1y.
458 3007 667 3058 Amen.

213 3090 591 3158 Antiphona.
625 3089 895 3147 Traditus
936 3108 1067 3147 sum
1102 3108 1291 3164 usque
1324 3092 1386 3148 in
1413 3109 1609 3150 mane.
1642 3094 1809 3149 Oculi

1914 2915 2044 2971 litas
2071 2931 2107 2970 a
2136 2920 2189 2970 te
2229 2913 2577 2970 coronanda
2606 2914 2936 2985 perveniat.
2979 2923 3040 2981 1r.
3070 2916 3282 2965 Amen.

1983 3002 2354 3073 Antiphona.
2371 3000 2669 3057 Persecuti
2690 3005 2828 3055 sunt
2845 2999 3152 3055 hominem
3170 3010 3488 3068 pauperem
3506 2998 3564 3051 et

1916 3092 2281 3155 mendicum,
2296 3096 2351 3145 et
2363 3095 2780 3160 compunctum
2796 3087 2972 3143 corde
2986 3086 3153 3142 morti
3172 3084 3561 3140 tradiderunt.

151 3176 267 3233 mei
289 3177 659 3244 defecerunt,
682 3178 829 3235 dum
852 3179 1077 3252 aspicio
1102 3179 1163 3235 in
1182 3178 1558 3237 altitudinem
1582 3182 1713 3237 coeli
1732 3181 1807 3238 ad
1847 3204 1887 3261 ρ
1916 3180 1979 3241 il.
2006 3181 2182 3247 Deus,
2204 3178 2445 3235 laudem
2478 3193 2678 3232 meam
2725 3192 2800 3232 ne
2828 3175 3080 3231 tacueris
3111 3190 3123 3229 :
3157 3172 3446 3245 quoniam
3498 3186 3567 3226 os

154 3266 502 3332 Dominum,
531 3268 635 3340 qui
657 3268 938 3324 misertus
960 3274 1047 3324 est
1073 3268 1209 3324 mei.
1242 3267 1301 3329 ἲν.
1328 3270 1628 3343 Numquid
1653 3287 1813 3326 mor-

153 3357 272 3411 tuis
296 3356 480 3412 facies
512 3357 810 3415 mirabilia
842 3374 855 3413 :
894 3362 996 3415 aut
1019 3358 1240 3414 medici
1268 3354 1734 3425 exsuscitabunt,
1758 3364 1814 3418 et

153 3440 601 3500 conﬁtebuntur
634 3445 735 3500 tibi
759 3445 787 3501 ?

228 3532 458 3588 Preces.
501 3534 896 3605 Deprecemur
937 3532 1276 3590 Dominum.

174 3614 181 3621 ’
219 3618 451 3677 Preces.
485 3622 762 3677 Dicamus
793 3638 1007 3679 omnes
1044 3639 1056 3678 :
1092 3620 1157 3679 P.
1196 3623 1467 3689 Domine,
1492 3624 1733 3695 exaudi,
1758 3629 1814 3683 et

150 3706 459 3766 miserere.
492 3708 554 3771 ἡ.
584 3711 716 3765 Jam
741 3710 998 3777 gemitus
1027 3714 1261 3782 suscipe
1289 3714 1727 3783 poenitentium,
1757 3718 1814 3771 et

150 3800 435 3851 converte
463 3798 665 3865 gratiae
693 3802 806 3851 tuae
844 3796 1094 3852 vultum.
1122 3798 1186 3854 P.
1214 3800 1481 3857 Domine.
1508 3800 1569 3863 γ.
1592 3800 1811 3857 Adesto

149 3881 393 3938 miseris
419 3882 771 3955 deprecatus
799 3901 812 3939 :
846 3885 1057 3940 adesto
1086 3902 1321 3958 semper
1347 3894 1572 3953 oratus,
1601 3889 1679 3945 P.
1704 3889 1813 3945 Do-

151 3970 341 4025 mine.
366 3969 425 4032 ﬁt.
453 3973 530 4026 Ne
549 3972 875 4043 pertinacia
887 3971 1359 4047 delinquentium
1376 3970 1547 4047 361
1568 3977 1812 4033 misera-

151 4057 382 4115 tionem
413 4064 527 4116 tuaa
565 4060 800 4132 pietatis
830 4066 1075 4117 avertat.
1109 4064 1185 4119 P.
1222 4063 1490 4119 Domine.
1535 4062 1812 4119 Dicamus

150 4164 372 4204 omnes
405 4168 416 4205 :
456 4149 801 4219 Capitutum
844 4156 1094 4220 repetat,
1132 4157 1239 4207 etc.

228 4236 459 4295 Oratio.
483 4239 730 4294 Domine
756 4240 892 4295 Jesu
911 4239 1156 4306 Christe,
1184 4238 1285 4311 qui
1312 4255 1419 4311 pro
1440 4239 1615 4295 nobis
1638 4238 1814 4295 tradi-

154 4326 250 4381 tus
274 4341 341 4381 es
374 4326 450 4382 ad
476 4332 751 4395 mortem,
772 4332 828 4384 et
848 4328 1008 4384 cruci
1030 4344 1360 4401 appensus,
1386 4345 1455 4384 ac
1477 4328 1693 4400 poculo
1714 4327 1814 4385 fel-

154 4412 225 4469 lis
254 4430 395 4471 cum
426 4420 593 4472 aceto
633 4419 871 4488 potatus
898 4417 1193 4489 ;gemitus
1227 4433 1535 4472 servorum
1572 4421 1813 4473 tuorum

1920 3268 2249 3341 peccatoris
2282 3272 2338 3322 et
2360 3283 2427 3323 os
2456 3265 2647 3322 dolosi
2672 3280 2850 3336 super
2881 3280 2977 3319 me
3005 3268 3280 3335 apertum
3320 3266 3425 3315 est.

1991 3358 2220 3414 Preces.
2254 3358 2651 3428 Deprecemur
2673 3354 3014 3415 Dominum,
3048 3358 3113 3406 ut
3134 3348 3349 3419 suprd.

1992 3448 2227 3503 Preces.
2262 3446 2537 3500 Dicamus
2568 3458 2779 3498 omnes
2808 3460 2820 3500 :
2853 3440 2919 3495 P.
2949 3440 3218 3504 Domine,
3248 3436 3485 3501 exaudi,
3518 3437 3575 3492 et

1923 3536 2224 3591 miserere.
2256 3532 2317 3594 tl.
2353 3531 2545 3602 /Egris
2590 3531 2781 3585 tribue
2828 3528 3212 3593 medicinam,
3257 3524 3571 3595 egentibus

1921 3624 2085 3679 dona
2108 3620 2527 3677 substantiam.
2547 3619 2611 3673 P.
2638 3618 2905 3682 Domine,
2929 3616 2989 3677 tif.
3012 3616 3181 3686 Eripe
3202 3618 3448 3669 cunctos
3468 3626 3574 3681 op-

1920 3727 2178 3784 pressos,
2219 3716 2274 3766 et
2300 3708 2670 3780 compeditos
2694 3705 2957 3762 absolve.
2986 3706 3053 3759 P.
3088 3702 3356 3759 Domine.
3380 3700 3442 3761 V.
3473 3704 3570 3754 Pe-

1920 3797 2361 3871 regrinantibus
2392 3811 2765 3868 prosperare,
2816 3793 3023 3865 patriae
3061 3790 3244 3847 redde
3280 3788 3568 3861 captivos.

1922 3892 1991 3945 Ρ.
2027 3885 2385 3955 Domineﬁt’.
2440 3886 2609 3939 Dona
2637 3883 2877 3938 veniam
2916 3880 3288 3943 delictorum,
3337 3882 3393 3932 et
3440 3874 3570 3931 dele

1922 3975 2128 4047 culpas
2146 3974 2456 4029 scelerum.
2480 3970 2545 4026 P.
2577 3970 2847 4035 Domine,
2878 3966 3117 4024 exaudi.
3149 3966 3428 4022 Dicamus
3444 3980 3572 4019 om-

1920 4079 2028 4119 nes
2064 4083 2073 4120 :
2108 4062 2453 4129 Capitulum
2482 4062 2732 4127 repetat,
2762 4062 2865 4112 etc.

1995 4152 2220 4206 Oratio.
2245 4146 2539 4217 Multiplex
2568 4161 2698 4209 nos,
2734 4142 3000 4207 Domine,
3038 4141 3211 4196 turba
3241 4138 3574 4196 circumdat

1922 4236 2250 4311 iniquitatis
2283 4255 2295 4294 :
2330 4238 2386 4289 et
2430 4233 2586 4296 ideo,
2618 4232 2733 4287 nisi
2762 4237 2822 4287 tu
2854 4228 3213 4300 Redemptor
3252 4225 3572 4297 adjuveris,

1924 4326 2307 4402 paulominus
2328 4323 2530 4379 anima
2550 4326 2753 4377 nostra
2773 4319 2835 4375 in
2854 4319 3051 4375 lacum
3077 4320 3324 4389 proruat
3344 4313 3573 4402 mortis.

1928 4400 2134 4473 Libera
2153 4430 2295 4485 ergo
2317 4429 2427 4468 nos
2451 4417 2507 4467 et
2524 4410 2597 4466 de
2618 4407 2927 4481 operibus,
2950 4423 3085 4478 quae
3108 4403 3432 4461 inferorum
3456 4400 3579 4457 mit-

157 4503 413 4575 suscipe,
442 4508 496 4559 et
516 4503 768 4559 miseriis
792 4520 1001 4560 eorum
1022 4502 1303 4560 auxilium
1323 4506 1490 4560 tuum
1514 4505 1734 4578 praebe,
1760 4508 1816 4562 et
1844 4532 1890 4588 Ι)
1926 4512 2052 4565 tant
2072 4503 2292 4577 poenis,
2314 4506 2369 4557 et
2386 4501 2459 4556 de
2477 4498 3191 4588 pmnalibustartarorum
3210 4490 3522 4588 suppliciis
3560 4506 3575 4547 :

159 4594 437 4648 sanctum
458 4597 629 4648 tuum
657 4608 878 4649 nomen
909 4609 1089 4666 super
1134 4610 1246 4650 1108
1295 4601 1539 4651 vocetur
1564 4610 1813 4667 semper.

158 4678 222 4749 ἢ.
254 4678 465 4737 Amen.

228 4762 603 4839 Antiphone.
626 4772 772 4825 Cum
788 4768 998 4826 sedero
1018 4770 1076 4825 in
1096 4770 1375 4837 tenebris,
1404 4768 1691 4826 Dominus
1711 4770 1808 4826 lux

162 4870 296 4913 mea
316 4862 406 4914 est
440 4859 628 4914 :iram
658 4857 893 4914 Domini
923 4858 1209 4925 tolerabo,
1242 4857 1363 4914 noli
1396 4858 1679 4929 gaudere,
1707 4856 1813 4913 ini-

164 4942 318 5002 mica
349 4961 534 5013 mors,
564 4948 708 5017 quia
729 4944 913 5002 cecidi
943 4962 1312 5017 ;resurgam.
1342 4947 1405 5006 ἲν.
1436 4946 1605 5019 Eripe
1626 4963 1722 5003 me
1739 4945 1813 5003 de

165 5031 419 5091 inimicis
434 5034 585 5091 meis
597 5037 753 5090 Deus
770 5050 942 5090 meus
968 5050 980 5089 :
1007 5038 1062 5091 et
1080 5035 1158 5090 ab
1172 5034 1621 5105 insurgentibus
1642 5036 1704 5091 in
1717 5051 1812 5092 me

161 5118 346 5180 libera
376 5140 493 5179 me.

230 5212 456 5268 Preces.
501 5214 897 5283 Deprecemur
930 5211 1275 5277 Dominum,
1308 5217 1371 5267 ut
1393 5209 1597 5282 suprd.

230 5296 457 5357 Preces.
492 5300 768 5355 Dicamus
785 5315 993 5355 omnes
1029 5318 1040 5354 :
1080 5301 1151 5355 P.
1186 5301 1453 5367 Domine,
1490 5298 1727 5366 exaudi,
1762 5304 1817 5359 et

166 5388 462 5446 miserere.
491 5384 555 5449 1'.
582 5386 904 5446 Subveniat
925 5388 1101 5445 nobis
1124 5389 1313 5460 gratia
1341 5384 1553 5447 Christi
1581 5390 1683 5458 tui,
1714 5390 1818 5463 qui

166 5490 270 5545 pro
297 5476 475 5535 nobis
502 5478 849 5550 passionem
875 5478 1157 5549 suscepit.
1176 5479 1246 5533 P.
1278 5478 1548 5535 Domine.
1568 5480 1627 5540 IV.
1661 5480 1819 5536 Scin-

168 5556 269 5621 dat
297 5566 761 5638 chirographum
793 5566 1165 5631 delictorum,
1198 5566 1303 5639 qui
1334 5565 1606 5624 liberavit
1632 5572 1817 5624 morte

170 5654 413 5727 propria
432 5654 736 5713 Mundam.
766 5656 839 5713 P.
870 5652 1143 5727 Domine,
1178 5654 1240 5719 ν.
1290 5654 1584 5716 Salviﬁcet
1612 5672 1820 5729 pecca-

1926 4596 2055 4665 Qui,
2089 4592 2335 4649 devictis
2356 4589 2792 4659 confractisque
2815 4582 3207 4641 infernalibus
3228 4580 3433 4653 portis,
3455 4595 3578 4636 ere-

1922 4691 2080 4758 ptam
2095 4681 2350 4755 praedam
2370 4676 2695 4751 deportasti
2708 4677 2766 4732 in
2786 4672 3123 4730 coelestibus
3138 4671 3334 4740 regnis
3352 4687 3369 4735 ;
3389 4684 3575 4758 {egro-

1924 4750 1995 4828 tis
2020 4750 2332 4826 medicines
2352 4750 2506 4838 opus
2531 4762 2808 4830 infunde;
2833 4760 3169 4818 errantibus
3186 4760 3347 4814 viam
3366 4750 3572 4812 salutis

1924 4859 2168 4917 ostende
2196 4874 2208 4923 ;
2241 4855 2573 4929 peregrinis
2602 4858 2659 4908 et
2686 4851 2933 4923 captivis
2966 4849 3223 4921 patriam
3261 4843 3481 4911 redde;
3515 4848 3572 4901 et

1923 4948 2181 5020 peccatis
2210 4944 2429 5001 nostris
2462 4942 2697 4997 veniam
2724 4936 2905 4995 dona.
2940 4950 3004 5009 ἢ.
3037 4938 3247 4991 Amen.

1992 5036 2171 5091 Sono.
2198 5030 2339 5099 Quis
2358 5028 2877 5087 ascenditcrucem
2903 5042 3010 5098 pro
3032 5022 3231 5096 impiis
3257 5021 3415 5078 ?Aut
3434 5020 3571 5095 quis

1924 5126 1985 5181 in
2006 5124 2193 5181 altum
2213 5122 2363 5193 cepit
2390 5118 2793 5191 captivitatem
2813 5117 2841 5171 ‘t
2866 5112 2940 5171 P.
2979 5117 3266 5169 lnnocens
3288 5106 3572 5167 manibus

1924 5210 1982 5269 et
2020 5211 2247 5268 mundo
2278 5207 2474 5266 corde.
2510 5210 2574 5262 ll.
2609 5205 2841 5262 Domini
2867 5207 2953 5260 est
2985 5207 3141 5259 terra
3171 5206 3226 5257 et
3261 5194 3575 5271 plenitudo

1926 5304 2056 5373 ejus
2084 5319 2095 5356 :
2121 5300 2614 5360 orbisterrarum,
2639 5293 2967 5351 etuniversi
2988 5288 3375 5365 quihabitant
3394 5287 3455 5342 in
3478 5300 3574 5380 eo.

1928 5394 2057 5462 Ipse
2087 5404 2265 5460 super
2296 5387 2487 5443 maria
2511 5383 2942 5440 fundaviteum
2976 5400 2987 5439 :
3023 5383 3079 5435 et
3109 5393 3288 5449 super
3324 5375 3577 5463 ﬂumina

1926 5452 2483 5550 praeparavitillum.
2509 5474 2584 5527 P.
2614 5476 2924 5526 lnnocens.
2947 5466 3036 5520 Ill.
3056 5466 3196 5530 Quis
3210 5452 3491 5550 ascendet
3515 5454 3576 5550 in

1929 5538 2193 5621 inmitem
2214 5561 2485 5617 Domini?
2502 5558 2749 5630 autquis
2770 5554 3017 5611 stabitin
3031 5553 3163 5608 loco
3183 5551 3388 5640 sancto
3403 5538 3575 5640 ejuij

1929 5653 2037 5719 Qui
2053 5666 2177 5710 non
2197 5649 2425 5721 accepit
2440 5647 2502 5705 in
2531 5625 2686 5705 vano
2709 5644 2976 5702 animam
2997 5653 3192 5702 suam,
3220 5646 3327 5689 nec
3345 5628 3366 5698 j
3381 5625 3577 5681 uravit
