4194 6426
576 348 685 406 607

1827 350 2279 408 BREVIARIUM
2318 350 2706 409 GOTHICUM.

3898 343 4004 401 608

575 479 635 534 in
665 469 802 525 dolo
829 469 1107 544 proximo
1133 485 1261 525 suo.
1290 472 1388 528 Hic
1420 472 1665 543 accipiet
1686 472 2157 530 benedictionem
2189 491 2225 531 a
2254 474 2301 529 Α
2334 490 2370 531 a
2392 474 2734 530 confusione
2763 474 3092 544 sputorum,
3122 475 3178 528 et
3202 470 3392 527 factus
3415 475 3505 525 est
3530 466 3844 525 Dominus
3864 480 4008 539 pro-

577 558 848 623 Domino,
869 562 924 613 et
945 559 1413 615 misericordiam
1429 578 1464 616 a
1484 563 1601 615 Deo
1623 562 1865 617 salutari
1893 579 2018 618 suo.
2045 566 2109 620 P.
2135 564 2221 617 IV.

578 646 709 722 Haac
732 650 818 701 est
834 646 1132 715 generatio
1149 648 1543 718 quaerentium
1562 650 1898 720 Dominum,
1920 651 2223 722 requiren-

575 719 725 788 tium
746 732 958 789 faciem
983 734 1077 787 Dei
1099 734 1301 790 Jacob.
1325 734 1555 791 Attolite
1578 744 1777 807 portas
1801 719 2102 809 principes
2119 752 2221 793 ve-

581 828 751 886 stras,
773 826 828 878 et
844 822 1158 878 elevamini
1174 828 1357 894 portae
1380 825 1682 881 aeternales
1716 846 1726 884 :
1763 832 1817 882 et
1836 827 2102 882 introibit
2123 842 2219 883 rex

583 908 785 979 glorias
813 926 827 963 :
861 910 1142 965 Dominus
1160 910 1321 966 fortis
1339 915 1391 967 et
1412 916 1623 982 potens
1654 929 1665 968 :
1700 915 1983 970 Dominus
2008 918 2217 986 potens

582 996 642 1053 in
668 997 889 1069 praelio.
920 997 1317 1054 P.1nnocens.
1345 998 1405 1060 ἵ.
1439 1000 1649 1067 Gloria,
1698 1006 1753 1058 et
1796 1003 1991 1059 honor
2038 1003 2213 1059 Patri.

582 1087 650 1144 P.
669 1089 976 1144 Innocens.
1000 1088 1122 1154 Quo
1139 1090 1369 1157 expleto
1386 1097 1681 1159 repetunt.
1701 1093 1841 1157 Quis
1859 1092 2139 1149 ascendet
2152 1092 2214 1148 in

582 1180 847 1229 montem
882 1174 1111 1230 Domini
1136 1180 1163 1231 ?

649 1261 875 1317 Lauda.
896 1264 1151 1332 Expecta
1165 1280 1279 1333 me,
1299 1265 1437 1321 dicit
1450 1267 1753 1331 Dominus,
1772 1268 1832 1323 in
1849 1267 1999 1323 diem
2022 1282 2215 1322 resur-

578 1348 853 1404 rectionis
869 1350 1315 1417 meminfuturo,
1331 1355 1474 1425 quia
1483 1355 1502 1424 j
1516 1355 1775 1412 udicium
1794 1371 2016 1421 meum,
2038 1356 2211 1426 362

578 1439 643 1492 ut
670 1450 1026 1507 congregem
1053 1443 1273 1508 gentes,
1317 1446 1373 1497 et
1401 1440 1678 1515 colligam
1705 1459 1908 1515 regna.
1937 1445 2215 1501 Psalmus

579 1539 837 1581 CXXXVIII.

652 1612 947 1683 Capitula.
981 1615 1227 1671 Domine
1254 1618 1389 1673 Jesu
1420 1618 1658 1685 Christe,
1700 1620 1806 1693 qui
1853 1620 2103 1676 traditus
2152 1634 2214 1674 es

578 1700 777 1767 hodie,
816 1703 988 1774 quasi
1029 1718 1219 1772 agnus
1250 1712 1596 1762 mansuetus
1628 1707 1703 1763 ad
1736 1709 2045 1776 victimam,
2076 1722 2215 1763 con-

2333 568 2514 618 tector
2534 578 2723 617 meus.
2748 560 2815 619 t7.
2852 559 3089 615 Custodi
3108 575 3193 613 me
3210 559 3282 613 de
3315 574 3502 613 manu
3525 554 3917 629 peccatoris;
3947 560 4001 611 et

2333 649 2410 705 ab
2430 649 2776 705 hominibus
2794 646 3014 719 iniquis
3033 647 3217 702 libera
3241 662 3353 709 me,
3389 645 3670 701 Domine.
3698 641 3821 708 Qui
3845 644 3999 713 cogi-

2332 740 2603 793 taverunt
2642 735 3021 807 supplantare
3052 750 3288 804 gressus
3319 749 3505 789 meos.

2402 824 2625 880 Oratio.
2656 822 3014 878 Admirabile
3036 823 3177 877 satis
3216 826 3323 888 est,
3357 822 3637 890 Domine,
3670 817 3853 890 quod
3886 832 3992 889 pro

2330 911 2521 966 noxiis
2552 911 2857 979 innocens,
2890 910 3142 981 piusque
3173 925 3281 980 pro
3308 909 3512 980 impiis
3558 908 3847 963 animam
3880 920 3989 977 po-

2330 999 2516 1068 suisti,
2547 999 2791 1055 dorsum
2822 998 3022 1069 utique
3051 998 3129 1053 ad
3145 996 3381 1067 ﬂagella
3406 1011 3665 1068 ponens,
3712 993 3989 1052 maxillas

2326 1102 2463 1143 vero
2485 1087 2563 1142 ad
2589 1086 2823 1159 palmas
2843 1086 3225 1153 constituens,
3248 1084 3460 1140 faciem
3482 1098 3740 1157 quoque
3759 1091 3934 1139 tuam
3954 1097 3988 1139 a

2326 1176 2674 1233 confusione
2692 1180 2987 1246 sputorum
3003 1191 3124 1231 non
3136 1175 3445 1230 retrahens
3480 1190 3491 1228 :
3529 1176 3572 1239 Q
3584 1174 3642 1227 ui
3655 1188 3810 1241 ergo
3822 1175 3988 1228 tanta

2326 1270 2381 1321 et
2394 1264 2533 1321 talia
2548 1264 2609 1319 in
2623 1269 2896 1337 suscepto
2911 1279 3020 1336 pro
3042 1262 3215 1318 nobis
3235 1278 3454 1334 passus
3479 1278 3545 1317 es
3577 1275 3865 1332 corpore,
3894 1260 3982 1316 fac

2325 1368 2436 1410 nos
2486 1353 2820 1425 perenniter
2860 1354 2919 1408 in
2959 1356 3072 1408 tua:
3111 1352 3347 1408 Deitatis
3386 1350 3627 1406 visione
3676 1349 3889 1406 lmtari.
3920 1360 3980 1419 ﬁ.

2324 1442 2540 1497 Amen.

2394 1529 2737 1598 Antiphona
2766 1534 2817 1586 3.
2843 1528 3133 1585 Persecuti
3164 1533 3305 1582 sunt
3323 1543 3412 1583 me
3464 1527 3700 1582 inimici
3745 1526 3887 1590 mei,
3930 1530 3984 1582 et

2323 1617 2790 1674 miscricordiam
2819 1618 2880 1673 in
2905 1633 3000 1673 me
3016 1632 3136 1672 non
3154 1617 3423 1672 fecerunt
3452 1635 3464 1674 :
3489 1615 3712 1671 lancea
3742 1630 3985 1686 percus-

2323 1712 2523 1762 serunt
2552 1721 2728 1778 super
2748 1721 2916 1761 renes
2946 1719 3112 1760 meos
3138 1720 3151 1770 ;
3181 1718 3292 1773 ego
3315 1708 3517 1759 autem
3543 1703 3623 1758 ad
3658 1703 3984 1758 Dominum

579 1790 1427 1861 vertecaptivitatemnostram
1458 1795 2029 1866 :quihodiedorsum
2054 1800 2213 1851 tuum
2244 1806 2289 1861 3
2323 1792 2592 1850 clamavi.
2646 1792 2714 1853 ἲν.
2772 1792 3020 1847 Eﬁ‘unde
3050 1806 3229 1863 super
3270 1790 3550 1846 inimicos
3600 1806 3778 1845 meos
3832 1790 3983 1845 iram

581 1876 658 1932 ad
670 1875 904 1946 ﬂagella
924 1892 1171 1949 ponens,
1202 1880 1472 1936 maxillas
1492 1898 1633 1938 vero
1647 1883 1722 1937 ad
1738 1882 1971 1954 palmas
1995 1884 2212 1938 consti-

580 1968 772 2029 tuens,
796 1965 994 2029 hodie,
1018 1969 1152 2021 Jesu
1184 1967 1358 2031 bone,
1390 1969 1601 2025 faciem
1623 1974 1790 2026 tuam
1834 1986 1942 2041 pro
1974 1972 2149 2027 nobis
2177 1988 2214 2028 a

582 2050 926 2108 confusione
962 2058 1271 2125 sputorum
1327 2072 1447 2112 non
1493 2063 1804 2124 avertens;
1836 2058 2033 2125 hodie,
2077 2062 2213 2116 Jesu

580 2137 953 2210 Redemptor,
977 2155 1084 2211 pro
1099 2142 1270 2197 nobis
1287 2144 1517 2199 inlusus
1531 2161 1594 2199 es
1620 2188 1632 2211 ,
1663 2145 2073 2201 abinﬁdelium
2093 2146 2211 2202 ala-

579 2225 669 2297 pis
687 2225 1106 2298 colaphizatus,
1130 2234 1187 2285 et
1210 2232 1398 2302 spinis
1426 2232 1503 2287 ab
1525 2232 1606 2287 eis
1629 2239 1947 2288 coronatus
1973 2250 1987 2297 ;
2013 2235 2209 2300 hodie,

578 2316 781 2369 Pastor
808 2313 983 2382 bone,
1017 2332 1124 2387 pro
1155 2318 1364 2374 ovibus
1390 2319 1656 2376 animam
1681 2325 1848 2376 tuam
1874 2322 2124 2393 posuisti
2154 2322 2212 2377 in

578 2414 750 2456 cruce
772 2418 788 2471 ;
818 2417 955 2457 cum
977 2403 1308 2461 latronibus
1320 2406 1535 2462 afﬁxus
1554 2424 1638 2473 es,
1664 2412 1719 2464 et
1738 2424 1953 2465 manus
1972 2415 2215 2465 sacrata:

578 2486 753 2543 afﬁxe
779 2506 916 2545 cum
946 2491 1124 2547 clavis
1149 2493 1209 2548 in
1235 2510 1404 2549 cruce
1428 2512 1442 2561 ;
1471 2496 1666 2560 hodie,
1696 2498 1924 2568 positus
1957 2514 2019 2553 es
2044 2500 2104 2553 in
2128 2513 2215 2553 se-

580 2574 829 2646 pulchro
862 2577 972 2632 sub
999 2581 1362 2647 custodibus,
1395 2587 1449 2637 et
1472 2584 1665 2639 Sancti
1706 2584 2019 2656 sepulchra
2056 2585 2211 2641 laxa-

581 2666 719 2717 runt
750 2682 763 2721 :
794 2663 987 2737 hodie,
1008 2669 1145 2722 Jesu
1164 2667 1342 2737 bone,
1357 2670 1539 2726 ﬁnem
1558 2687 1712 2743 pone
1725 2674 1942 2728 nostris
1962 2673 2213 2739 delictis,

580 2750 721 2805 utin
754 2751 845 2807 die
865 2757 1307 2812 resurrectionis
1335 2762 1449 2815 tua:
1478 2776 1615 2815 cum
1656 2762 1872 2830 gaudio
1904 2778 2215 2818 sumamus

578 2852 717 2911 corp
727 2856 792 2895 us
804 2845 973 2898 tuum
989 2849 1277 2907 sanctum.
1295 2852 1351 2903 et
1370 2864 1539 2904 sacro
1552 2852 1839 2922 sanguine
1854 2851 2211 2907 reﬁciamur.

574 2927 714 2983 Inde
726 2929 980 3000 petimus
992 2938 1047 2987 et
1063 2949 1345 3004 rogamus
1358 2952 1459 2992 san
1470 2940 1622 2993 ctam
1638 2939 2011 2995 clementiam
2026 2945 2209 3004 tuam,

575 3015 815 3086 Christe,
854 3019 955 3090 qui
996 3024 1158 3079 tanta
1192 3028 1248 3079 et
1273 3024 1411 3080 talia
1436 3040 1544 3097 pro
1589 3026 1762 3082 nobis
1792 3032 2124 3097 susceptus,
2158 3032 2212 3082 et

2322 1886 2486 1938 tuam
2519 1898 2531 1936 :
2562 1886 2618 1936 et
2644 1879 2973 1948 indignatio
3003 1881 3103 1934 irae
3130 1884 3245 1935 tuae
3286 1880 3713 1950 apprehendat
3744 1894 3873 1934 eos.

2392 1970 2614 2026 Oratio.
2654 1972 2788 2024 Jesu
2818 1968 3082 2032 Domine,
3104 1968 3205 2039 qui
3227 1966 3501 2021 dolorem
3531 1967 3813 2022 Ecclesiae
3838 1972 3973 2029 tum,

2320 2073 2441 2131 quo
2460 2057 2535 2112 ad
2558 2056 2807 2112 nihilum
2832 2056 3076 2112 radacta
3098 2059 3237 2110 sunt
3261 2070 3401 2110 ossa
3423 2055 3576 2124 ejus,
3602 2056 3739 2127 pius
3757 2053 3973 2123 guber-

2320 2151 2493 2202 nator
2518 2145 2810 2213 intelligis,
2861 2144 3007 2200 dum
3037 2144 3185 2200 alios
3224 2148 3393 2199 extra
3423 2158 3559 2200 eam
3597 2140 3963 2198 inﬁdelitatis

2320 2250 2545 2305 vorago
2564 2234 2913 2306 praecipitat,
2943 2234 3091 2287 alios
3114 2233 3268 2287 intra
3286 2247 3425 2287 eam
3461 2232 3843 2287 tentationem
3865 2228 3968 2283 foe-

2322 2323 2475 2378 ditas
2497 2325 2701 2390 necat;
2734 2322 2993 2378 concede
3006 2320 3199 2387 nobis,
3230 2326 3292 2375 ut
3311 2321 3456 2392 quia
3485 2325 3547 2374 tu
3572 2320 3862 2391 soluspro
3875 2332 3979 2373 no-

2324 2410 2417 2466 bis
2437 2414 2491 2465 et
2512 2414 2767 2465 tentatus
2804 2413 2859 2465 et
2883 2425 3095 2481 passus
3110 2423 3193 2472 es,
3215 2414 3277 2463 tu
3288 2422 3403 2463 nos
3418 2413 3525 2465 eta
3547 2406 3980 2463 tentationibus

2325 2502 2380 2552 et
2404 2513 2439 2552 a
2477 2496 2855 2569 passionibus
2883 2497 3105 2552 nostris
3137 2497 3323 2561 solus,
3359 2497 3510 2568 ipse,
3546 2495 3771 2567 eripias
3810 2511 3825 2549 :
3859 2509 3981 2566 quo

2326 2586 2728 2642 testimonium
2756 2588 3025 2641 nostrum
3056 2586 3212 2640 intra
3241 2590 3409 2639 tuam
3442 2584 3773 2639 Ecclesiam
3796 2582 3880 2639 ita
3910 2582 3986 2638 sit

2326 2673 2481 2739 utile,
2561 2680 2626 2729 ut
2692 2688 3029 2730 mereamur
3078 2672 3183 2729 tibi
3232 2674 3357 2728 sine
3422 2672 3543 2728 ﬁne
3592 2672 3861 2746 placere.
3916 2682 3982 2741 ﬂ.

2322 2767 2529 2818 Amen.

2393 2861 2455 2920 Βι.
2493 2850 2650 2907 Sicut
2696 2865 2848 2905 onus
2902 2864 3077 2914 grave
3126 2853 3387 2919 gravatas
3425 2853 3565 2905 sunt
3598 2863 3790 2920 super
3838 2862 3980 2903 me:

2321 2938 3014 3010 computrueruntplagte
3042 2953 3209 2993 meae.
3234 2940 3312 2995 P.
3341 2938 3493 3003 Quia
3514 2937 3592 2992 ad
3616 2936 3870 3006 ﬂagella
3882 2951 3985 3007 pa.-

2319 3030 2479 3081 ratus
2502 3041 2626 3082 sum
2648 3044 2666 3097 ;
2696 3023 3106 3081 etdolormeus
3134 3026 3195 3081 in
3218 3031 3543 3097 conspectu
3566 3040 3698 3079 meo
3714 3039 3981 3095 semper.

573 3118 785 3175 passus
803 3122 864 3161 es
888 3108 947 3162 in
968 3124 1215 3180 corpore
1239 3119 1445 3168 sancto
1466 3118 1568 3169 tuo
1596 3132 1610 3179 ;
1634 3114 1857 3169 redime
1879 3130 1989 3169 nos
2009 3130 2211 3171 servos
2245 3142 2284 3199 Ο
2318 3113 2379 3174 ἡ.
2406 3115 2642 3169 Exaruit
2661 3129 2761 3168 cor
2798 3129 3021 3182 meum,
3053 3119 3109 3169 et
3158 3129 3328 3169 renes
3360 3114 3479 3168 mei
3506 3114 3761 3169 resoluti
3783 3116 3927 3168 sunt
3969 3128 3983 3170 :

575 3195 707 3246 tuos
722 3208 759 3247 a
780 3194 1037 3250 tenebris
1053 3198 1375 3253 inferorum
1400 3204 1456 3255 et
1476 3200 1553 3255 ab
1576 3200 1803 3255 insidiis
1828 3202 2211 3267 inimicorum,

575 3283 637 3334 ut
666 3278 825 3335 diem
855 3286 1307 3340 resurrectionis
1338 3292 1453 3342 tum
1484 3287 1685 3358 repleti
1714 3290 1932 3359 Spiritu
1973 3292 2207 3355 Sancto,

572 3372 629 3423 et
667 3370 940 3426 mundati
984 3373 1056 3427 ab
1084 3374 1249 3429 omni
1287 3374 1519 3443 delicto,
1560 3375 1940 3433 beatitudinis
1980 3384 2210 3436 aeternae

575 3458 876 3529 patiamur
904 3459 1194 3517 subsidio.

647 3548 815 3601 Pater
834 3550 1052 3601 noster.

1200 3636 1295 3692 Ad
1325 3638 1597 3695 Tertiam.

825 3720 1275 3781 Proverbiorum
1308 3725 1633 3784 Salomonis
1656 3730 1819 3801 (Cap.
1852 3734 1961 3804 ul).

646 3817 710 3877 ἢ.
732 3808 852 3863 Deo
877 3813 1116 3879 gratias.

646 3894 763 3961 Fili,
787 3897 843 3953 Si
868 3897 1198 3969 dormieris,
1218 3901 1414 3957 salvus
1435 3904 1546 3960 eris
1576 3923 1589 3960 :
1622 3908 1913 3979 quiesces,
1938 3917 1991 3964 et
2012 3912 2209 3967 suavis

571 3985 687 4040 eris
713 4001 960 4041 somnus
988 3992 1122 4044 tuus
1154 4009 1172 4044 ε
1210 4006 1283 4046 ne
1310 4006 1533 4065 paveas
1554 3998 1862 4067 repentino
1883 4003 2120 4065 terrore,
2154 4006 2210 4057 et

569 4072 868 4129 inruentes
900 4074 1001 4131 tibi
1026 4079 1681 4152 potentiasimpiorum.
1710 4087 1995 4142 Dominus
2020 4089 2125 4143 erit
2148 4088 2206 4142 in

567 4159 747 4217 latere
776 4167 897 4228 tuo,
921 4168 974 4219 et
1003 4166 1289 4224 custodiet
1317 4168 1528 4238 pedem
1562 4176 1749 4242 tuum,
1789 4188 1862 4229 ne
1894 4175 2148 4247 capiaris
2172 4193 2209 4231 a

568 4248 748 4305 malo.
785 4260 847 4320 ﬁ.
881 4252 1089 4309 Amen.

640 4336 995 4404 Antiphona.
1021 4342 1253 4397 Faciem
1278 4359 1473 4400 meam
1506 4362 1835 4418 conspuere
1859 4365 1979 4405 non
2006 4366 2209 4407 veren-

570 4425 665 4478 tur
706 4438 717 4475 :
761 4423 914 4479 illico
945 4435 1342 4495 surrexerunt,
1377 4436 1431 4487 et
1464 4443 1883 4503 oppresserunt
1906 4454 1992 4492 me
2023 4458 2035 4496 :
2069 4439 2208 4494 insi:

571 4508 714 4565 diati
738 4516 894 4575 sunt,
928 4528 1037 4569 nec
1064 4515 1189 4581 fuit,
1218 4519 1319 4589 qui
1351 4519 1523 4575 ferret
1558 4523 1863 4578 auxilium.
1893 4524 1954 4584 ἲν.
1988 4526 2209 4598 Impro-

573 4597 803 4668 perium
820 4604 1151 4671 expectavit
1176 4620 1276 4659 cor
1300 4621 1520 4671 meum,
1542 4613 1597 4663 et
1613 4611 1931 4667 miseriam.
1960 4612 2025 4669 Et
2041 4597 2209 4671 susti-

572 4686 674 4742 nui
690 4688 790 4760 qui
805 4688 979 4745 simul
1001 4707 1237 4748 mecum
1255 4694 1714 4764 contristaretur,
1735 4702 1903 4773 etqui
1936 4704 2207 4761 consola-

571 4781 766 4845 retur;
799 4782 853 4833 et
882 4780 1149 4837 nonfuit.

643 4863 867 4922 Oratio.
899 4868 1142 4938 Christe,
1166 4871 1263 4927 Dei
1291 4872 1483 4938 Filius,
1517 4876 1688 4947 cujus
1710 4876 1888 4934 facies
1903 4895 2007 4951 pro
2028 4882 2204 4938 nobis

571 4952 759 5037 sputis
781 4956 971 5023 patuit
989 4957 1318 5016 inﬁdelium
1339 4980 1355 5032 ;
1390 4962 1469 5019 da
1480 4963 1671 5030 nobis,
1699 4971 1761 5021 ut
1779 4967 1943 5037 quod
1965 4968 2025 5023 in
2048 4974 2100 5025 te
2122 4971 2207 5027 in-

568 5035 819 5093 ﬁdelitas
839 5040 1048 5099 habuit
1069 5044 1389 5115 abjectum,
1413 5064 1521 5106 nos
1538 5051 1611 5106 ad
1632 5035 1848 5107 nostra:
1872 5053 2202 5115 habeamus

569 5122 708 5179 ﬁdei
739 5129 1112 5184 tutamentum
1148 5152 1159 5189 :
1194 5134 1328 5189 etin
1357 5150 1477 5205 quo
1502 5137 1602 5191 illa
1631 5137 1860 5193 offensa
1888 5145 1993 5209 est,
2042 5149 2105 5200 ut
2153 5151 2205 5203 te

570 5210 878 5267 Dominum
919 5216 1521 5289 cruciﬁgeretglorise,
1547 5239 1655 5278 nos
1687 5224 1791 5279 tibi
1820 5227 2201 5300 stabiliamur,

569 5304 623 5354 te
652 5307 920 5357 nostrum
948 5318 1188 5373 semper
1224 5311 1281 5361 et
1308 5307 1683 5366 liberatorem
1714 5319 2106 5385 expectantes,
2149 5327 2205 5378 et

562 5388 851 5459 judicem.
884 5401 947 5461 ἢ.
982 5397 1193 5449 Amen.

629 5478 973 5551 Antiphona
1002 5486 1053 5536 2.
1097 5485 1348 5539 Dorsum
1377 5499 1575 5542 meum
1603 5489 1773 5559 posui
1826 5490 1904 5550 ad
1939 5492 2203 5568 ﬂagella;

570 5568 845 5666 maxillas
864 5586 1006 5659 vero
1018 5571 1095 5633 ad
1121 5570 1354 5647 palmas
1374 5591 1393 5648 ς
1426 5574 1636 5649 faciem
1662 5592 1861 5653 meam
1884 5595 2005 5655 τιοη
2023 5587 2206 5663 averti

2320 3207 2376 3257 et
2400 3218 2510 3272 ego
2537 3202 2613 3257 ad
2640 3202 2889 3259 nihilum
2914 3203 3193 3259 reductus
3227 3219 3383 3257 sum.
3419 3204 3481 3257 P.
3536 3202 3714 3268 Quia.
3765 3202 3983 3257 Flecte-

2319 3305 2455 3347 mus
2478 3305 2691 3360 genua.

2390 3379 2627 3435 Preces.
2647 3378 3041 3450 Deprecemur
3062 3379 3405 3444 Dominum,
3436 3384 3501 3437 ut
3529 3395 3647 3436 nos
3675 3394 3715 3436 a
3740 3379 3987 3452 ﬂagello

2321 3466 2421 3522 iraa
2453 3481 2575 3521 suae
2604 3466 2893 3537 propitius
2924 3466 3175 3523 liberare
3204 3467 3500 3540 dignetur.

2392 3556 2631 3610 Preces.
2673 3554 2939 3619 Domine,
2976 3556 3253 3611 miserere
3287 3556 3423 3622 mei,
3449 3560 3507 3610 et
3532 3555 3727 3611 libera
3759 3570 3886 3613 me.
3918 3555 3987 3610 P.

2323 3642 2591 3708 Domine,
2623 3641 2860 3713 exaudi,
2892 3648 2947 3698 et
2980 3644 3277 3700 miserere.
3307 3644 3369 3703 ἲν.
3402 3644 3679 3707 Domine,
3717 3644 3849 3699 vim
3881 3659 3990 3716 pa-

2321 3730 2431 3786 tior
2463 3748 2476 3782 :
2510 3730 2803 3801 responde
2824 3745 2933 3803 pro
2954 3747 3071 3795 me,
3103 3736 3157 3786 et
3187 3732 3374 3787 libera
3414 3748 3537 3789 me.
3588 3733 3651 3786 P.
3701 3733 3986 3798 Domine,

2317 3818 2386 3880 ν.
2426 3818 2544 3877 Filii
2577 3820 2779 3875 matris
2808 3835 2953 3875 meae
2981 3826 3402 3892 pugnaverunt
3431 3825 3643 3877 contra
3672 3837 3773 3877 me
3796 3838 3812 3887 ;
3834 3827 3906 3879 tu
3926 3822 3987 3878 li-

2317 3907 2462 3963 bera
2492 3924 2604 3963 me.
2633 3908 2697 3963 P.
2740 3908 3007 3978 Domine,
3052 3909 3290 3965 exaudi.
3318 3909 3386 3969 if.
3450 3911 3836 3966 Circuierunt
3892 3927 3987 3966 me

2318 3997 2603 4069 undique,
2633 4012 2741 4051 nec
2764 4000 2869 4065 est,
2897 3998 3002 4068 qui
3035 4004 3202 4052 eruat
3236 4014 3246 4050 :
3279 4004 3339 4052 tu
3366 3997 3555 4054 libera
3581 4014 3703 4053 me.
3748 4000 3825 4053 P.
3870 4000 3990 4055 Do.

2317 4087 2496 4150 mine,
2530 4085 2704 4155 363
2734 4084 2972 4151 exaudi,
3006 4090 3062 4140 et
3100 4086 3398 4141 miserere.
3431 4086 3498 4146 Ψ.
3562 4088 3727 4142 Sicut
3777 4103 3987 4159 agnus

2317 4182 2662 4228 mansuetus
2674 4172 2888 4227 ductus
2905 4188 3038 4227 sum
3054 4174 3127 4228 ad
3143 4174 3444 4230 victimam
3466 4190 3478 4239 ;
3495 4174 3624 4245 jam
3640 4174 3842 4231 libera
3868 4191 3987 4232 me.

2316 4259 2378 4315 P.
2411 4261 2677 4325 Domine,
2699 4260 2766 4319 ir.
2804 4259 3059 4315 Dorsum
3086 4276 3288 4316 meum
3316 4262 3453 4317 dedi
3473 4263 3986 4334 percutientibus,

2317 4354 2372 4404 et
2397 4363 2623 4417 gennas
2661 4362 2823 4403 meas
2855 4348 3209 4403 vellentibus
3240 4365 3253 4403 :
3295 4354 3355 4404 tu
3387 4349 3577 4404 libera
3609 4365 3725 4405 me.
3768 4351 3837 4405 P.
3880 4353 3989 4406 Do-

2316 4437 2494 4507 mine,
2522 4435 2586 4497 Y.
2620 4438 2851 4492 Faciem
2882 4452 3075 4493 meam
3116 4453 3239 4493 non
3268 4439 3453 4494 averti
3484 4438 3564 4494 ab
3612 4439 3991 4511 increpanti-

2315 4526 2450 4595 bus,
2478 4530 2533 4581 et
2555 4524 3020 4597 conspuentibus
3056 4543 3067 4578 :
3102 4530 3167 4580 tu
3192 4526 3379 4582 libera
3428 4542 3546 4583 me.
3595 4527 3667 4585 P.
3696 4528 3989 4596 Domine,

2316 4613 2377 4674 ἲν.
2406 4614 2804 4670 Satiatussum
2817 4613 3215 4669 amaritudine
3244 4631 3257 4669 :
3292 4614 3623 4671 inebriatus
3645 4632 3784 4670 sum
3802 4616 3986 4673 felle:

2316 4706 2378 4758 tu
2406 4706 2646 4773 protege
2676 4716 2791 4763 me,
2838 4704 2895 4757 et
2929 4700 3116 4757 libera
3145 4718 3262 4759 me.
3297 4703 3361 4758 P.
3410 4704 3683 4769 Domine,
3718 4705 3782 4765 ἲν.
3842 4708 3990 4763 Tra—

2315 4790 2473 4845 ditus
2502 4805 2635 4844 sum
2654 4788 2730 4843 ad
2754 4793 3003 4844 mortem
3028 4806 3040 4844 :
3069 4790 3391 4861 deputatus
3409 4808 3543 4847 sum
3567 4794 3994 4851 cumscelera—

2315 4877 2387 4934 tis
2416 4897 2427 4935 :
2461 4881 2524 4933 tu
2554 4876 2772 4933 suscita
2788 4892 2905 4944 me,
2938 4881 2995 4933 et
3012 4877 3198 4935 libera
3223 4895 3344 4936 me.
3386 4883 3447 4937 P.
3480 4882 3757 4946 Domine,
3781 4882 3855 4944 γ.
3894 4886 3993 4940 Ju-

2314 4968 2449 5023 dica
2479 4982 2728 5022 causam
2768 4966 2986 5022 anima:
3014 4984 3184 5033 meae,
3216 4969 3497 5026 defensor
3523 4971 3663 5028 vita:
3695 4988 3884 5039 meae,
3935 4982 3995 5033 et

2311 5058 2500 5121 libera
2524 5071 2641 5111 me.
2673 5058 2732 5110 P.
2763 5056 3026 5112 Domine.
3058 5057 3119 5117 ἰν.
3163 5057 3447 5115 Dicamus
3488 5076 3726 5118 omnes.
3754 5064 3991 5123 Diaco-

2312 5162 2422 5203 nus
2450 5145 2593 5200 dicit
2626 5142 2838 5213 Erigite
2868 5160 2996 5200 vos.
3025 5144 3103 5201 Et
3132 5146 3461 5216 Episcopus
3490 5150 3660 5205 dicit.

2387 5233 2611 5289 Oratio.
2638 5232 2883 5302 lngeniti
2913 5232 3101 5290 Patris
3131 5236 3436 5305 Unigenite
3459 5238 3708 5305 Christe,
3734 5242 3855 5311 qui
3880 5258 3993 5316 pro

2313 5320 2488 5377 nobis
2518 5320 2594 5375 ab
2619 5319 2817 5391 impiis
2846 5320 3022 5376 hodie
3048 5322 3333 5378 occideris
3359 5324 3683 5397 innocens;
3707 5329 3798 5383 tui
3852 5347 3995 5388 san-

2316 5408 2510 5479 guinis
2541 5408 2917 5464 reminiscere
2947 5411 3223 5481 pretium,
3256 5416 3311 5466 et
3355 5413 3533 5467 totius
3578 5416 3797 5487 populi
3858 5420 3993 5475 dele

2315 5500 2627 5569 peccatum
2648 5514 2667 5567 ;
2696 5497 2917 5574 quique
2952 5513 3060 5569 pro
3091 5498 3267 5554 nobis
3298 5500 3555 5571 perferre
3582 5503 3894 5572 dignatus
3927 5524 3992 5565 es

2318 5587 2512 5684 sputa,
2527 5584 2767 5683 probra,
2781 5585 3038 5665 vincula,
3053 5587 3360 5683 colaphos,
3384 5589 3616 5683 alapas,
3638 5592 3990 5689 etﬂagella,
