4194 6418
211 313 319 370 600
1645 318 1714 374 IN
1753 317 2198 378 PARASCEVE.
3521 333 3629 392 610

211 452 479 507 crucem,
503 439 722 504 clavos,
753 440 1527 508 amaritudinem,mortem,
1566 441 1862 510 lanceam,
1895 446 1937 498 A

209 543 282 582 ac
313 526 642 582 novissime
680 529 1082 599 sepulturam;
1111 529 1284 584 nobis
1315 530 1569 596 miseris,
1603 546 1712 602 pro
1738 531 1867 603 qui-

211 616 330 671 bus
352 616 482 671 heec
511 631 730 687 passus
753 632 833 685 es,
868 618 1120 673 caelestis
1142 619 1308 687 regni
1338 619 1528 674 tribue
1553 618 1866 676 beatitudi-

212 718 357 760 nem
388 704 684 760 inﬁnitam
717 711 817 761 :ut
843 706 946 778 qui
972 707 1312 778 passionem
1351 709 1686 764 venerando
1702 723 1868 779 pros-
2221 711 2331 766 Miti
2359 713 2568 768 tendas
2598 713 2813 784 stipite.

213 793 530 858 ternimur,
566 795 1011 852 resurrectionis
1045 801 1159 852 tuas
1190 797 1427 867 gaudiis
1481 797 1558 853 ad
1608 796 1867 853 coelestia
2297 802 2431 859 Sola
2456 801 2639 872 digna
2673 806 2735 856 tu
2758 802 2916 858 fuisti

213 881 629 938 sublevemur.
2229 895 2395 947 Ferre
2416 890 2671 961 pretium
2705 890 2927 958 saeculi,

286 975 459 1029 Pater
489 976 711 1030 noster.
754 975 819 1029 Et
847 988 921 1029 ne
952 989 1086 1029 nos.
2225 984 2412 1051 Atque
2434 982 2674 1050 portum
2709 994 3049 1050 praeparare

573 1079 639 1115 Αυ
671 1078 1082 1118 SALUTATIONEM
1111 1079 1256 1120 LIGNI
1300 1079 1513 1120 nonum.
2226 1071 2415 1125 Nauta
2447 1066 2675 1123 mundo
2702 1067 3017 1138 naufrago,

2230 450 2294 501 Et
2315 447 2475 518 rigor
2505 448 2790 505 lentescat
2810 451 2925 516 ille,

2228 536 2415 599 Quem
2438 536 2601 592 dedit
2638 538 2918 593 nativitas
2942 556 2954 593 :

2228 625 2296 677 Ut
2321 625 2562 695 superni
2584 626 2858 681 membra
2890 627 3059 696 Regis

893 1153 1194 1221 Hymnus.

543 1238 741 1311 Pange
765 1238 976 1309 lingua
1018 1240 1264 1310 gloriosi

471 1326 746 1382 Praslium
776 1327 1140 1393 certaminis,

468 1417 533 1470 Et
561 1429 738 1486 super
768 1416 967 1470 Crucis
1009 1416 1347 1488 trophaeum

469 1504 568 1558 Dic
599 1503 968 1574 triumphum
1010 1504 1276 1561 nobilem
1301 1526 1314 1561 :

468 1591 728 1657 Qualiter
754 1593 1115 1664 Redemptor
1135 1593 1299 1650 orbis

464 1680 812 1736 lmmolatus
835 1681 1056 1737 vicerit.

535 1772 611 1824 De
644 1770 903 1840 parentis
927 1771 1279 1842 protoplasti

463 1858 685 1914 Fraude
713 1858 868 1914 facta
909 1859 1255 1926 condolens,

461 1947 710 2012 Quando
737 1947 902 2018 pomi
928 1947 1186 2002 noxialis

457 2038 632 2091 Morte
665 2051 872 2090 morsu
906 2035 1122 2092 corruit
1145 2053 1156 2090 :

455 2127 588 2196 Ipse
613 2123 847 2194 lignum
878 2129 1021 2179 tunc
1052 2124 1298 2190 notavit,

459 2214 695 2268 Damna
722 2211 864 2282 ligni
899 2216 962 2267 ut
992 2211 1264 2270 solveret.

533 2305 652 2358 Hoc
675 2317 830 2373 opus
859 2306 1076 2357 nostrae
1118 2301 1323 2358 salutis

478 2390 636 2448 Ordo
665 2390 1117 2462 depoposcerat,

462 2477 833 2534 Multiformis
862 2479 1184 2549 proditoris

463 2572 570 2623 Ars
604 2574 665 2623 ut
684 2572 872 2622 artem
907 2565 1134 2623 falleret
1160 2582 1170 2620 :

463 2657 526 2711 Et
553 2656 851 2712 medelam
879 2655 1053 2711 ferret
1076 2656 1236 2724 inde,

469 2745 657 2801 Hostis
691 2744 847 2799 unde
879 2744 1122 2799 laeserat.

531 2833 783 2899 Quando
813 2834 973 2888 venit
1004 2847 1145 2902 ergo
1177 2833 1330 2888 sacri

457 2922 766 2979 Plenitudo
803 2921 1108 2993 temporis,

456 3013 660 3068 Missus
691 3012 883 3068 estab
927 3028 1061 3067 arce
1102 3011 1286 3068 Patris

455 3104 654 3167 Natus,
680 3100 842 3156 orbis
878 3100 1187 3171 conditor;

452 3194 640 3262 Atque
673 3195 874 3246 ventre
909 3189 1188 3258 Virginali

454 3281 605 3335 Caro
646 3277 836 3334 factus
863 3278 1101 3350 prodiit.

526 3368 696 3437 Vagit
726 3367 922 3424 infans
952 3367 1105 3423 inter
1130 3372 1294 3425 arcta

451 3456 734 3512 Conditus
763 3457 1057 3529 praesepia
1085 3471 1097 3510 :

453 3545 714 3602 Membra
742 3547 960 3617 pannis
990 3545 1258 3602 involuta

453 3635 626 3704 Virgo
657 3637 833 3691 Mater
858 3635 1060 3704 alligat
1086 3651 1099 3692 :

457 3726 518 3778 Et
549 3738 786 3791 manus,
814 3723 1142 3795 pedesque,
1167 3738 1342 3780 crura

457 3810 667 3865 Stricta
705 3809 890 3878 cingit
906 3809 1116 3869 fascia.

530 3897 733 3952 Lustra
765 3912 866 3951 sex
888 3897 991 3969 qui
1007 3897 1135 3967 jam
1172 3900 1414 3968 peracta

453 3983 711 4055 Tempus
740 3984 996 4057 implens
1034 3985 1317 4057 corporis,

456 4075 525 4129 Se
556 4073 806 4138 volente,
839 4080 1012 4129 natus
1051 4073 1128 4130 ad
1147 4073 1259 4129 hoc

456 4162 725 4219 Passioni
765 4162 1022 4232 deditus,

449 4257 651 4322 Agnus
678 4251 738 4306 in
761 4252 962 4308 Crucis
985 4252 1214 4308 levatur

451 4340 859 4398 lmmolandus
890 4341 1103 4413 stipite.

527 4431 626 4485 llic
654 4435 912 4497 acetum,
946 4430 1042 4498 fel,
1072 4431 1328 4494 arundo,

456 4523 658 4592 Sputa,
699 4519 868 4580 clavi,
901 4518 1113 4576 lancea
1134 4535 1145 4574 :

455 4609 580 4666 Mite
607 4625 824 4683 corpus
855 4608 1185 4681 perforatur
1209 4625 1222 4664 :

459 4700 713 4768 Sanguis
742 4698 906 4753 unda
938 4698 1212 4770 proﬂuit:

453 4786 648 4852 Terra,
682 4791 923 4860 pontus,
949 4793 1127 4853 astra,
1150 4787 1416 4844 mundus

452 4877 578 4941 Quo
611 4876 888 4932 lavantur
921 4875 1165 4931 ﬂumine
1195 4876 1207 4931 ε

523 4967 673 5020 Crux
706 4963 919 5031 ﬁdelis,
953 4964 1104 5021 inter
1150 4981 1359 5022 omnes

450 5052 632 5110 Arbor
656 5069 779 5109 una
811 5051 1063 5109 nobilis:

446 5141 616 5198 Nulla
648 5142 796 5198 silva
823 5141 999 5197 talem
1025 5143 1247 5214 profert

445 5231 693 5296 Fronde,
727 5230 893 5297 ﬂore,
925 5231 1187 5303 germine
1215 5248 1225 5287 :

447 5319 623 5375 Dulce
653 5319 904 5390 lignum,
933 5319 1138 5376 dulces
1162 5320 1385 5386 clavos,

447 5408 627 5464 Dulce
657 5410 904 5480 pondus
926 5409 1192 5466 sustinet.

518 5497 706 5552 Flecte
737 5512 940 5552 ramos
988 5497 1166 5556 arbor
1205 5497 1344 5561 alta,

452 5587 650 5641 Tensa
677 5584 814 5641 laxa
848 5586 1108 5656 viscera;

2226 1159 2419 1224 Quam
2445 1172 2614 1212 sacer
2643 1172 2820 1212 cruor
2847 1156 3124 1228 perunxit

2226 1247 2380 1302 Fuso
2404 1246 2553 1316 Agni
2597 1245 2911 1315 sanguine.

2300 1337 2450 1389 Laus
2478 1334 2581 1388 tibi
2606 1349 2710 1405 per
2736 1349 2915 1390 omne
2961 1337 3199 1406 tempus

2225 1421 2477 1479 Trinitas
2515 1421 2891 1477 indifferens:

2227 1515 2400 1578 Laus,
2422 1512 2633 1576 honor,
2667 1512 2972 1585 virtusque
3011 1529 3268 1578 summa,

2226 1600 2553 1673 Singularis
2581 1599 2769 1669 gloria
2797 1618 2809 1667 ;

2225 1692 2367 1755 Quae
2400 1693 2453 1745 te
2485 1689 2672 1743 Deum
2717 1688 3076 1746 smeulorum

2224 1779 2502 1834 Personet
2531 1777 2591 1832 in
2625 1777 2860 1833 saecula.

2294 1871 2508 1922 Amen.

2046 1957 2267 2013 Oratio.
2298 1957 2341 2011 Ο
2373 1957 2580 2011 sancta
2607 1956 2780 2024 Crux,
2810 1955 2869 2009 in
2891 1969 3015 2025 qua
3047 1956 3210 2012 salus
3263 1960 3473 2012 nostra
3526 1971 3628 2027 pe-

1971 2045 2178 2116 pendit
2201 2062 2213 2099 :
2239 2059 2345 2116 per
2368 2050 2423 2099 te
2436 2043 2724 2098 iutroeam
2734 2059 2802 2098 us
2819 2042 2892 2096 ad
2918 2045 3150 2098 Patrem
3170 2060 3181 2099 :
3199 2059 3304 2114 per
3318 2048 3371 2098 te
3385 2043 3625 2099 veniam

1971 2148 2344 2189 mereamur:
2374 2147 2480 2203 per
2509 2135 2564 2187 te
2597 2131 2760 2203 apud
2809 2131 3105 2186 Christum
3155 2131 3492 2188 habeamus
3542 2133 3629 2188 in-

1970 2221 2341 2292 dulgentiam
2369 2225 2425 2275 et
2449 2220 2708 2275 veniam.
2744 2231 2808 2289 3;.
2843 2224 3052 2275 Amen.

2041 2311 2394 2379 Antiphona
2420 2309 2492 2365 de
2516 2309 2710 2379 Ligno
2748 2308 3010 2364 Domini.
3037 2308 3286 2378 Signum
3338 2308 3630 2365 habentes

1972 2399 2048 2454 ad
2080 2398 2722 2455 commemorationem
2772 2396 3041 2452 mandati
3097 2396 3246 2466 legis
3283 2401 3419 2462 tuas,
3449 2397 3628 2469 364

1971 2487 2187 2557 exiguo
2212 2486 2376 2556 ligno
2422 2484 2723 2540 credimus
2778 2485 3014 2540 animas
3059 2489 3313 2551 nostras,
3362 2489 3426 2541 ut
3475 2489 3630 2540 tran-

1972 2580 2211 2631 seuntes
2245 2590 2408 2630 mare
2440 2574 2768 2629 liberemur
2795 2589 2901 2645 per
2921 2579 2973 2629 te
2999 2573 3321 2628 Dominum
3367 2573 3630 2630 Salvato-

1970 2678 2118 2718 rem.
2157 2663 2212 2722 tr.
2247 2663 2537 2718 Dominus
2569 2661 2843 2730 regnavit
2875 2661 2934 2716 in
2988 2661 3174 2730 ligno.
3229 2662 3456 2716 Etenim
3506 2678 3630 2718 cor-

1971 2751 2120 2806 rexit
2143 2750 2355 2806 orbem
2386 2755 2577 2818 terrae,
2605 2750 2710 2821 qui
2740 2765 2862 2804 non
2912 2749 3413 2806 commovebitur.

2042 2839 2390 2908 Antiphona
2412 2843 2464 2893 2.
2491 2842 2600 2894 lter
2621 2837 2876 2892 facimus
2899 2837 3063 2905 ligno
3085 2837 3339 2908 portanti
3358 2857 3368 2894 :
3387 2852 3495 2891 vos
3537 2836 3628 2891 in-

1970 2933 2180 2984 vocate
2211 2928 2468 2997 Patrem,
2505 2931 2566 2981 ut
2588 2931 2959 2982 transeuntes
2986 2941 3149 2980 mare
3173 2941 3276 2996 per
3307 2925 3535 2995 lignum
3566 2923 3628 2979 li-

1969 3016 2268 3072 beremur.
2302 3015 2362 3076 ir.
2396 3014 2697 3070 Auxilium
2747 3029 2950 3069 meum
2989 3031 3024 3069 a
3052 3014 3324 3078 Domino,
3360 3013 3465 3085 qui
3494 3012 3630 3069 fecit

1969 3105 2189 3160 coelum
2213 3108 2270 3160 et
2298 3108 2541 3160 terram.

2039 3193 2393 3263 Antiphona
2424 3197 2477 3248 3.
2509 3191 2890 3247 Benedictum
2915 3194 3003 3246 est
3035 3189 3286 3260 lignum,
3321 3205 3427 3261 per
3458 3187 3625 3260 quod

1965 3282 2295 3354 ﬁtjustitia.
2325 3285 2386 3337 In
2418 3281 2533 3336 hoc
2560 3286 2758 3336 autem
2781 3278 3398 3347 ostendisti,Domine,
3431 3276 3625 3332 inimi-

1965 3371 2048 3426 cis
2070 3370 2309 3439 nostris,
2337 3369 2481 3442 quia
2512 3374 2574 3425 tu
2597 3384 2680 3434 es,
2714 3368 2816 3439 qui
2842 3367 3056 3423 liberes
3084 3366 3161 3423 ab
3219 3365 3387 3434 omni
3437 3364 3619 3422 malo.

1962 3459 2024 3520 ἲν.
2059 3462 2350 3516 Laatentur
2376 3457 2530 3521 coeli,
2581 3461 2638 3513 et
2663 3455 2882 3512 exultet
2904 3460 3078 3520 terra,
3122 3459 3435 3510 moveatur
3461 3467 3626 3509 mare

1963 3551 2020 3605 et
2045 3546 2355 3621 plenitudo
2398 3547 2547 3617 ejus.

2320 3635 2414 3691 Ad
2449 3635 2671 3691 Nonum
2718 3649 2834 3704 pro
2865 3631 3267 3703 indulgentia.

2033 3726 2212 3782 Sono.
2263 3723 2486 3795 Popule
2517 3740 2707 3790 meus,
2737 3722 2883 3794 quid
2937 3722 3044 3778 feci
3075 3721 3180 3778 tibi
3204 3719 3313 3776 ?in
3336 3735 3458 3792 quo
3489 3733 3628 3774 con.

1963 3814 2189 3871 tristavi
2218 3817 2269 3870 te
2296 3813 2323 3867 ?
2346 3813 2641 3884 responde
2660 3811 2830 3868 mihi.
2862 3813 2917 3865 P.
2938 3811 3085 3876 Quia
3107 3809 3285 3866 eduxi
3305 3814 3357 3864 te
3377 3809 3450 3863 de
3475 3813 3629 3863 terra

1963 3903 2219 3976 IEgypti,
2244 3902 2469 3974 parasti
2496 3916 2736 3956 crucem
2793 3899 2960 3955 mihi.
2987 3901 3048 3954 ll.
3084 3899 3312 3961 Audite,
3357 3914 3492 3969 quis
3523 3899 3630 3952 Do-

1965 3991 2166 4047 minus
2188 3991 2450 4061 loquitur
2472 4003 2482 4044 :
2506 3991 2776 4058 Surge,et
2795 3985 3401 4057 contendejudicium
3426 3985 3631 4040 adver-

1967 4095 2070 4135 sus
2090 4083 2346 4149 montes,
2376 4082 2432 4134 et
2470 4076 2718 4133 audiant
2736 4075 2914 4130 colles
2949 4090 3155 4129 vocem
3179 4081 3366 4128 tuam.
3400 4074 3456 4127 P.
3481 4073 3630 4137 Quia

1968 4167 2144 4223 eduxi
2169 4168 2190 4220 ?
2211 4165 2521 4222 lll.Audite
2543 4169 2776 4219 montes
2793 4162 3084 4233 judicium
3118 4161 3369 4225 Domini,
3391 4159 3631 4216 etfortia

1968 4255 2363 4312 fundamenta
2387 4259 2553 4310 terras
2582 4273 2593 4322 ;
2618 4251 2762 4325 quia
2787 4251 3084 4323 judicium
3117 4247 3504 4305 Dominicum
3527 4263 3629 4321 po-

1967 4346 2110 4418 pulo
2143 4360 2286 4411 suo;
2311 4348 2366 4400 et
2385 4359 2524 4399 cum
2549 4341 2725 4397 lsrael
2747 4338 3363 4409 altercabitur,dicens
3387 4338 3629 4402 :P.Quia

1969 4433 2146 4490 eduxi
2171 4438 2241 4488 te.
2276 4433 2369 4490 IV.
2412 4429 2635 4504 Popule
2660 4446 2848 4496 meus,
2896 4428 3045 4500 quid
3100 4427 3206 4484 feci
3249 4427 3353 4482 tibi
3379 4428 3529 4483 ?aut
3570 4427 3631 4482 in

1970 4540 2091 4597 quo
2123 4528 2177 4579 te
2200 4521 2544 4579 contristavi
2567 4521 2714 4576 ?aut
2741 4520 2801 4574 in
2829 4533 2951 4591 quo
3003 4517 3106 4574 tibi
3149 4517 3437 4573 molestus
3496 4514 3632 4572 fui?

1967 4612 2269 4686 responde
2301 4610 2444 4667 mihi
2467 4628 2479 4665 :
2503 4610 2645 4682 quia
2668 4609 2846 4665 eduxi
2874 4613 2925 4663 te
2948 4607 3021 4664 de
3058 4612 3211 4664 terra
3255 4605 3493 4679 z’Egypti
3518 4606 3546 4660 7
3575 4610 3632 4662 et

1969 4702 2044 4757 de
2071 4701 2254 4757 domo
2286 4699 2586 4756 servitutis
2609 4697 2856 4754 liberavi
2888 4703 2944 4752 te
2963 4698 3059 4753 ?et
3106 4695 3240 4752 misi
3263 4701 3398 4750 ante
3417 4694 3628 4749 faciem

1970 4793 2137 4845 tuam
2166 4789 2687 4860 Moysem,Aaron,
2713 4788 2768 4840 et
2790 4783 3072 4841 Mariam?
3101 4782 3318 4848 P.Quia
3344 4781 3522 4837 eduxi
3553 4786 3626 4836 te.

1971 4879 2032 4933 V.
2064 4879 2122 4933 Si
2143 4876 2365 4947 afﬂiget
2394 4876 2578 4931 homo
2612 4876 2800 4929 Deum
2826 4872 3125 4944 ;quiavos
3154 4870 3477 4927 conﬁxistis
3508 4886 3625 4935 me,

1968 4969 2026 5021 et
2051 4963 2286 5021 dixistis
2310 4968 2392 5019 :ln
2415 4978 2536 5035 quo
2555 4961 2916 5018 conﬁximus
2939 4964 2990 5016 te
3007 4958 3426 5016 ?invaluerunt
3449 4974 3632 5032 super

1970 5070 2064 5110 me
2099 5053 2284 5110 verba
2311 5057 2507 5110 vestra
2535 5071 2547 5120 ;
2575 5056 2630 5108 et
2655 5049 2986 5107 confixistis
3019 5066 3136 5116 me,
3197 5065 3345 5120 gens
3395 5054 3535 5106 tota.
3564 5049 3628 5104 P.

1969 5143 2120 5209 Quia
2141 5143 2321 5199 eduxi
2353 5147 2430 5198 te.
2466 5144 2552 5196 Vl.
2592 5139 2744 5206 Quid
2775 5139 3023 5210 dignum
3051 5139 3299 5195 offeram
3329 5139 3584 5195 Domino
3603 5138 3632 5193 ?

1968 5232 2243 5288 Curvabo
2269 5247 2466 5303 genua
2498 5230 2618 5287 Deo
2642 5229 2876 5286 excelso
2907 5247 2919 5284 :
2945 5228 3243 5302 numquid
3301 5226 3552 5284 oﬂeram
3579 5226 3632 5281 ei

1965 5321 2618 5388 holocaustomata,aut
2646 5319 2902 5375 vitulum
2923 5318 3270 5375 anniculum
3291 5319 3319 5372 ?
3334 5314 3630 5386 numquid

1964 5409 2190 5482 placari
2212 5410 2426 5482 poterit
2458 5409 2751 5465 Dominus
2774 5409 2834 5464 in
2864 5407 3125 5463 millibus
3142 5408 3394 5463 arietum
3408 5402 3538 5457 ?aut
3568 5401 3628 5455 in

1966 5499 2169 5558 multis
2189 5499 2444 5555 millibus
2467 5498 2776 5555 hircorum
2800 5497 3118 5570 pinguium
3137 5498 3164 5553 i’
3179 5498 3236 5550 P.
3256 5490 3478 5548 Parasti
3499 5503 3631 5543 cru-

1967 5602 2110 5650 cem.
2140 5588 2259 5644 Vll.
2294 5587 2597 5660 Numquid
2628 5587 2789 5644 dabo
2801 5585 3267 5660 primogenitum
3282 5590 3487 5636 meum
3515 5587 3628 5644 pro
