  <div class='ocr_page' id='page_1' title='image "/cluster/home/n/w/nwhite01/storage/ocr_20150623/86/umn.31951002477379d/313.png"; bbox 0 0 4194 6432; ppageno 0'>
   <div class='ocr_carea' id='block_1_1' title="bbox 570 318 672 376">
    <p class='ocr_par' dir='ltr' id='par_1_1' title="bbox 570 318 672 376">
     <span class='ocr_line' id='line_1_1' title="bbox 570 318 672 376; baseline -0.039 0"><span class='ocrx_word' id='word_1_1' title='bbox 570 318 672 376; x_wconf 73' lang='grc'><strong>611</strong></span> 
     </span>
    </p>
   </div>
   <div class='ocr_carea' id='block_1_2' title="bbox 1812 306 2692 374">
    <p class='ocr_par' dir='ltr' id='par_1_2' title="bbox 1812 306 2692 374">
     <span class='ocr_line' id='line_1_2' title="bbox 1812 306 2692 374; baseline 0.001 -9"><span class='ocrx_word' id='word_1_2' title='bbox 1812 306 2264 374; x_wconf 78' lang='lat' dir='ltr'>BREVIARIUM</span> <span class='ocrx_word' id='word_1_3' title='bbox 2301 307 2692 368; x_wconf 87' lang='lat' dir='ltr'>GOTHICUM.</span> 
     </span>
    </p>
   </div>
   <div class='ocr_carea' id='block_1_3' title="bbox 3881 298 3987 362">
    <p class='ocr_par' dir='ltr' id='par_1_3' title="bbox 3881 298 3987 362">
     <span class='ocr_line' id='line_1_3' title="bbox 3881 298 3987 362; baseline 0 -1"><span class='ocrx_word' id='word_1_4' title='bbox 3881 298 3987 362; x_wconf 71' lang='lat' dir='ltr'>M2</span> 
     </span>
    </p>
   </div>
   <div class='ocr_carea' id='block_1_4' title="bbox 571 420 3987 507">
    <p class='ocr_par' dir='ltr' id='par_1_4' title="bbox 571 420 3987 507">
     <span class='ocr_line' id='line_1_4' title="bbox 571 420 3987 507; baseline -0.006 -11"><span class='ocrx_word' id='word_1_5' title='bbox 571 440 788 496; x_wconf 86' lang='lat' dir='ltr'><strong>scelere</strong></span> <span class='ocrx_word' id='word_1_6' title='bbox 819 452 956 494; x_wconf 91' lang='lat' dir='ltr'>meo</span> <span class='ocrx_word' id='word_1_7' title='bbox 977 436 1201 492; x_wconf 87' lang='lat' dir='ltr'>fructus</span> <span class='ocrx_word' id='word_1_8' title='bbox 1221 433 1441 492; x_wconf 78' lang='lat' dir='ltr'>ventris</span> <span class='ocrx_word' id='word_1_9' title='bbox 1456 434 1707 507; x_wconf 89' lang='lat' dir='ltr'>mei,pro</span> <span class='ocrx_word' id='word_1_10' title='bbox 1719 439 1966 507; x_wconf 88' lang='lat' dir='ltr'>peccato</span> <span class='ocrx_word' id='word_1_11' title='bbox 1989 435 2203 490; x_wconf 71' lang='lat' dir='ltr'>animm</span> <span class='ocrx_word' id='word_1_12' title='bbox 2233 433 2284 492; x_wconf 76' lang='grc' dir='ltr'><strong>Α</strong></span> <span class='ocrx_word' id='word_1_13' title='bbox 2387 433 2818 496; x_wconf 79' lang='lat' dir='ltr'>Prosternimur</span> <span class='ocrx_word' id='word_1_14' title='bbox 2843 430 2921 486; x_wconf 91' lang='lat' dir='ltr'>ad</span> <span class='ocrx_word' id='word_1_15' title='bbox 2949 443 3171 502; x_wconf 78' lang='lat' dir='ltr'>preces.</span> <span class='ocrx_word' id='word_1_16' title='bbox 3188 424 3486 486; x_wconf 76' lang='lat' dir='ltr'>Trecentis</span> <span class='ocrx_word' id='word_1_17' title='bbox 3508 422 3758 482; x_wconf 84' lang='lat' dir='ltr'>vicibus</span> <span class='ocrx_word' id='word_1_18' title='bbox 3780 420 3987 479; x_wconf 84' lang='lat' dir='ltr'>indut-</span> 
     </span>
    </p>
   </div>
   <div class='ocr_carea' id='block_1_5' title="bbox 566 523 2200 593">
    <p class='ocr_par' dir='ltr' id='par_1_5' title="bbox 566 523 2200 593">
     <span class='ocr_line' id='line_1_5' title="bbox 566 523 2200 593; baseline -0.004 -8"><span class='ocrx_word' id='word_1_19' title='bbox 566 528 830 584; x_wconf 72' lang='lat' dir='ltr'>meas?P.</span> <span class='ocrx_word' id='word_1_20' title='bbox 859 525 1084 581; x_wconf 88' lang='lat' dir='ltr'>Parasti</span> <span class='ocrx_word' id='word_1_21' title='bbox 1104 539 1360 578; x_wconf 91' lang='lat' dir='ltr'>crucem.</span> <span class='ocrx_word' id='word_1_22' title='bbox 1394 523 1527 577; x_wconf 86' lang='lat' dir='ltr'>VIII.</span> <span class='ocrx_word' id='word_1_23' title='bbox 1557 523 1837 580; x_wconf 97' lang='lat' dir='ltr'>Indicabo</span> <span class='ocrx_word' id='word_1_24' title='bbox 1866 523 1969 580; x_wconf 86' lang='lat' dir='ltr'>tibi</span> <span class='ocrx_word' id='word_1_25' title='bbox 1997 524 2200 593; x_wconf 89' lang='lat' dir='ltr'>homo,</span> 
     </span>
    </p>
   </div>
   <div class='ocr_carea' id='block_1_6' title="bbox 565 610 2203 689">
    <p class='ocr_par' dir='ltr' id='par_1_6' title="bbox 565 610 2203 689">
     <span class='ocr_line' id='line_1_6' title="bbox 565 610 2203 689; baseline -0.004 -18"><span class='ocrx_word' id='word_1_26' title='bbox 565 616 713 689; x_wconf 89' lang='lat' dir='ltr'>quid</span> <span class='ocrx_word' id='word_1_27' title='bbox 736 616 811 670; x_wconf 88' lang='lat' dir='ltr'>sit</span> <span class='ocrx_word' id='word_1_28' title='bbox 839 613 1068 686; x_wconf 83' lang='lat' dir='ltr'>bonum</span> <span class='ocrx_word' id='word_1_29' title='bbox 1091 627 1102 666; x_wconf 91' lang='lat'>:</span> <span class='ocrx_word' id='word_1_30' title='bbox 1128 616 1231 668; x_wconf 90' lang='lat' dir='ltr'>aut</span> <span class='ocrx_word' id='word_1_31' title='bbox 1250 611 1395 683; x_wconf 89' lang='lat' dir='ltr'>quid</span> <span class='ocrx_word' id='word_1_32' title='bbox 1427 611 1712 670; x_wconf 86' lang='lat' dir='ltr'>Dominus</span> <span class='ocrx_word' id='word_1_33' title='bbox 1726 610 2203 683; x_wconf 71' lang='lat' dir='ltr'>quaeratatemti-</span> 
     </span>
    </p>
   </div>
   <div class='ocr_carea' id='block_1_7' title="bbox 565 696 2206 776">
    <p class='ocr_par' dir='ltr' id='par_1_7' title="bbox 565 696 2206 776">
     <span class='ocr_line' id='line_1_7' title="bbox 565 696 2206 776; baseline -0.004 -18"><span class='ocrx_word' id='word_1_34' title='bbox 565 719 685 776; x_wconf 89' lang='lat' dir='ltr'>que</span> <span class='ocrx_word' id='word_1_35' title='bbox 706 703 896 757; x_wconf 90' lang='lat' dir='ltr'>facere</span> <span class='ocrx_word' id='word_1_36' title='bbox 913 699 1226 770; x_wconf 87' lang='lat' dir='ltr'>judicium,</span> <span class='ocrx_word' id='word_1_37' title='bbox 1256 702 1312 753; x_wconf 91' lang='lat' dir='ltr'><strong>et</strong></span> <span class='ocrx_word' id='word_1_38' title='bbox 1331 696 1574 766; x_wconf 80' lang='lat' dir='ltr'>diligere</span> <span class='ocrx_word' id='word_1_39' title='bbox 1613 699 2083 755; x_wconf 91' lang='lat' dir='ltr'>misericordiam</span> <span class='ocrx_word' id='word_1_40' title='bbox 2108 717 2122 764; x_wconf 88' lang='lat'><strong>;</strong></span> <span class='ocrx_word' id='word_1_41' title='bbox 2152 701 2206 752; x_wconf 91' lang='lat' dir='ltr'>et</span> 
     </span>
    </p>
   </div>
   <div class='ocr_carea' id='block_1_8' title="bbox 569 786 2202 846">
    <p class='ocr_par' dir='ltr' id='par_1_8' title="bbox 569 786 2202 846">
     <span class='ocr_line' id='line_1_8' title="bbox 569 786 2202 846; baseline -0.004 -1"><span class='ocrx_word' id='word_1_42' title='bbox 569 790 866 846; x_wconf 91' lang='lat' dir='ltr'>solicitum</span> <span class='ocrx_word' id='word_1_43' title='bbox 879 786 1187 843; x_wconf 91' lang='lat' dir='ltr'>ambulare</span> <span class='ocrx_word' id='word_1_44' title='bbox 1204 801 1339 841; x_wconf 91' lang='lat' dir='ltr'>cum</span> <span class='ocrx_word' id='word_1_45' title='bbox 1359 788 1476 841; x_wconf 91' lang='lat' dir='ltr'>Deo</span> <span class='ocrx_word' id='word_1_46' title='bbox 1492 786 1922 843; x_wconf 86' lang='lat' dir='ltr'>tuo.P.Parasti</span> <span class='ocrx_word' id='word_1_47' title='bbox 1947 800 2202 846; x_wconf 90' lang='lat' dir='ltr'>crucem,</span> 
     </span>
    </p>
   </div>
   <div class='ocr_carea' id='block_1_9' title="bbox 640 874 2206 946">
    <p class='ocr_par' dir='ltr' id='par_1_9' title="bbox 640 874 2206 946">
     <span class='ocr_line' id='line_1_9' title="bbox 640 874 2206 946; baseline -0.003 -13"><span class='ocrx_word' id='word_1_48' title='bbox 640 879 986 946; x_wconf 87' lang='lat' dir='ltr'>Prologum.</span> <span class='ocrx_word' id='word_1_49' title='bbox 1012 875 1084 930; x_wconf 88' lang='lat' dir='ltr'>In</span> <span class='ocrx_word' id='word_1_50' title='bbox 1117 875 1293 942; x_wconf 82' lang='lat' dir='ltr'>ﬁnem</span> <span class='ocrx_word' id='word_1_51' title='bbox 1339 889 1449 943; x_wconf 81' lang='lat' dir='ltr'>pro</span> <span class='ocrx_word' id='word_1_52' title='bbox 1499 878 1862 944; x_wconf 77' lang='lat' dir='ltr'>susceptione</span> <span class='ocrx_word' id='word_1_53' title='bbox 1905 874 2206 930; x_wconf 86' lang='lat' dir='ltr'>matutina</span> 
     </span>
    </p>
   </div>
   <div class='ocr_carea' id='block_1_10' title="bbox 567 961 2206 1033">
    <p class='ocr_par' dir='ltr' id='par_1_10' title="bbox 567 961 2206 1033">
     <span class='ocr_line' id='line_1_10' title="bbox 567 961 2206 1033; baseline -0.004 -11"><span class='ocrx_word' id='word_1_54' title='bbox 567 967 840 1022; x_wconf 86' lang='lat' dir='ltr'>Psalmus</span> <span class='ocrx_word' id='word_1_55' title='bbox 862 965 979 1032; x_wconf 82' lang='lat' dir='ltr'>ipsi</span> <span class='ocrx_word' id='word_1_56' title='bbox 1000 963 1214 1020; x_wconf 86' lang='lat' dir='ltr'>David.</span> <span class='ocrx_word' id='word_1_57' title='bbox 1276 961 1593 1031; x_wconf 80' lang='lat' dir='ltr'>Vigesimus</span> <span class='ocrx_word' id='word_1_58' title='bbox 1639 965 1889 1033; x_wconf 78' lang='lat' dir='ltr'>primus.</span> <span class='ocrx_word' id='word_1_59' title='bbox 1948 965 2141 1032; x_wconf 89' lang='lat' dir='ltr'>Longe</span> <span class='ocrx_word' id='word_1_60' title='bbox 2171 977 2206 1017; x_wconf 92' lang='lat' dir='ltr'>a</span> 
     </span>
    </p>
   </div>
   <div class='ocr_carea' id='block_1_11' title="bbox 565 1049 2207 1114">
    <p class='ocr_par' dir='ltr' id='par_1_11' title="bbox 565 1049 2207 1114">
     <span class='ocr_line' id='line_1_11' title="bbox 565 1049 2207 1114; baseline -0.004 -5"><span class='ocrx_word' id='word_1_61' title='bbox 565 1054 751 1110; x_wconf 89' lang='lat' dir='ltr'>salute</span> <span class='ocrx_word' id='word_1_62' title='bbox 782 1067 914 1107; x_wconf 88' lang='lat' dir='ltr'>mea</span> <span class='ocrx_word' id='word_1_63' title='bbox 944 1050 1127 1106; x_wconf 90' lang='lat' dir='ltr'>verba</span> <span class='ocrx_word' id='word_1_64' title='bbox 1156 1049 1506 1108; x_wconf 83' lang='lat' dir='ltr'>delictorum</span> <span class='ocrx_word' id='word_1_65' title='bbox 1558 1065 1852 1108; x_wconf 89' lang='lat' dir='ltr'>meorum.</span> <span class='ocrx_word' id='word_1_66' title='bbox 1905 1053 1995 1114; x_wconf 84' lang='lat' dir='ltr'>III.</span> <span class='ocrx_word' id='word_1_67' title='bbox 2053 1053 2207 1105; x_wconf 88' lang='lat' dir='ltr'>Deus</span> 
     </span>
    </p>
   </div>
   <div class='ocr_carea' id='block_1_12' title="bbox 565 1137 2200 1212">
    <p class='ocr_par' dir='ltr' id='par_1_12' title="bbox 565 1137 2200 1212">
     <span class='ocr_line' id='line_1_12' title="bbox 565 1137 2200 1212; baseline -0.003 -15"><span class='ocrx_word' id='word_1_68' title='bbox 565 1157 756 1206; x_wconf 91' lang='lat' dir='ltr'>meus,</span> <span class='ocrx_word' id='word_1_69' title='bbox 790 1138 1056 1194; x_wconf 85' lang='lat' dir='ltr'>clamabo</span> <span class='ocrx_word' id='word_1_70' title='bbox 1085 1152 1191 1212; x_wconf 92' lang='lat' dir='ltr'>per</span> <span class='ocrx_word' id='word_1_71' title='bbox 1219 1137 1397 1202; x_wconf 84' lang='lat' dir='ltr'>diem,</span> <span class='ocrx_word' id='word_1_72' title='bbox 1441 1153 1549 1194; x_wconf 90' lang='lat' dir='ltr'>nec</span> <span class='ocrx_word' id='word_1_73' title='bbox 1579 1138 1863 1196; x_wconf 82' lang='lat' dir='ltr'>exaudies</span> <span class='ocrx_word' id='word_1_74' title='bbox 1886 1155 1900 1193; x_wconf 90' lang='lat'><strong><em>:</em></strong></span> <span class='ocrx_word' id='word_1_75' title='bbox 1921 1142 1976 1196; x_wconf 91' lang='lat' dir='ltr'>et</span> <span class='ocrx_word' id='word_1_76' title='bbox 2009 1141 2200 1207; x_wconf 92' lang='lat' dir='ltr'>nocte,</span> 
     </span>
    </p>
   </div>
   <div class='ocr_carea' id='block_1_13' title="bbox 565 1225 1502 1294">
    <p class='ocr_par' dir='ltr' id='par_1_13' title="bbox 565 1225 1502 1294">
     <span class='ocr_line' id='line_1_13' title="bbox 565 1225 1502 1294; baseline -0.002 -10"><span class='ocrx_word' id='word_1_77' title='bbox 565 1233 619 1284; x_wconf 89' lang='lat' dir='ltr'>et</span> <span class='ocrx_word' id='word_1_78' title='bbox 652 1242 771 1282; x_wconf 92' lang='lat' dir='ltr'>non</span> <span class='ocrx_word' id='word_1_79' title='bbox 793 1225 871 1281; x_wconf 91' lang='lat' dir='ltr'>ad</span> <span class='ocrx_word' id='word_1_80' title='bbox 899 1225 1306 1294; x_wconf 85' lang='lat' dir='ltr'>insipientiam</span> <span class='ocrx_word' id='word_1_81' title='bbox 1338 1225 1502 1282; x_wconf 86' lang='lat' dir='ltr'>mihi.</span> 
     </span>
    </p>
   </div>
   <div class='ocr_carea' id='block_1_14' title="bbox 633 1330 2209 1398">
    <p class='ocr_par' dir='ltr' id='par_1_14' title="bbox 633 1330 2209 1398">
     <span class='ocr_line' id='line_1_14' title="bbox 633 1330 2209 1398; baseline -0.001 -10"><span class='ocrx_word' id='word_1_82' title='bbox 633 1331 943 1388; x_wconf 75' lang='lat' dir='ltr'>Silentium</span> <span class='ocrx_word' id='word_1_83' title='bbox 974 1331 1176 1398; x_wconf 83' lang='lat' dir='ltr'>facite.</span> <span class='ocrx_word' id='word_1_84' title='bbox 1209 1331 1256 1384; x_wconf 87' lang='grc' dir='ltr'><strong>Ι.</strong></span> <span class='ocrx_word' id='word_1_85' title='bbox 1298 1332 1417 1398; x_wconf 84' lang='lat' dir='ltr'>Ego</span> <span class='ocrx_word' id='word_1_86' title='bbox 1468 1333 1668 1388; x_wconf 87' lang='lat' dir='ltr'>autem</span> <span class='ocrx_word' id='word_1_87' title='bbox 1711 1347 1841 1387; x_wconf 92' lang='lat' dir='ltr'>sum</span> <span class='ocrx_word' id='word_1_88' title='bbox 1874 1330 2114 1398; x_wconf 80' lang='lat' dir='ltr'>vermis,</span> <span class='ocrx_word' id='word_1_89' title='bbox 2153 1333 2209 1386; x_wconf 91' lang='lat' dir='ltr'>et</span> 
     </span>
    </p>
   </div>
   <div class='ocr_carea' id='block_1_15' title="bbox 567 1416 2205 1489">
    <p class='ocr_par' dir='ltr' id='par_1_15' title="bbox 567 1416 2205 1489">
     <span class='ocr_line' id='line_1_15' title="bbox 567 1416 2205 1489; baseline -0.003 -14"><span class='ocrx_word' id='word_1_90' title='bbox 567 1433 690 1475; x_wconf 90' lang='lat' dir='ltr'>non</span> <span class='ocrx_word' id='word_1_91' title='bbox 717 1417 900 1472; x_wconf 93' lang='lat' dir='ltr'>homo</span> <span class='ocrx_word' id='word_1_92' title='bbox 923 1416 1345 1487; x_wconf 87' lang='lat' dir='ltr'>:opprobrium</span> <span class='ocrx_word' id='word_1_93' title='bbox 1365 1417 1767 1483; x_wconf 91' lang='lat' dir='ltr'>hominum,et</span> <span class='ocrx_word' id='word_1_94' title='bbox 1796 1417 2052 1487; x_wconf 89' lang='lat' dir='ltr'>abjectio</span> <span class='ocrx_word' id='word_1_95' title='bbox 2079 1417 2205 1489; x_wconf 88' lang='lat' dir='ltr'>ple-</span> 
     </span>
    </p>
   </div>
   <div class='ocr_carea' id='block_1_16' title="bbox 563 1503 2201 1575">
    <p class='ocr_par' dir='ltr' id='par_1_16' title="bbox 563 1503 2201 1575">
     <span class='ocr_line' id='line_1_16' title="bbox 563 1503 2201 1575; baseline -0.002 -14"><span class='ocrx_word' id='word_1_96' title='bbox 563 1505 970 1561; x_wconf 86' lang='lat' dir='ltr'>bis.II.Omnes</span> <span class='ocrx_word' id='word_1_97' title='bbox 994 1503 1099 1575; x_wconf 88' lang='lat' dir='ltr'>qui</span> <span class='ocrx_word' id='word_1_98' title='bbox 1131 1503 1409 1562; x_wconf 81' lang='lat' dir='ltr'>videbant</span> <span class='ocrx_word' id='word_1_99' title='bbox 1436 1519 1552 1570; x_wconf 87' lang='lat' dir='ltr'>me,</span> <span class='ocrx_word' id='word_1_100' title='bbox 1586 1504 2044 1562; x_wconf 88' lang='lat' dir='ltr'>subsannabant</span> <span class='ocrx_word' id='word_1_101' title='bbox 2074 1519 2201 1560; x_wconf 90' lang='lat' dir='ltr'>me:</span> 
     </span>
    </p>
   </div>
   <div class='ocr_carea' id='block_1_17' title="bbox 566 1591 2209 1663">
    <p class='ocr_par' dir='ltr' id='par_1_17' title="bbox 566 1591 2209 1663">
     <span class='ocr_line' id='line_1_17' title="bbox 566 1591 2209 1663; baseline -0.001 -15"><span class='ocrx_word' id='word_1_102' title='bbox 566 1593 744 1648; x_wconf 92' lang='lat' dir='ltr'>locuti</span> <span class='ocrx_word' id='word_1_103' title='bbox 772 1596 908 1647; x_wconf 89' lang='lat' dir='ltr'>sunt</span> <span class='ocrx_word' id='word_1_104' title='bbox 927 1591 1122 1656; x_wconf 89' lang='lat' dir='ltr'>labiis,</span> <span class='ocrx_word' id='word_1_105' title='bbox 1154 1595 1210 1646; x_wconf 90' lang='lat' dir='ltr'>et</span> <span class='ocrx_word' id='word_1_106' title='bbox 1237 1596 1552 1650; x_wconf 88' lang='lat' dir='ltr'>moverunt</span> <span class='ocrx_word' id='word_1_107' title='bbox 1596 1596 1792 1663; x_wconf 79' lang='lat' dir='ltr'>caput.</span> <span class='ocrx_word' id='word_1_108' title='bbox 1825 1591 1912 1652; x_wconf 90' lang='lat' dir='ltr'>IIl.</span> <span class='ocrx_word' id='word_1_109' title='bbox 1949 1591 2209 1663; x_wconf 84' lang='lat' dir='ltr'>Speravit</span> 
     </span>
    </p>
   </div>
   <div class='ocr_carea' id='block_1_18' title="bbox 566 1679 2210 1751">
    <p class='ocr_par' dir='ltr' id='par_1_18' title="bbox 566 1679 2210 1751">
     <span class='ocr_line' id='line_1_18' title="bbox 566 1679 2210 1751; baseline -0.001 -16"><span class='ocrx_word' id='word_1_110' title='bbox 566 1680 627 1735; x_wconf 92' lang='lat' dir='ltr'><strong>in</strong></span> <span class='ocrx_word' id='word_1_111' title='bbox 661 1680 931 1748; x_wconf 91' lang='lat' dir='ltr'>Domino,</span> <span class='ocrx_word' id='word_1_112' title='bbox 963 1679 1174 1750; x_wconf 78' lang='lat' dir='ltr'>eripiat</span> <span class='ocrx_word' id='word_1_113' title='bbox 1196 1693 1368 1738; x_wconf 87' lang='lat' dir='ltr'>eum:</span> <span class='ocrx_word' id='word_1_114' title='bbox 1393 1679 1628 1737; x_wconf 81' lang='lat' dir='ltr'>salvum</span> <span class='ocrx_word' id='word_1_115' title='bbox 1656 1679 1835 1738; x_wconf 86' lang='lat' dir='ltr'>faciat</span> <span class='ocrx_word' id='word_1_116' title='bbox 1865 1695 2022 1743; x_wconf 89' lang='lat' dir='ltr'>eum,</span> <span class='ocrx_word' id='word_1_117' title='bbox 2065 1694 2210 1751; x_wconf 90' lang='lat' dir='ltr'>quo-</span> 
     </span>
    </p>
   </div>
   <div class='ocr_carea' id='block_1_19' title="bbox 567 1766 1076 1823">
    <p class='ocr_par' dir='ltr' id='par_1_19' title="bbox 567 1766 1076 1823">
     <span class='ocr_line' id='line_1_19' title="bbox 567 1766 1076 1823; baseline -0.004 0"><span class='ocrx_word' id='word_1_118' title='bbox 567 1768 733 1823; x_wconf 89' lang='lat' dir='ltr'>niam</span> <span class='ocrx_word' id='word_1_119' title='bbox 763 1766 890 1822; x_wconf 82' lang='lat' dir='ltr'>vult</span> <span class='ocrx_word' id='word_1_120' title='bbox 916 1783 1076 1821; x_wconf 91' lang='lat' dir='ltr'>eum.</span> 
     </span>
    </p>
   </div>
   <div class='ocr_carea' id='block_1_20' title="bbox 637 1864 2207 1936">
    <p class='ocr_par' dir='ltr' id='par_1_20' title="bbox 637 1864 2207 1936">
     <span class='ocr_line' id='line_1_20' title="bbox 637 1864 2207 1936; baseline 0 -15"><span class='ocrx_word' id='word_1_121' title='bbox 637 1865 946 1921; x_wconf 74' lang='lat' dir='ltr'>Silentium</span> <span class='ocrx_word' id='word_1_122' title='bbox 966 1864 1512 1934; x_wconf 82' lang='lat' dir='ltr'>facite.I.Quoniam</span> <span class='ocrx_word' id='word_1_123' title='bbox 1539 1871 1600 1919; x_wconf 90' lang='lat' dir='ltr'>tu</span> <span class='ocrx_word' id='word_1_124' title='bbox 1617 1864 1811 1936; x_wconf 89' lang='lat' dir='ltr'>es,qui</span> <span class='ocrx_word' id='word_1_125' title='bbox 1831 1864 2083 1920; x_wconf 86' lang='lat' dir='ltr'>eduxisti</span> <span class='ocrx_word' id='word_1_126' title='bbox 2102 1880 2207 1931; x_wconf 90' lang='lat' dir='ltr'>me,</span> 
     </span>
    </p>
   </div>
   <div class='ocr_carea' id='block_1_21' title="bbox 566 1951 2206 2024">
    <p class='ocr_par' dir='ltr' id='par_1_21' title="bbox 566 1951 2206 2024">
     <span class='ocr_line' id='line_1_21' title="bbox 566 1951 2206 2024; baseline -0.001 -14"><span class='ocrx_word' id='word_1_127' title='bbox 566 1954 642 2010; x_wconf 89' lang='lat' dir='ltr'>de</span> <span class='ocrx_word' id='word_1_128' title='bbox 666 1959 868 2010; x_wconf 86' lang='lat' dir='ltr'>ventre</span> <span class='ocrx_word' id='word_1_129' title='bbox 891 1970 904 2008; x_wconf 94' lang='lat'>:</span> <span class='ocrx_word' id='word_1_130' title='bbox 927 1967 1062 2024; x_wconf 83' lang='lat' dir='ltr'>spes</span> <span class='ocrx_word' id='word_1_131' title='bbox 1091 1967 1227 2008; x_wconf 91' lang='lat' dir='ltr'>mea</span> <span class='ocrx_word' id='word_1_132' title='bbox 1274 1951 1352 2007; x_wconf 89' lang='lat' dir='ltr'>ab</span> <span class='ocrx_word' id='word_1_133' title='bbox 1378 1951 1660 2009; x_wconf 75' lang='lat' dir='ltr'>uberibus</span> <span class='ocrx_word' id='word_1_134' title='bbox 1717 1953 1923 2008; x_wconf 87' lang='lat' dir='ltr'>matris</span> <span class='ocrx_word' id='word_1_135' title='bbox 1966 1957 2206 2010; x_wconf 70' lang='lat' dir='ltr'>meeJI.</span> 
     </span>
    </p>
   </div>
   <div class='ocr_carea' id='block_1_22' title="bbox 566 2041 2209 2112">
    <p class='ocr_par' dir='ltr' id='par_1_22' title="bbox 566 2041 2209 2112">
     <span class='ocr_line' id='line_1_22' title="bbox 566 2041 2209 2112; baseline -0.001 -14"><span class='ocrx_word' id='word_1_136' title='bbox 566 2045 632 2098; x_wconf 88' lang='lat' dir='ltr'>In</span> <span class='ocrx_word' id='word_1_137' title='bbox 653 2045 710 2098; x_wconf 82' lang='lat' dir='ltr'>te</span> <span class='ocrx_word' id='word_1_138' title='bbox 735 2041 988 2111; x_wconf 85' lang='lat' dir='ltr'>jactatus</span> <span class='ocrx_word' id='word_1_139' title='bbox 1017 2057 1151 2096; x_wconf 90' lang='lat' dir='ltr'>sum</span> <span class='ocrx_word' id='word_1_140' title='bbox 1180 2057 1246 2096; x_wconf 84' lang='lat' dir='ltr'>ex</span> <span class='ocrx_word' id='word_1_141' title='bbox 1267 2045 1432 2097; x_wconf 88' lang='lat' dir='ltr'>utero</span> <span class='ocrx_word' id='word_1_142' title='bbox 1458 2058 1472 2096; x_wconf 88' lang='lat'><strong>:</strong></span> <span class='ocrx_word' id='word_1_143' title='bbox 1505 2041 1580 2096; x_wconf 90' lang='lat' dir='ltr'>de</span> <span class='ocrx_word' id='word_1_144' title='bbox 1592 2045 1792 2098; x_wconf 91' lang='lat' dir='ltr'>ventre</span> <span class='ocrx_word' id='word_1_145' title='bbox 1819 2042 2026 2098; x_wconf 80' lang='lat' dir='ltr'>matris</span> <span class='ocrx_word' id='word_1_146' title='bbox 2063 2057 2209 2112; x_wconf 77' lang='lat' dir='ltr'>mese</span> 
     </span>
    </p>
   </div>
   <div class='ocr_carea' id='block_1_23' title="bbox 567 2128 2209 2194">
    <p class='ocr_par' dir='ltr' id='par_1_23' title="bbox 567 2128 2209 2194">
     <span class='ocr_line' id='line_1_23' title="bbox 567 2128 2209 2194; baseline 0 -9"><span class='ocrx_word' id='word_1_147' title='bbox 567 2128 726 2186; x_wconf 84' lang='lat' dir='ltr'><strong>Deus</strong></span> <span class='ocrx_word' id='word_1_148' title='bbox 757 2144 927 2184; x_wconf 82' lang='lat' dir='ltr'>meus</span> <span class='ocrx_word' id='word_1_149' title='bbox 984 2143 1046 2184; x_wconf 88' lang='lat' dir='ltr'>es</span> <span class='ocrx_word' id='word_1_150' title='bbox 1085 2134 1150 2184; x_wconf 92' lang='lat' dir='ltr'>tu</span> <span class='ocrx_word' id='word_1_151' title='bbox 1179 2145 1192 2183; x_wconf 90' lang='lat'><strong>:</strong></span> <span class='ocrx_word' id='word_1_152' title='bbox 1225 2144 1298 2184; x_wconf 91' lang='lat' dir='ltr'>ne</span> <span class='ocrx_word' id='word_1_153' title='bbox 1356 2128 1634 2186; x_wconf 83' lang='lat' dir='ltr'>discedas</span> <span class='ocrx_word' id='word_1_154' title='bbox 1681 2145 1718 2184; x_wconf 88' lang='lat' dir='ltr'>a</span> <span class='ocrx_word' id='word_1_155' title='bbox 1747 2144 1842 2185; x_wconf 90' lang='lat' dir='ltr'>me</span> <span class='ocrx_word' id='word_1_156' title='bbox 1867 2145 1880 2184; x_wconf 89' lang='lat'><strong>:</strong></span> <span class='ocrx_word' id='word_1_157' title='bbox 1907 2132 1995 2184; x_wconf 90' lang='lat' dir='ltr'>III.</span> <span class='ocrx_word' id='word_1_158' title='bbox 2059 2131 2209 2194; x_wconf 85' lang='lat' dir='ltr'>Quo-</span> 
     </span>
    </p>
   </div>
   <div class='ocr_carea' id='block_1_24' title="bbox 566 2215 2209 2288">
    <p class='ocr_par' dir='ltr' id='par_1_24' title="bbox 566 2215 2209 2288">
     <span class='ocr_line' id='line_1_24' title="bbox 566 2215 2209 2288; baseline 0 -15"><span class='ocrx_word' id='word_1_159' title='bbox 566 2217 733 2273; x_wconf 89' lang='lat' dir='ltr'>niam</span> <span class='ocrx_word' id='word_1_160' title='bbox 763 2215 1067 2272; x_wconf 85' lang='lat' dir='ltr'>tribulatio</span> <span class='ocrx_word' id='word_1_161' title='bbox 1109 2221 1196 2272; x_wconf 91' lang='lat' dir='ltr'>est</span> <span class='ocrx_word' id='word_1_162' title='bbox 1242 2216 1552 2288; x_wconf 86' lang='lat' dir='ltr'>proxima:</span> <span class='ocrx_word' id='word_1_163' title='bbox 1577 2221 1633 2272; x_wconf 88' lang='lat' dir='ltr'>et</span> <span class='ocrx_word' id='word_1_164' title='bbox 1678 2232 1803 2272; x_wconf 89' lang='lat' dir='ltr'>non</span> <span class='ocrx_word' id='word_1_165' title='bbox 1842 2221 1935 2272; x_wconf 88' lang='lat' dir='ltr'>est</span> <span class='ocrx_word' id='word_1_166' title='bbox 1979 2217 2078 2288; x_wconf 89' lang='lat' dir='ltr'>qui</span> <span class='ocrx_word' id='word_1_167' title='bbox 2113 2217 2209 2273; x_wconf 84' lang='lat' dir='ltr'>ad-</span> 
     </span>
    </p>
   </div>
   <div class='ocr_carea' id='block_1_25' title="bbox 561 2305 750 2377">
    <p class='ocr_par' dir='ltr' id='par_1_25' title="bbox 561 2305 750 2377">
     <span class='ocr_line' id='line_1_25' title="bbox 561 2305 750 2377; baseline -0.016 -14"><span class='ocrx_word' id='word_1_168' title='bbox 561 2305 750 2377; x_wconf 60' lang='lat' dir='ltr'>juvat</span> 
     </span>
    </p>
   </div>
   <div class='ocr_carea' id='block_1_26' title="bbox 637 2409 2209 2479">
    <p class='ocr_par' dir='ltr' id='par_1_26' title="bbox 637 2409 2209 2479">
     <span class='ocr_line' id='line_1_26' title="bbox 637 2409 2209 2479; baseline -0.002 -11"><span class='ocrx_word' id='word_1_169' title='bbox 637 2410 951 2468; x_wconf 71' lang='lat' dir='ltr'>Silentium</span> <span class='ocrx_word' id='word_1_170' title='bbox 1001 2411 1201 2479; x_wconf 79' lang='lat' dir='ltr'>facile.</span> <span class='ocrx_word' id='word_1_171' title='bbox 1250 2415 1289 2466; x_wconf 91' lang='lat' dir='ltr'>I.</span> <span class='ocrx_word' id='word_1_172' title='bbox 1336 2409 1869 2466; x_wconf 87' lang='lat' dir='ltr'>Circumdederunt</span> <span class='ocrx_word' id='word_1_173' title='bbox 1909 2425 2005 2466; x_wconf 86' lang='lat' dir='ltr'>me</span> <span class='ocrx_word' id='word_1_174' title='bbox 2045 2411 2209 2465; x_wconf 87' lang='lat' dir='ltr'>vituli</span> 
     </span>
    </p>
   </div>
   <div class='ocr_carea' id='block_1_27' title="bbox 567 2497 2210 2570">
    <p class='ocr_par' dir='ltr' id='par_1_27' title="bbox 567 2497 2210 2570">
     <span class='ocr_line' id='line_1_27' title="bbox 567 2497 2210 2570; baseline -0.001 -15"><span class='ocrx_word' id='word_1_175' title='bbox 567 2497 766 2556; x_wconf 89' lang='lat' dir='ltr'>multi:</span> <span class='ocrx_word' id='word_1_176' title='bbox 789 2499 940 2554; x_wconf 89' lang='lat' dir='ltr'>tauri</span> <span class='ocrx_word' id='word_1_177' title='bbox 953 2499 1204 2569; x_wconf 89' lang='lat' dir='ltr'>pingues</span> <span class='ocrx_word' id='word_1_178' title='bbox 1220 2497 1588 2554; x_wconf 88' lang='lat' dir='ltr'>obsederunt</span> <span class='ocrx_word' id='word_1_179' title='bbox 1615 2513 1729 2554; x_wconf 93' lang='lat' dir='ltr'>me.</span> <span class='ocrx_word' id='word_1_180' title='bbox 1758 2501 1824 2554; x_wconf 90' lang='lat' dir='ltr'>II.</span> <span class='ocrx_word' id='word_1_181' title='bbox 1842 2501 2210 2570; x_wconf 84' lang='lat' dir='ltr'>Aperuerunt</span> 
     </span>
    </p>
   </div>
   <div class='ocr_carea' id='block_1_28' title="bbox 569 2586 2210 2658">
    <p class='ocr_par' dir='ltr' id='par_1_28' title="bbox 569 2586 2210 2658">
     <span class='ocr_line' id='line_1_28' title="bbox 569 2586 2210 2658; baseline 0 -16"><span class='ocrx_word' id='word_1_182' title='bbox 569 2587 632 2642; x_wconf 89' lang='lat' dir='ltr'>in</span> <span class='ocrx_word' id='word_1_183' title='bbox 652 2601 748 2642; x_wconf 89' lang='lat' dir='ltr'>me</span> <span class='ocrx_word' id='word_1_184' title='bbox 767 2602 835 2642; x_wconf 87' lang='lat' dir='ltr'>os</span> <span class='ocrx_word' id='word_1_185' title='bbox 857 2587 1208 2651; x_wconf 89' lang='lat' dir='ltr'>suum,sicut</span> <span class='ocrx_word' id='word_1_186' title='bbox 1222 2586 1314 2642; x_wconf 91' lang='lat' dir='ltr'>leo</span> <span class='ocrx_word' id='word_1_187' title='bbox 1334 2587 1572 2657; x_wconf 77' lang='lat' dir='ltr'>rapiens</span> <span class='ocrx_word' id='word_1_188' title='bbox 1601 2591 1657 2642; x_wconf 91' lang='lat' dir='ltr'>et</span> <span class='ocrx_word' id='word_1_189' title='bbox 1677 2586 2038 2658; x_wconf 89' lang='lat' dir='ltr'>rugiens.III.</span> <span class='ocrx_word' id='word_1_190' title='bbox 2052 2587 2210 2642; x_wconf 88' lang='lat' dir='ltr'>Sicut</span> 
     </span>
    </p>
   </div>
   <div class='ocr_carea' id='block_1_29' title="bbox 568 2673 2200 2746">
    <p class='ocr_par' dir='ltr' id='par_1_29' title="bbox 568 2673 2200 2746">
     <span class='ocr_line' id='line_1_29' title="bbox 568 2673 2200 2746; baseline 0 -18"><span class='ocrx_word' id='word_1_191' title='bbox 568 2688 730 2746; x_wconf 87' lang='lat' dir='ltr'>aqua</span> <span class='ocrx_word' id='word_1_192' title='bbox 747 2673 972 2730; x_wconf 70' lang='lat' dir='ltr'><strong>effusus</strong></span> <span class='ocrx_word' id='word_1_193' title='bbox 987 2690 1150 2730; x_wconf 87' lang='lat' dir='ltr'>sum:</span> <span class='ocrx_word' id='word_1_194' title='bbox 1177 2680 1233 2729; x_wconf 93' lang='lat' dir='ltr'>et</span> <span class='ocrx_word' id='word_1_195' title='bbox 1253 2675 1523 2746; x_wconf 87' lang='lat' dir='ltr'>dispersa</span> <span class='ocrx_word' id='word_1_196' title='bbox 1534 2675 1888 2730; x_wconf 88' lang='lat' dir='ltr'>suntomnia</span> <span class='ocrx_word' id='word_1_197' title='bbox 1899 2689 2037 2730; x_wconf 89' lang='lat' dir='ltr'>ossa</span> <span class='ocrx_word' id='word_1_198' title='bbox 2048 2690 2200 2730; x_wconf 88' lang='lat' dir='ltr'>mea.</span> 
     </span>
    </p>
   </div>
   <div class='ocr_carea' id='block_1_30' title="bbox 635 2763 2206 2834">
    <p class='ocr_par' dir='ltr' id='par_1_30' title="bbox 635 2763 2206 2834">
     <span class='ocr_line' id='line_1_30' title="bbox 635 2763 2206 2834; baseline 0 -16"><span class='ocrx_word' id='word_1_199' title='bbox 635 2763 950 2818; x_wconf 73' lang='lat' dir='ltr'>Silentium</span> <span class='ocrx_word' id='word_1_200' title='bbox 961 2765 1352 2833; x_wconf 80' lang='lat' dir='ltr'>facite.I.Facl</span> <span class='ocrx_word' id='word_1_201' title='bbox 1365 2780 1466 2818; x_wconf 91' lang='lat' dir='ltr'>um</span> <span class='ocrx_word' id='word_1_202' title='bbox 1484 2769 1572 2819; x_wconf 89' lang='lat' dir='ltr'>est</span> <span class='ocrx_word' id='word_1_203' title='bbox 1584 2779 1687 2819; x_wconf 92' lang='lat' dir='ltr'>cor</span> <span class='ocrx_word' id='word_1_204' title='bbox 1700 2777 1883 2819; x_wconf 90' lang='lat' dir='ltr'>meum</span> <span class='ocrx_word' id='word_1_205' title='bbox 1908 2771 2206 2834; x_wconf 87' lang='lat' dir='ltr'>tamquam</span> 
     </span>
    </p>
   </div>
   <div class='ocr_carea' id='block_1_31' title="bbox 565 2851 2208 2923">
    <p class='ocr_par' dir='ltr' id='par_1_31' title="bbox 565 2851 2208 2923">
     <span class='ocr_line' id='line_1_31' title="bbox 565 2851 2208 2923; baseline 0.001 -17"><span class='ocrx_word' id='word_1_206' title='bbox 565 2867 700 2907; x_wconf 89' lang='lat' dir='ltr'>cera</span> <span class='ocrx_word' id='word_1_207' title='bbox 718 2851 1054 2923; x_wconf 89' lang='lat' dir='ltr'>liquescens</span> <span class='ocrx_word' id='word_1_208' title='bbox 1077 2853 1137 2908; x_wconf 93' lang='lat' dir='ltr'>in</span> <span class='ocrx_word' id='word_1_209' title='bbox 1165 2852 1363 2908; x_wconf 91' lang='lat' dir='ltr'>medio</span> <span class='ocrx_word' id='word_1_210' title='bbox 1385 2853 1604 2908; x_wconf 87' lang='lat' dir='ltr'>ventris</span> <span class='ocrx_word' id='word_1_211' title='bbox 1651 2852 1792 2907; x_wconf 91' lang='lat' dir='ltr'>mei.</span> <span class='ocrx_word' id='word_1_212' title='bbox 1835 2853 1906 2910; x_wconf 90' lang='lat' dir='ltr'>II.</span> <span class='ocrx_word' id='word_1_213' title='bbox 1964 2852 2208 2908; x_wconf 85' lang='lat' dir='ltr'>Exaruit</span> 
     </span>
    </p>
   </div>
   <div class='ocr_carea' id='block_1_32' title="bbox 563 2939 2206 3011">
    <p class='ocr_par' dir='ltr' id='par_1_32' title="bbox 563 2939 2206 3011">
     <span class='ocr_line' id='line_1_32' title="bbox 563 2939 2206 3011; baseline 0 -17"><span class='ocrx_word' id='word_1_214' title='bbox 563 2939 712 2996; x_wconf 85' lang='lat' dir='ltr'>sicut</span> <span class='ocrx_word' id='word_1_215' title='bbox 737 2944 886 2996; x_wconf 84' lang='lat' dir='ltr'>testa</span> <span class='ocrx_word' id='word_1_216' title='bbox 914 2941 1098 2996; x_wconf 87' lang='lat' dir='ltr'>virtus</span> <span class='ocrx_word' id='word_1_217' title='bbox 1121 2956 1255 2997; x_wconf 90' lang='lat' dir='ltr'>mea</span> <span class='ocrx_word' id='word_1_218' title='bbox 1279 2947 1367 3008; x_wconf 91' lang='lat' dir='ltr'>;et</span> <span class='ocrx_word' id='word_1_219' title='bbox 1378 2941 1582 3011; x_wconf 88' lang='lat' dir='ltr'>lingua</span> <span class='ocrx_word' id='word_1_220' title='bbox 1603 2956 1738 2997; x_wconf 82' lang='lat' dir='ltr'>mea</span> <span class='ocrx_word' id='word_1_221' title='bbox 1761 2940 2206 2996; x_wconf 70' lang='lat' dir='ltr'>adhmsitfauci-</span> 
     </span>
    </p>
   </div>
   <div class='ocr_carea' id='block_1_33' title="bbox 564 3027 2202 3101">
    <p class='ocr_par' dir='ltr' id='par_1_33' title="bbox 564 3027 2202 3101">
     <span class='ocr_line' id='line_1_33' title="bbox 564 3027 2202 3101; baseline -0.001 -19"><span class='ocrx_word' id='word_1_222' title='bbox 564 3027 680 3083; x_wconf 88' lang='lat' dir='ltr'>bus</span> <span class='ocrx_word' id='word_1_223' title='bbox 711 3030 888 3083; x_wconf 89' lang='lat' dir='ltr'>meis:</span> <span class='ocrx_word' id='word_1_224' title='bbox 921 3032 978 3084; x_wconf 89' lang='lat' dir='ltr'>et</span> <span class='ocrx_word' id='word_1_225' title='bbox 1004 3030 1065 3084; x_wconf 89' lang='lat' dir='ltr'>in</span> <span class='ocrx_word' id='word_1_226' title='bbox 1087 3029 1393 3101; x_wconf 86' lang='lat' dir='ltr'>pulverem</span> <span class='ocrx_word' id='word_1_227' title='bbox 1415 3029 1621 3084; x_wconf 87' lang='lat' dir='ltr'>mortis</span> <span class='ocrx_word' id='word_1_228' title='bbox 1648 3029 1946 3084; x_wconf 84' lang='lat' dir='ltr'>deduxisti</span> <span class='ocrx_word' id='word_1_229' title='bbox 1969 3043 2084 3082; x_wconf 91' lang='lat' dir='ltr'>me.</span> <span class='ocrx_word' id='word_1_230' title='bbox 2110 3031 2202 3082; x_wconf 92' lang='lat' dir='ltr'>III.</span> 
     </span>
    </p>
   </div>
   <div class='ocr_carea' id='block_1_34' title="bbox 562 3105 2281 3180">
    <p class='ocr_par' dir='ltr' id='par_1_34' title="bbox 562 3105 2281 3180">
     <span class='ocr_line' id='line_1_34' title="bbox 562 3105 2281 3180; baseline -0.001 -9"><span class='ocrx_word' id='word_1_231' title='bbox 562 3117 855 3180; x_wconf 86' lang='lat' dir='ltr'>Quoniam</span> <span class='ocrx_word' id='word_1_232' title='bbox 899 3118 1416 3173; x_wconf 89' lang='lat' dir='ltr'>circumdederunt</span> <span class='ocrx_word' id='word_1_233' title='bbox 1473 3132 1570 3171; x_wconf 91' lang='lat' dir='ltr'>me</span> <span class='ocrx_word' id='word_1_234' title='bbox 1621 3132 1802 3172; x_wconf 81' lang='lat' dir='ltr'>canes</span> <span class='ocrx_word' id='word_1_235' title='bbox 1821 3115 2030 3170; x_wconf 90' lang='lat' dir='ltr'>multi:</span> <span class='ocrx_word' id='word_1_236' title='bbox 2067 3130 2204 3171; x_wconf 86' lang='lat' dir='ltr'>con-</span> <span class='ocrx_word' id='word_1_237' title='bbox 2241 3105 2281 3170; x_wconf 71' lang='lat' dir='ltr'>CI</span> 
     </span>
    </p>
   </div>
   <div class='ocr_carea' id='block_1_35' title="bbox 561 3203 1670 3274">
    <p class='ocr_par' dir='ltr' id='par_1_35' title="bbox 561 3203 1670 3274">
     <span class='ocr_line' id='line_1_35' title="bbox 561 3203 1670 3274; baseline 0.001 -17"><span class='ocrx_word' id='word_1_238' title='bbox 561 3203 766 3258; x_wconf 88' lang='lat' dir='ltr'>cilium</span> <span class='ocrx_word' id='word_1_239' title='bbox 796 3205 1252 3274; x_wconf 85' lang='lat' dir='ltr'>malignantium</span> <span class='ocrx_word' id='word_1_240' title='bbox 1281 3203 1511 3260; x_wconf 87' lang='lat' dir='ltr'>obsedit</span> <span class='ocrx_word' id='word_1_241' title='bbox 1548 3219 1670 3259; x_wconf 90' lang='lat' dir='ltr'>me.</span> 
     </span>
    </p>
   </div>
   <div class='ocr_carea' id='block_1_36' title="bbox 628 3308 2201 3386">
    <p class='ocr_par' dir='ltr' id='par_1_36' title="bbox 628 3308 2201 3386">
     <span class='ocr_line' id='line_1_36' title="bbox 628 3308 2201 3386; baseline 0 -22"><span class='ocrx_word' id='word_1_242' title='bbox 628 3308 944 3365; x_wconf 86' lang='lat' dir='ltr'>Silentium</span> <span class='ocrx_word' id='word_1_243' title='bbox 965 3312 1168 3378; x_wconf 80' lang='lat' dir='ltr'>facile.</span> <span class='ocrx_word' id='word_1_244' title='bbox 1201 3311 1241 3362; x_wconf 92' lang='lat' dir='ltr'>I.</span> <span class='ocrx_word' id='word_1_245' title='bbox 1272 3309 1571 3363; x_wconf 86' lang='lat' dir='ltr'>Foderunt</span> <span class='ocrx_word' id='word_1_246' title='bbox 1591 3322 1805 3362; x_wconf 90' lang='lat' dir='ltr'>manus</span> <span class='ocrx_word' id='word_1_247' title='bbox 1830 3322 1995 3364; x_wconf 91' lang='lat' dir='ltr'>meas</span> <span class='ocrx_word' id='word_1_248' title='bbox 2011 3313 2067 3363; x_wconf 93' lang='lat' dir='ltr'>et</span> <span class='ocrx_word' id='word_1_249' title='bbox 2093 3323 2201 3386; x_wconf 86' lang='lat' dir='ltr'>pe-</span> 
     </span>
    </p>
   </div>
   <div class='ocr_carea' id='block_1_37' title="bbox 557 3395 2190 3455">
    <p class='ocr_par' dir='ltr' id='par_1_37' title="bbox 557 3395 2190 3455">
     <span class='ocr_line' id='line_1_37' title="bbox 557 3395 2190 3455; baseline 0 -4"><span class='ocrx_word' id='word_1_250' title='bbox 557 3397 663 3451; x_wconf 90' lang='lat' dir='ltr'>des</span> <span class='ocrx_word' id='word_1_251' title='bbox 693 3412 893 3455; x_wconf 88' lang='lat' dir='ltr'>meos:</span> <span class='ocrx_word' id='word_1_252' title='bbox 928 3397 1456 3452; x_wconf 90' lang='lat' dir='ltr'>dinumeraverunt</span> <span class='ocrx_word' id='word_1_253' title='bbox 1508 3395 1711 3451; x_wconf 87' lang='lat' dir='ltr'>omnia</span> <span class='ocrx_word' id='word_1_254' title='bbox 1741 3409 1879 3450; x_wconf 86' lang='lat' dir='ltr'>Ossa</span> <span class='ocrx_word' id='word_1_255' title='bbox 1917 3411 2070 3451; x_wconf 91' lang='lat' dir='ltr'>mea.</span> <span class='ocrx_word' id='word_1_256' title='bbox 2121 3399 2190 3451; x_wconf 93' lang='lat' dir='ltr'>II.</span> 
     </span>
    </p>
   </div>
   <div class='ocr_carea' id='block_1_38' title="bbox 557 3485 2198 3557">
    <p class='ocr_par' dir='ltr' id='par_1_38' title="bbox 557 3485 2198 3557">
     <span class='ocr_line' id='line_1_38' title="bbox 557 3485 2198 3557; baseline 0.001 -19"><span class='ocrx_word' id='word_1_257' title='bbox 557 3485 676 3557; x_wconf 89' lang='lat' dir='ltr'>Ipsi</span> <span class='ocrx_word' id='word_1_258' title='bbox 702 3501 844 3540; x_wconf 89' lang='lat' dir='ltr'>vero</span> <span class='ocrx_word' id='word_1_259' title='bbox 866 3485 1412 3546; x_wconf 88' lang='lat' dir='ltr'>consideraverunt,</span> <span class='ocrx_word' id='word_1_260' title='bbox 1438 3489 1494 3537; x_wconf 90' lang='lat' dir='ltr'>et</span> <span class='ocrx_word' id='word_1_261' title='bbox 1517 3489 1953 3556; x_wconf 86' lang='lat' dir='ltr'>conspexerunt</span> <span class='ocrx_word' id='word_1_262' title='bbox 1969 3501 2098 3546; x_wconf 87' lang='lat' dir='ltr'>me;</span> <span class='ocrx_word' id='word_1_263' title='bbox 2116 3486 2198 3540; x_wconf 89' lang='lat' dir='ltr'>di-</span> 
     </span>
    </p>
   </div>
   <div class='ocr_carea' id='block_1_39' title="bbox 557 3572 2196 3646">
    <p class='ocr_par' dir='ltr' id='par_1_39' title="bbox 557 3572 2196 3646">
     <span class='ocr_line' id='line_1_39' title="bbox 557 3572 2196 3646; baseline 0.001 -19"><span class='ocrx_word' id='word_1_264' title='bbox 557 3573 824 3627; x_wconf 89' lang='lat' dir='ltr'>viserunt</span> <span class='ocrx_word' id='word_1_265' title='bbox 836 3573 949 3626; x_wconf 89' lang='lat' dir='ltr'>sibi</span> <span class='ocrx_word' id='word_1_266' title='bbox 963 3572 1314 3628; x_wconf 86' lang='lat' dir='ltr'>vestimenta</span> <span class='ocrx_word' id='word_1_267' title='bbox 1329 3586 1464 3626; x_wconf 91' lang='lat' dir='ltr'>mea</span> <span class='ocrx_word' id='word_1_268' title='bbox 1485 3587 1498 3636; x_wconf 90' lang='lat'><strong>;</strong></span> <span class='ocrx_word' id='word_1_269' title='bbox 1518 3576 1571 3626; x_wconf 90' lang='lat' dir='ltr'>et</span> <span class='ocrx_word' id='word_1_270' title='bbox 1585 3587 1762 3646; x_wconf 90' lang='lat' dir='ltr'>super</span> <span class='ocrx_word' id='word_1_271' title='bbox 1778 3577 2005 3632; x_wconf 85' lang='lat' dir='ltr'>vestem</span> <span class='ocrx_word' id='word_1_272' title='bbox 2017 3589 2196 3628; x_wconf 87' lang='lat' dir='ltr'>meam</span> 
     </span>
    </p>
   </div>
   <div class='ocr_carea' id='block_1_40' title="bbox 559 3658 2198 3732">
    <p class='ocr_par' dir='ltr' id='par_1_40' title="bbox 559 3658 2198 3732">
     <span class='ocr_line' id='line_1_40' title="bbox 559 3658 2198 3732; baseline 0.003 -20"><span class='ocrx_word' id='word_1_273' title='bbox 559 3658 848 3714; x_wconf 90' lang='lat' dir='ltr'>miserunt</span> <span class='ocrx_word' id='word_1_274' title='bbox 872 3663 1109 3718; x_wconf 83' lang='lat' dir='ltr'>sortem.</span> <span class='ocrx_word' id='word_1_275' title='bbox 1143 3658 1229 3714; x_wconf 93' lang='lat' dir='ltr'>Ill.</span> <span class='ocrx_word' id='word_1_276' title='bbox 1251 3661 1333 3715; x_wconf 88' lang='lat' dir='ltr'>Tu</span> <span class='ocrx_word' id='word_1_277' title='bbox 1364 3664 1560 3714; x_wconf 88' lang='lat' dir='ltr'>autem</span> <span class='ocrx_word' id='word_1_278' title='bbox 1584 3659 1832 3716; x_wconf 88' lang='lat' dir='ltr'>Domine</span> <span class='ocrx_word' id='word_1_279' title='bbox 1855 3676 1927 3718; x_wconf 87' lang='lat' dir='ltr'>ne</span> <span class='ocrx_word' id='word_1_280' title='bbox 1959 3660 2198 3732; x_wconf 89' lang='lat' dir='ltr'>elonga-</span> 
     </span>
    </p>
   </div>
   <div class='ocr_carea' id='block_1_41' title="bbox 558 3747 2191 3824">
    <p class='ocr_par' dir='ltr' id='par_1_41' title="bbox 558 3747 2191 3824">
     <span class='ocr_line' id='line_1_41' title="bbox 558 3747 2191 3824; baseline 0.004 -24"><span class='ocrx_word' id='word_1_281' title='bbox 558 3747 710 3801; x_wconf 88' lang='lat' dir='ltr'>veris</span> <span class='ocrx_word' id='word_1_282' title='bbox 735 3747 1022 3802; x_wconf 85' lang='lat' dir='ltr'>auxilium</span> <span class='ocrx_word' id='word_1_283' title='bbox 1044 3752 1213 3803; x_wconf 91' lang='lat' dir='ltr'>tuum</span> <span class='ocrx_word' id='word_1_284' title='bbox 1245 3763 1280 3803; x_wconf 92' lang='lat' dir='ltr'>a</span> <span class='ocrx_word' id='word_1_285' title='bbox 1307 3764 1429 3806; x_wconf 91' lang='lat' dir='ltr'>me:</span> <span class='ocrx_word' id='word_1_286' title='bbox 1461 3747 1538 3804; x_wconf 91' lang='lat' dir='ltr'>ad</span> <span class='ocrx_word' id='word_1_287' title='bbox 1551 3747 1957 3808; x_wconf 84' lang='lat' dir='ltr'>defensionem</span> <span class='ocrx_word' id='word_1_288' title='bbox 1975 3766 2191 3824; x_wconf 83' lang='lat' dir='ltr'>meam,</span> 
     </span>
    </p>
   </div>
   <div class='ocr_carea' id='block_1_42' title="bbox 560 3834 1227 3910">
    <p class='ocr_par' dir='ltr' id='par_1_42' title="bbox 560 3834 1227 3910">
     <span class='ocr_line' id='line_1_42' title="bbox 560 3834 1227 3910; baseline 0.004 -23"><span class='ocrx_word' id='word_1_289' title='bbox 560 3834 715 3890; x_wconf 89' lang='lat' dir='ltr'><strong>Deus</strong></span> <span class='ocrx_word' id='word_1_290' title='bbox 744 3851 931 3900; x_wconf 91' lang='lat' dir='ltr'>meus,</span> <span class='ocrx_word' id='word_1_291' title='bbox 982 3837 1227 3910; x_wconf 88' lang='lat' dir='ltr'>respice.</span> 
     </span>
    </p>
   </div>
   <div class='ocr_carea' id='block_1_43' title="bbox 624 3932 2192 4007">
    <p class='ocr_par' dir='ltr' id='par_1_43' title="bbox 624 3932 2192 4007">
     <span class='ocr_line' id='line_1_43' title="bbox 624 3932 2192 4007; baseline 0.003 -19"><span class='ocrx_word' id='word_1_292' title='bbox 624 3933 943 3989; x_wconf 85' lang='lat' dir='ltr'>Silentium</span> <span class='ocrx_word' id='word_1_293' title='bbox 951 3933 1377 4007; x_wconf 82' lang='lat' dir='ltr'>facite.t.Eripe</span> <span class='ocrx_word' id='word_1_294' title='bbox 1395 3949 1430 3990; x_wconf 89' lang='lat' dir='ltr'>a</span> <span class='ocrx_word' id='word_1_295' title='bbox 1446 3932 1671 3991; x_wconf 85' lang='lat' dir='ltr'>framea</span> <span class='ocrx_word' id='word_1_296' title='bbox 1693 3933 1956 3992; x_wconf 90' lang='lat' dir='ltr'>animam</span> <span class='ocrx_word' id='word_1_297' title='bbox 1975 3951 2192 4000; x_wconf 88' lang='lat' dir='ltr'>meam:</span> 
     </span>
    </p>
   </div>
   <div class='ocr_carea' id='block_1_44' title="bbox 553 4021 2192 4094">
    <p class='ocr_par' dir='ltr' id='par_1_44' title="bbox 553 4021 2192 4094">
     <span class='ocr_line' id='line_1_44' title="bbox 553 4021 2192 4094; baseline 0.004 -18"><span class='ocrx_word' id='word_1_298' title='bbox 553 4023 610 4076; x_wconf 85' lang='lat' dir='ltr'>et</span> <span class='ocrx_word' id='word_1_299' title='bbox 637 4021 710 4076; x_wconf 92' lang='lat' dir='ltr'>de</span> <span class='ocrx_word' id='word_1_300' title='bbox 727 4037 910 4078; x_wconf 90' lang='lat' dir='ltr'>manu</span> <span class='ocrx_word' id='word_1_301' title='bbox 933 4022 1098 4078; x_wconf 89' lang='lat' dir='ltr'>canis</span> <span class='ocrx_word' id='word_1_302' title='bbox 1118 4023 1354 4078; x_wconf 90' lang='lat' dir='ltr'>unicam</span> <span class='ocrx_word' id='word_1_303' title='bbox 1381 4024 1678 4078; x_wconf 90' lang='lat' dir='ltr'>meam.ll.</span> <span class='ocrx_word' id='word_1_304' title='bbox 1710 4023 1915 4080; x_wconf 89' lang='lat' dir='ltr'>Libera</span> <span class='ocrx_word' id='word_1_305' title='bbox 1939 4041 2053 4094; x_wconf 87' lang='lat' dir='ltr'>me,</span> <span class='ocrx_word' id='word_1_306' title='bbox 2088 4026 2192 4082; x_wconf 88' lang='lat' dir='ltr'>Do-</span> 
     </span>
    </p>
   </div>
   <div class='ocr_carea' id='block_1_45' title="bbox 549 4109 2195 4178">
    <p class='ocr_par' dir='ltr' id='par_1_45' title="bbox 549 4109 2195 4178">
     <span class='ocr_line' id='line_1_45' title="bbox 549 4109 2195 4178; baseline 0.002 -14"><span class='ocrx_word' id='word_1_307' title='bbox 549 4109 730 4178; x_wconf 86' lang='lat' dir='ltr'>mine,</span> <span class='ocrx_word' id='word_1_308' title='bbox 763 4109 836 4165; x_wconf 90' lang='lat' dir='ltr'>de</span> <span class='ocrx_word' id='word_1_309' title='bbox 853 4126 954 4166; x_wconf 91' lang='lat' dir='ltr'>ore</span> <span class='ocrx_word' id='word_1_310' title='bbox 980 4110 1167 4166; x_wconf 90' lang='lat' dir='ltr'>leonis</span> <span class='ocrx_word' id='word_1_311' title='bbox 1190 4131 1200 4169; x_wconf 90' lang='lat'><strong>:</strong></span> <span class='ocrx_word' id='word_1_312' title='bbox 1227 4115 1338 4166; x_wconf 89' lang='lat' dir='ltr'>eta</span> <span class='ocrx_word' id='word_1_313' title='bbox 1368 4111 1649 4166; x_wconf 90' lang='lat' dir='ltr'>cornibus</span> <span class='ocrx_word' id='word_1_314' title='bbox 1694 4111 2195 4170; x_wconf 88' lang='lat' dir='ltr'>unicorniumhu-</span> 
     </span>
    </p>
   </div>
   <div class='ocr_carea' id='block_1_46' title="bbox 547 4197 2195 4257">
    <p class='ocr_par' dir='ltr' id='par_1_46' title="bbox 547 4197 2195 4257">
     <span class='ocr_line' id='line_1_46' title="bbox 547 4197 2195 4257; baseline 0.002 -4"><span class='ocrx_word' id='word_1_315' title='bbox 547 4197 860 4256; x_wconf 89' lang='lat' dir='ltr'>militatem</span> <span class='ocrx_word' id='word_1_316' title='bbox 887 4214 1107 4255; x_wconf 87' lang='lat' dir='ltr'>meam.</span> <span class='ocrx_word' id='word_1_317' title='bbox 1131 4199 1221 4254; x_wconf 93' lang='lat' dir='ltr'>IlI.</span> <span class='ocrx_word' id='word_1_318' title='bbox 1257 4199 1515 4254; x_wconf 85' lang='lat' dir='ltr'>Narrabo</span> <span class='ocrx_word' id='word_1_319' title='bbox 1542 4215 1762 4254; x_wconf 89' lang='lat' dir='ltr'>nomen</span> <span class='ocrx_word' id='word_1_320' title='bbox 1804 4203 1971 4255; x_wconf 91' lang='lat' dir='ltr'>tuum</span> <span class='ocrx_word' id='word_1_321' title='bbox 2008 4201 2195 4257; x_wconf 86' lang='lat' dir='ltr'>fratri-</span> 
     </span>
    </p>
   </div>
   <div class='ocr_carea' id='block_1_47' title="bbox 545 4285 2190 4357">
    <p class='ocr_par' dir='ltr' id='par_1_47' title="bbox 545 4285 2190 4357">
     <span class='ocr_line' id='line_1_47' title="bbox 545 4285 2190 4357; baseline 0.002 -17"><span class='ocrx_word' id='word_1_322' title='bbox 545 4285 661 4341; x_wconf 88' lang='lat' dir='ltr'>bus</span> <span class='ocrx_word' id='word_1_323' title='bbox 681 4287 829 4342; x_wconf 86' lang='lat' dir='ltr'>meis</span> <span class='ocrx_word' id='word_1_324' title='bbox 854 4306 865 4338; x_wconf 91' lang='lat'>:</span> <span class='ocrx_word' id='word_1_325' title='bbox 890 4288 950 4342; x_wconf 91' lang='lat' dir='ltr'>in</span> <span class='ocrx_word' id='word_1_326' title='bbox 978 4287 1175 4342; x_wconf 90' lang='lat' dir='ltr'>medio</span> <span class='ocrx_word' id='word_1_327' title='bbox 1203 4287 1476 4342; x_wconf 73' lang='lat' dir='ltr'>Ecclesiae</span> <span class='ocrx_word' id='word_1_328' title='bbox 1496 4287 1757 4343; x_wconf 86' lang='lat' dir='ltr'>laudabo</span> <span class='ocrx_word' id='word_1_329' title='bbox 1793 4291 1867 4357; x_wconf 90' lang='lat' dir='ltr'>te,</span> <span class='ocrx_word' id='word_1_330' title='bbox 1924 4288 2190 4344; x_wconf 91' lang='lat' dir='ltr'>Domine.</span> 
     </span>
    </p>
   </div>
   <div class='ocr_carea' id='block_1_48' title="bbox 615 4391 2191 4460">
    <p class='ocr_par' dir='ltr' id='par_1_48' title="bbox 615 4391 2191 4460">
     <span class='ocr_line' id='line_1_48' title="bbox 615 4391 2191 4460; baseline 0.004 -15"><span class='ocrx_word' id='word_1_331' title='bbox 615 4391 927 4446; x_wconf 78' lang='lat' dir='ltr'>Silentium</span> <span class='ocrx_word' id='word_1_332' title='bbox 944 4391 1150 4460; x_wconf 85' lang='lat' dir='ltr'>facite.</span> <span class='ocrx_word' id='word_1_333' title='bbox 1180 4391 1760 4448; x_wconf 73' lang='lat' dir='ltr'>Preces.Pmnitentes</span> <span class='ocrx_word' id='word_1_334' title='bbox 1772 4397 1957 4456; x_wconf 90' lang='lat' dir='ltr'>orate,</span> <span class='ocrx_word' id='word_1_335' title='bbox 1977 4393 2191 4451; x_wconf 89' lang='lat' dir='ltr'>ﬂectite</span> 
     </span>
    </p>
   </div>
   <div class='ocr_carea' id='block_1_49' title="bbox 551 4477 2188 4552">
    <p class='ocr_par' dir='ltr' id='par_1_49' title="bbox 551 4477 2188 4552">
     <span class='ocr_line' id='line_1_49' title="bbox 551 4477 2188 4552; baseline 0.003 -19"><span class='ocrx_word' id='word_1_336' title='bbox 551 4492 750 4546; x_wconf 85' lang='lat' dir='ltr'>genua</span> <span class='ocrx_word' id='word_1_337' title='bbox 779 4478 921 4536; x_wconf 91' lang='lat' dir='ltr'>Deo.</span> <span class='ocrx_word' id='word_1_338' title='bbox 952 4477 1343 4552; x_wconf 87' lang='lat' dir='ltr'>Deprecemur</span> <span class='ocrx_word' id='word_1_339' title='bbox 1357 4478 1673 4534; x_wconf 91' lang='lat' dir='ltr'>Dominum</span> <span class='ocrx_word' id='word_1_340' title='bbox 1693 4481 1877 4536; x_wconf 92' lang='lat' dir='ltr'>Deum</span> <span class='ocrx_word' id='word_1_341' title='bbox 1899 4487 2188 4548; x_wconf 90' lang='lat' dir='ltr'>nostrum,</span> 
     </span>
    </p>
   </div>
   <div class='ocr_carea' id='block_1_50' title="bbox 555 4564 2194 4642">
    <p class='ocr_par' dir='ltr' id='par_1_50' title="bbox 555 4564 2194 4642">
     <span class='ocr_line' id='line_1_50' title="bbox 555 4564 2194 4642; baseline 0.004 -21"><span class='ocrx_word' id='word_1_342' title='bbox 555 4570 621 4622; x_wconf 91' lang='lat' dir='ltr'>ut</span> <span class='ocrx_word' id='word_1_343' title='bbox 643 4564 1074 4635; x_wconf 81' lang='lat' dir='ltr'>indulgentiam</span> <span class='ocrx_word' id='word_1_344' title='bbox 1089 4565 1489 4634; x_wconf 90' lang='lat' dir='ltr'>criminum,et</span> <span class='ocrx_word' id='word_1_345' title='bbox 1502 4567 1911 4626; x_wconf 88' lang='lat' dir='ltr'>remissionem</span> <span class='ocrx_word' id='word_1_346' title='bbox 1926 4576 2194 4642; x_wconf 85' lang='lat' dir='ltr'>peccato—-</span> 
     </span>
    </p>
   </div>
   <div class='ocr_carea' id='block_1_51' title="bbox 550 4654 2190 4727">
    <p class='ocr_par' dir='ltr' id='par_1_51' title="bbox 550 4654 2190 4727">
     <span class='ocr_line' id='line_1_51' title="bbox 550 4654 2190 4727; baseline 0.004 -18"><span class='ocrx_word' id='word_1_347' title='bbox 550 4669 687 4710; x_wconf 89' lang='lat' dir='ltr'>rum</span> <span class='ocrx_word' id='word_1_348' title='bbox 713 4654 1125 4714; x_wconf 89' lang='lat' dir='ltr'>nobisdonare</span> <span class='ocrx_word' id='word_1_349' title='bbox 1147 4654 1439 4724; x_wconf 78' lang='lat' dir='ltr'>dignetur.</span> <span class='ocrx_word' id='word_1_350' title='bbox 1471 4655 1684 4727; x_wconf 85' lang='lat' dir='ltr'>Erigite</span> <span class='ocrx_word' id='word_1_351' title='bbox 1723 4663 2054 4724; x_wconf 78' lang='lat' dir='ltr'>voszorate,</span> <span class='ocrx_word' id='word_1_352' title='bbox 2087 4659 2190 4716; x_wconf 83' lang='lat' dir='ltr'>ﬂe-</span> 
     </span>
    </p>
   </div>
   <div class='ocr_carea' id='block_1_52' title="bbox 549 4743 2190 4817">
    <p class='ocr_par' dir='ltr' id='par_1_52' title="bbox 549 4743 2190 4817">
     <span class='ocr_line' id='line_1_52' title="bbox 549 4743 2190 4817; baseline 0.003 -18"><span class='ocrx_word' id='word_1_353' title='bbox 549 4743 684 4802; x_wconf 90' lang='lat' dir='ltr'>ctite</span> <span class='ocrx_word' id='word_1_354' title='bbox 711 4760 910 4816; x_wconf 90' lang='lat' dir='ltr'>genua</span> <span class='ocrx_word' id='word_1_355' title='bbox 932 4745 1073 4806; x_wconf 90' lang='lat' dir='ltr'>Deo.</span> <span class='ocrx_word' id='word_1_356' title='bbox 1099 4745 1491 4817; x_wconf 89' lang='lat' dir='ltr'>Deprecemur</span> <span class='ocrx_word' id='word_1_357' title='bbox 1512 4745 1830 4804; x_wconf 88' lang='lat' dir='ltr'>Dominum</span> <span class='ocrx_word' id='word_1_358' title='bbox 1843 4747 2027 4804; x_wconf 91' lang='lat' dir='ltr'>Deum</span> <span class='ocrx_word' id='word_1_359' title='bbox 2055 4763 2190 4809; x_wconf 84' lang='lat' dir='ltr'>nos-</span> 
     </span>
    </p>
   </div>
   <div class='ocr_carea' id='block_1_53' title="bbox 549 4833 2186 4909">
    <p class='ocr_par' dir='ltr' id='par_1_53' title="bbox 549 4833 2186 4909">
     <span class='ocr_line' id='line_1_53' title="bbox 549 4833 2186 4909; baseline 0.003 -21"><span class='ocrx_word' id='word_1_360' title='bbox 549 4836 728 4900; x_wconf 90' lang='lat' dir='ltr'>trum,</span> <span class='ocrx_word' id='word_1_361' title='bbox 759 4838 821 4890; x_wconf 91' lang='lat' dir='ltr'>ut</span> <span class='ocrx_word' id='word_1_362' title='bbox 846 4833 1035 4907; x_wconf 83' lang='lat' dir='ltr'>lapsis</span> <span class='ocrx_word' id='word_1_363' title='bbox 1089 4849 1342 4892; x_wconf 91' lang='lat' dir='ltr'>manum</span> <span class='ocrx_word' id='word_1_364' title='bbox 1380 4835 1684 4907; x_wconf 81' lang='lat' dir='ltr'>porrigat;</span> <span class='ocrx_word' id='word_1_365' title='bbox 1723 4840 1782 4891; x_wconf 90' lang='lat' dir='ltr'>et</span> <span class='ocrx_word' id='word_1_366' title='bbox 1822 4836 2186 4909; x_wconf 84' lang='lat' dir='ltr'>praesidium,</span> 
     </span>
    </p>
   </div>
   <div class='ocr_carea' id='block_1_54' title="bbox 547 4921 2190 4996">
    <p class='ocr_par' dir='ltr' id='par_1_54' title="bbox 547 4921 2190 4996">
     <span class='ocr_line' id='line_1_54' title="bbox 547 4921 2190 4996; baseline 0.004 -21"><span class='ocrx_word' id='word_1_367' title='bbox 547 4921 712 4993; x_wconf 88' lang='lat' dir='ltr'>quod</span> <span class='ocrx_word' id='word_1_368' title='bbox 743 4921 822 4978; x_wconf 91' lang='lat' dir='ltr'>ab</span> <span class='ocrx_word' id='word_1_369' title='bbox 848 4937 918 4979; x_wconf 90' lang='lat' dir='ltr'>eo</span> <span class='ocrx_word' id='word_1_370' title='bbox 941 4923 1272 4995; x_wconf 87' lang='lat' dir='ltr'>inquiritur,</span> <span class='ocrx_word' id='word_1_371' title='bbox 1303 4923 1619 4981; x_wconf 89' lang='lat' dir='ltr'>clementer</span> <span class='ocrx_word' id='word_1_372' title='bbox 1638 4924 1953 4996; x_wconf 85' lang='lat' dir='ltr'>impertiat.</span> <span class='ocrx_word' id='word_1_373' title='bbox 1979 4925 2190 4996; x_wconf 86' lang='lat' dir='ltr'>Erigite</span> 
     </span>
    </p>
   </div>
   <div class='ocr_carea' id='block_1_55' title="bbox 545 5011 2189 5083">
    <p class='ocr_par' dir='ltr' id='par_1_55' title="bbox 545 5011 2189 5083">
     <span class='ocr_line' id='line_1_55' title="bbox 545 5011 2189 5083; baseline 0.002 -19"><span class='ocrx_word' id='word_1_374' title='bbox 545 5025 652 5065; x_wconf 88' lang='lat' dir='ltr'>vos</span> <span class='ocrx_word' id='word_1_375' title='bbox 673 5025 686 5063; x_wconf 90' lang='lat'><strong>:</strong></span> <span class='ocrx_word' id='word_1_376' title='bbox 706 5015 884 5073; x_wconf 86' lang='lat' dir='ltr'>orate,</span> <span class='ocrx_word' id='word_1_377' title='bbox 916 5011 1125 5067; x_wconf 86' lang='lat' dir='ltr'>ﬂectite</span> <span class='ocrx_word' id='word_1_378' title='bbox 1140 5027 1339 5082; x_wconf 91' lang='lat' dir='ltr'>genua</span> <span class='ocrx_word' id='word_1_379' title='bbox 1363 5015 1500 5070; x_wconf 91' lang='lat' dir='ltr'>Deo.</span> <span class='ocrx_word' id='word_1_380' title='bbox 1535 5013 1936 5083; x_wconf 79' lang='lat' dir='ltr'>Deprecamur</span> <span class='ocrx_word' id='word_1_381' title='bbox 1996 5012 2189 5067; x_wconf 86' lang='lat' dir='ltr'>Domi-</span> 
     </span>
    </p>
   </div>
   <div class='ocr_carea' id='block_1_56' title="bbox 544 5099 2191 5170">
    <p class='ocr_par' dir='ltr' id='par_1_56' title="bbox 544 5099 2191 5170">
     <span class='ocr_line' id='line_1_56' title="bbox 544 5099 2191 5170; baseline 0.002 -17"><span class='ocrx_word' id='word_1_382' title='bbox 544 5112 692 5154; x_wconf 90' lang='lat' dir='ltr'>num</span> <span class='ocrx_word' id='word_1_383' title='bbox 717 5099 899 5156; x_wconf 85' lang='lat' dir='ltr'>Deum</span> <span class='ocrx_word' id='word_1_384' title='bbox 913 5105 1280 5164; x_wconf 85' lang='lat' dir='ltr'>nostrum.ut</span> <span class='ocrx_word' id='word_1_385' title='bbox 1292 5102 1738 5164; x_wconf 85' lang='lat' dir='ltr'>reminiscentes</span> <span class='ocrx_word' id='word_1_386' title='bbox 1754 5100 2049 5170; x_wconf 72' lang='lat' dir='ltr'>malaquae</span> <span class='ocrx_word' id='word_1_387' title='bbox 2065 5115 2191 5170; x_wconf 85' lang='lat' dir='ltr'>ges—</span> 
     </span>
    </p>
   </div>
   <div class='ocr_carea' id='block_1_57' title="bbox 546 5185 2189 5264">
    <p class='ocr_par' dir='ltr' id='par_1_57' title="bbox 546 5185 2189 5264">
     <span class='ocr_line' id='line_1_57' title="bbox 546 5185 2189 5264; baseline 0 -20"><span class='ocrx_word' id='word_1_388' title='bbox 546 5185 753 5255; x_wconf 81' lang='lat' dir='ltr'>simus,</span> <span class='ocrx_word' id='word_1_389' title='bbox 780 5191 835 5246; x_wconf 89' lang='lat' dir='ltr'>et</span> <span class='ocrx_word' id='word_1_390' title='bbox 853 5186 1132 5264; x_wconf 88' lang='lat' dir='ltr'>deinceps</span> <span class='ocrx_word' id='word_1_391' title='bbox 1152 5189 1405 5246; x_wconf 87' lang='lat' dir='ltr'>vitemus</span> <span class='ocrx_word' id='word_1_392' title='bbox 1426 5188 1670 5244; x_wconf 87' lang='lat' dir='ltr'>insidias</span> <span class='ocrx_word' id='word_1_393' title='bbox 1689 5187 1911 5242; x_wconf 88' lang='lat' dir='ltr'>inimici</span> <span class='ocrx_word' id='word_1_394' title='bbox 1932 5203 1946 5252; x_wconf 87' lang='lat'><strong>;</strong></span> <span class='ocrx_word' id='word_1_395' title='bbox 1964 5193 2189 5258; x_wconf 87' lang='lat' dir='ltr'>utquos</span> 
     </span>
    </p>
   </div>
   <div class='ocr_carea' id='block_1_58' title="bbox 545 5274 2190 5349">
    <p class='ocr_par' dir='ltr' id='par_1_58' title="bbox 545 5274 2190 5349">
     <span class='ocr_line' id='line_1_58' title="bbox 545 5274 2190 5349; baseline 0.001 -17"><span class='ocrx_word' id='word_1_396' title='bbox 545 5275 820 5336; x_wconf 88' lang='lat' dir='ltr'>diabolus</span> <span class='ocrx_word' id='word_1_397' title='bbox 849 5279 1235 5349; x_wconf 87' lang='lat' dir='ltr'>persuasione</span> <span class='ocrx_word' id='word_1_398' title='bbox 1265 5293 1375 5336; x_wconf 90' lang='lat' dir='ltr'>sua</span> <span class='ocrx_word' id='word_1_399' title='bbox 1395 5277 1473 5333; x_wconf 88' lang='lat' dir='ltr'>ab</span> <span class='ocrx_word' id='word_1_400' title='bbox 1502 5274 1713 5332; x_wconf 78' lang='lat' dir='ltr'>altario</span> <span class='ocrx_word' id='word_1_401' title='bbox 1737 5275 1837 5330; x_wconf 91' lang='lat' dir='ltr'>Dei</span> <span class='ocrx_word' id='word_1_402' title='bbox 1877 5275 2190 5338; x_wconf 83' lang='lat' dir='ltr'>subtraxe-</span> 
     </span>
    </p>
   </div>
   <div class='ocr_carea' id='block_1_59' title="bbox 543 5363 2189 5438">
    <p class='ocr_par' dir='ltr' id='par_1_59' title="bbox 543 5363 2189 5438">
     <span class='ocr_line' id='line_1_59' title="bbox 543 5363 2189 5438; baseline -0.001 -16"><span class='ocrx_word' id='word_1_403' title='bbox 543 5370 656 5431; x_wconf 90' lang='lat' dir='ltr'>rat,</span> <span class='ocrx_word' id='word_1_404' title='bbox 683 5372 1188 5438; x_wconf 87' lang='lat' dir='ltr'>patronarevocet</span> <span class='ocrx_word' id='word_1_405' title='bbox 1245 5364 1452 5420; x_wconf 74' lang='lat' dir='ltr'>eﬂ‘usio</span> <span class='ocrx_word' id='word_1_406' title='bbox 1507 5363 1934 5434; x_wconf 85' lang='lat' dir='ltr'>lacrymarum.</span> <span class='ocrx_word' id='word_1_407' title='bbox 1978 5365 2189 5436; x_wconf 85' lang='lat' dir='ltr'>Erigite</span> 
     </span>
    </p>
   </div>
   <div class='ocr_carea' id='block_1_60' title="bbox 544 5453 2189 5526">
    <p class='ocr_par' dir='ltr' id='par_1_60' title="bbox 544 5453 2189 5526">
     <span class='ocr_line' id='line_1_60' title="bbox 544 5453 2189 5526; baseline 0.003 -16"><span class='ocrx_word' id='word_1_408' title='bbox 544 5469 689 5523; x_wconf 85' lang='lat' dir='ltr'>vos;</span> <span class='ocrx_word' id='word_1_409' title='bbox 721 5455 1017 5526; x_wconf 87' lang='lat' dir='ltr'>completa</span> <span class='ocrx_word' id='word_1_410' title='bbox 1063 5453 1329 5510; x_wconf 89' lang='lat' dir='ltr'>oratione</span> <span class='ocrx_word' id='word_1_411' title='bbox 1358 5457 1582 5512; x_wconf 86' lang='lat' dir='ltr'>nostra.</span> <span class='ocrx_word' id='word_1_412' title='bbox 1639 5457 1856 5512; x_wconf 82' lang='lat' dir='ltr'>Omnes</span> <span class='ocrx_word' id='word_1_413' title='bbox 1885 5454 2014 5526; x_wconf 91' lang='lat' dir='ltr'>pari</span> <span class='ocrx_word' id='word_1_414' title='bbox 2044 5471 2189 5520; x_wconf 79' lang='lat' dir='ltr'>voce</span> 
     </span>
    </p>
   </div>
   <div class='ocr_carea' id='block_1_61' title="bbox 551 5540 1951 5616">
    <p class='ocr_par' dir='ltr' id='par_1_61' title="bbox 551 5540 1951 5616">
     <span class='ocr_line' id='line_1_61' title="bbox 551 5540 1951 5616; baseline -0.009 -5"><span class='ocrx_word' id='word_1_415' title='bbox 551 5542 728 5616; x_wconf 73' lang='lat'>365</span> <span class='ocrx_word' id='word_1_416' title='bbox 753 5542 1189 5614; x_wconf 74' lang='lat' dir='ltr'>indulgentiam.</span> <span class='ocrx_word' id='word_1_417' title='bbox 1219 5555 1258 5600; x_wconf 79' lang='grc' dir='ltr'>θ.</span> <span class='ocrx_word' id='word_1_418' title='bbox 1278 5541 1532 5604; x_wconf 67' lang='lat' dir='ltr'>Domino</span> <span class='ocrx_word' id='word_1_419' title='bbox 1555 5540 1951 5613; x_wconf 68' lang='lat' dir='ltr'>postulamus,</span> 
     </span>
    </p>
   </div>
   <div class='ocr_carea' id='block_1_62' title="bbox 2311 509 3982 591">
    <p class='ocr_par' dir='ltr' id='par_1_62' title="bbox 2311 509 3982 591">
     <span class='ocr_line' id='line_1_62' title="bbox 2311 509 3982 591; baseline -0.006 -13"><span class='ocrx_word' id='word_1_420' title='bbox 2311 524 2592 591; x_wconf 84' lang='lat' dir='ltr'>gentiam.</span> <span class='ocrx_word' id='word_1_421' title='bbox 2625 534 2980 585; x_wconf 80' lang='lat' dir='ltr'>o.o.a.o.o.o.</span> <span class='ocrx_word' id='word_1_422' title='bbox 3001 533 3111 574; x_wconf 85' lang='lat'>0.0.</span> <span class='ocrx_word' id='word_1_423' title='bbox 3136 515 3384 572; x_wconf 83' lang='lat' dir='ltr'>o.o.Hoc</span> <span class='ocrx_word' id='word_1_424' title='bbox 3407 511 3693 568; x_wconf 82' lang='lat' dir='ltr'>trecentis</span> <span class='ocrx_word' id='word_1_425' title='bbox 3730 509 3982 568; x_wconf 74' lang='lat' dir='ltr'>vicibus.</span> 
     </span>
    </p>
   </div>
   <div class='ocr_carea' id='block_1_63' title="bbox 2385 599 3987 679">
    <p class='ocr_par' dir='ltr' id='par_1_63' title="bbox 2385 599 3987 679">
     <span class='ocr_line' id='line_1_63' title="bbox 2385 599 3987 679; baseline -0.008 -12"><span class='ocrx_word' id='word_1_426' title='bbox 2385 620 2447 679; x_wconf 62' lang='lat' dir='ltr'>By.</span> <span class='ocrx_word' id='word_1_427' title='bbox 2485 612 2566 666; x_wconf 93' lang='lat' dir='ltr'>Tu</span> <span class='ocrx_word' id='word_1_428' title='bbox 2592 610 2792 668; x_wconf 86' lang='lat' dir='ltr'>Pastor</span> <span class='ocrx_word' id='word_1_429' title='bbox 2819 607 2996 674; x_wconf 89' lang='lat' dir='ltr'>bone,</span> <span class='ocrx_word' id='word_1_430' title='bbox 3040 605 3306 662; x_wconf 89' lang='lat' dir='ltr'>animam</span> <span class='ocrx_word' id='word_1_431' title='bbox 3358 605 3526 658; x_wconf 90' lang='lat' dir='ltr'>tuam</span> <span class='ocrx_word' id='word_1_432' title='bbox 3583 613 3703 672; x_wconf 90' lang='lat' dir='ltr'>pro</span> <span class='ocrx_word' id='word_1_433' title='bbox 3767 599 3987 656; x_wconf 85' lang='lat' dir='ltr'>ovibus</span> 
     </span>
    </p>
   </div>
   <div class='ocr_carea' id='block_1_64' title="bbox 2312 687 3977 768">
    <p class='ocr_par' dir='ltr' id='par_1_64' title="bbox 2312 687 3977 768">
     <span class='ocr_line' id='line_1_64' title="bbox 2312 687 3977 768; baseline -0.005 -16"><span class='ocrx_word' id='word_1_434' title='bbox 2312 697 2590 768; x_wconf 83' lang='lat' dir='ltr'>posuisti.</span> <span class='ocrx_word' id='word_1_435' title='bbox 2621 700 2704 756; x_wconf 90' lang='lat' dir='ltr'>Tu</span> <span class='ocrx_word' id='word_1_436' title='bbox 2727 699 2930 768; x_wconf 87' lang='lat' dir='ltr'>pastor</span> <span class='ocrx_word' id='word_1_437' title='bbox 2952 694 3129 754; x_wconf 89' lang='lat' dir='ltr'>bone.</span> <span class='ocrx_word' id='word_1_438' title='bbox 3156 694 3477 763; x_wconf 81' lang='lat' dir='ltr'>Repetatur</span> <span class='ocrx_word' id='word_1_439' title='bbox 3506 688 3710 752; x_wconf 79' lang='lat' dir='ltr'>tribus</span> <span class='ocrx_word' id='word_1_440' title='bbox 3728 687 3977 750; x_wconf 69' lang='lat' dir='ltr'>vicibus.</span> 
     </span>
    </p>
   </div>
   <div class='ocr_carea' id='block_1_65' title="bbox 2383 777 3985 854">
    <p class='ocr_par' dir='ltr' id='par_1_65' title="bbox 2383 777 3985 854">
     <span class='ocr_line' id='line_1_65' title="bbox 2383 777 3985 854; baseline -0.005 -12"><span class='ocrx_word' id='word_1_441' title='bbox 2383 785 2616 844; x_wconf 78' lang='lat' dir='ltr'>Preces.</span> <span class='ocrx_word' id='word_1_442' title='bbox 2648 784 3075 846; x_wconf 81' lang='lat' dir='ltr'>Prosternimus</span> <span class='ocrx_word' id='word_1_443' title='bbox 3104 795 3310 854; x_wconf 88' lang='lat' dir='ltr'>preces</span> <span class='ocrx_word' id='word_1_444' title='bbox 3342 782 3480 836; x_wconf 88' lang='lat' dir='ltr'>ante</span> <span class='ocrx_word' id='word_1_445' title='bbox 3503 777 3734 835; x_wconf 85' lang='lat' dir='ltr'>faciem</span> <span class='ocrx_word' id='word_1_446' title='bbox 3769 781 3942 834; x_wconf 87' lang='lat' dir='ltr'>tuam</span> <span class='ocrx_word' id='word_1_447' title='bbox 3973 800 3985 834; x_wconf 94' lang='lat'><strong>:</strong></span> 
     </span>
    </p>
   </div>
   <div class='ocr_carea' id='block_1_66' title="bbox 2313 865 3985 945">
    <p class='ocr_par' dir='ltr' id='par_1_66' title="bbox 2313 865 3985 945">
     <span class='ocr_line' id='line_1_66' title="bbox 2313 865 3985 945; baseline -0.007 -17"><span class='ocrx_word' id='word_1_448' title='bbox 2313 873 2528 928; x_wconf 83' lang='lat' dir='ltr'>exaudi</span> <span class='ocrx_word' id='word_1_449' title='bbox 2552 893 2566 944; x_wconf 90' lang='lat'><strong>;</strong></span> <span class='ocrx_word' id='word_1_450' title='bbox 2582 873 2818 945; x_wconf 91' lang='lat' dir='ltr'>placare</span> <span class='ocrx_word' id='word_1_451' title='bbox 2837 894 2847 927; x_wconf 95' lang='lat'>:</span> <span class='ocrx_word' id='word_1_452' title='bbox 2863 871 3104 940; x_wconf 84' lang='lat' dir='ltr'>indulge</span> <span class='ocrx_word' id='word_1_453' title='bbox 3129 868 3458 932; x_wconf 90' lang='lat' dir='ltr'>Domine,et</span> <span class='ocrx_word' id='word_1_454' title='bbox 3473 865 3778 924; x_wconf 79' lang='lat' dir='ltr'>miserere</span> <span class='ocrx_word' id='word_1_455' title='bbox 3794 865 3985 924; x_wconf 81' lang='lat' dir='ltr'>nobis.</span> 
     </span>
    </p>
   </div>
   <div class='ocr_carea' id='block_1_67' title="bbox 2392 955 3988 1025">
    <p class='ocr_par' dir='ltr' id='par_1_67' title="bbox 2392 955 3988 1025">
     <span class='ocr_line' id='line_1_67' title="bbox 2392 955 3988 1025; baseline -0.003 -12"><span class='ocrx_word' id='word_1_456' title='bbox 2392 959 2526 1016; x_wconf 87' lang='lat' dir='ltr'>Post</span> <span class='ocrx_word' id='word_1_457' title='bbox 2557 963 2678 1018; x_wconf 67' lang='lat' dir='ltr'>hmo</span> <span class='ocrx_word' id='word_1_458' title='bbox 2703 962 2844 1016; x_wconf 82' lang='lat' dir='ltr'>dicit</span> <span class='ocrx_word' id='word_1_459' title='bbox 2870 961 3167 1018; x_wconf 82' lang='lat' dir='ltr'>Diaconus</span> <span class='ocrx_word' id='word_1_460' title='bbox 3197 957 3353 1020; x_wconf 85' lang='lat' dir='ltr'>hanc</span> <span class='ocrx_word' id='word_1_461' title='bbox 3380 969 3623 1025; x_wconf 76' lang='lat' dir='ltr'>precem</span> <span class='ocrx_word' id='word_1_462' title='bbox 3665 955 3988 1025; x_wconf 83' lang='lat' dir='ltr'>:Deprece-</span> 
     </span>
    </p>
   </div>
   <div class='ocr_carea' id='block_1_68' title="bbox 2313 1045 3988 1115">
    <p class='ocr_par' dir='ltr' id='par_1_68' title="bbox 2313 1045 3988 1115">
     <span class='ocr_line' id='line_1_68' title="bbox 2313 1045 3988 1115; baseline -0.009 -3"><span class='ocrx_word' id='word_1_463' title='bbox 2313 1071 2449 1112; x_wconf 91' lang='lat' dir='ltr'>mur</span> <span class='ocrx_word' id='word_1_464' title='bbox 2474 1051 2814 1112; x_wconf 80' lang='lat' dir='ltr'>Dominum.</span> <span class='ocrx_word' id='word_1_465' title='bbox 2845 1051 2909 1106; x_wconf 90' lang='lat' dir='ltr'>ut</span> <span class='ocrx_word' id='word_1_466' title='bbox 2937 1045 3354 1112; x_wconf 78' lang='lat' dir='ltr'>remissionem</span> <span class='ocrx_word' id='word_1_467' title='bbox 3375 1046 3787 1115; x_wconf 82' lang='lat' dir='ltr'>peccatorum</span> <span class='ocrx_word' id='word_1_468' title='bbox 3811 1047 3871 1098; x_wconf 91' lang='lat' dir='ltr'>et</span> <span class='ocrx_word' id='word_1_469' title='bbox 3891 1057 3988 1114; x_wconf 86' lang='lat' dir='ltr'>pa-</span> 
     </span>
    </p>
   </div>
   <div class='ocr_carea' id='block_1_69' title="bbox 2315 1131 3576 1209">
    <p class='ocr_par' dir='ltr' id='par_1_69' title="bbox 2315 1131 3576 1209">
     <span class='ocr_line' id='line_1_69' title="bbox 2315 1131 3576 1209; baseline -0.012 -9"><span class='ocrx_word' id='word_1_470' title='bbox 2315 1159 2443 1199; x_wconf 94' lang='lat' dir='ltr'>cem</span> <span class='ocrx_word' id='word_1_471' title='bbox 2473 1140 2647 1198; x_wconf 88' lang='lat' dir='ltr'>nobis</span> <span class='ocrx_word' id='word_1_472' title='bbox 2675 1135 2968 1209; x_wconf 90' lang='lat' dir='ltr'>propitius</span> <span class='ocrx_word' id='word_1_473' title='bbox 2996 1134 3223 1197; x_wconf 83' lang='lat' dir='ltr'>donare</span> <span class='ocrx_word' id='word_1_474' title='bbox 3271 1131 3576 1201; x_wconf 83' lang='lat' dir='ltr'>dignetur.</span> 
     </span>
    </p>
   </div>
   <div class='ocr_carea' id='block_1_70' title="bbox 2385 1219 3988 1290">
    <p class='ocr_par' dir='ltr' id='par_1_70' title="bbox 2385 1219 3988 1290">
     <span class='ocr_line' id='line_1_70' title="bbox 2385 1219 3988 1290; baseline -0.007 -4"><span class='ocrx_word' id='word_1_475' title='bbox 2385 1229 2611 1286; x_wconf 89' lang='lat' dir='ltr'>Deinde</span> <span class='ocrx_word' id='word_1_476' title='bbox 2640 1226 2783 1281; x_wconf 84' lang='lat' dir='ltr'>dicit</span> <span class='ocrx_word' id='word_1_477' title='bbox 2813 1223 3289 1284; x_wconf 73' lang='lat' dir='ltr'>Archidiaconus</span> <span class='ocrx_word' id='word_1_478' title='bbox 3321 1220 3430 1276; x_wconf 83' lang='lat' dir='ltr'>has</span> <span class='ocrx_word' id='word_1_479' title='bbox 3445 1221 3772 1289; x_wconf 76' lang='lat' dir='ltr'>preceszTe</span> <span class='ocrx_word' id='word_1_480' title='bbox 3787 1219 3988 1290; x_wconf 83' lang='lat' dir='ltr'>depre-</span> 
     </span>
    </p>
   </div>
   <div class='ocr_carea' id='block_1_71' title="bbox 2317 1308 3989 1382">
    <p class='ocr_par' dir='ltr' id='par_1_71' title="bbox 2317 1308 3989 1382">
     <span class='ocr_line' id='line_1_71' title="bbox 2317 1308 3989 1382; baseline -0.008 -6"><span class='ocrx_word' id='word_1_481' title='bbox 2317 1334 2543 1382; x_wconf 88' lang='lat' dir='ltr'>camur,</span> <span class='ocrx_word' id='word_1_482' title='bbox 2568 1314 2833 1370; x_wconf 87' lang='lat' dir='ltr'>Domine.</span> <span class='ocrx_word' id='word_1_483' title='bbox 2867 1315 2926 1367; x_wconf 92' lang='lat' dir='ltr'>P.</span> <span class='ocrx_word' id='word_1_484' title='bbox 2965 1309 3428 1379; x_wconf 85' lang='lat' dir='ltr'>Indulgentiam.</span> <span class='ocrx_word' id='word_1_485' title='bbox 3461 1308 3525 1369; x_wconf 52' lang='grc' dir='ltr'><strong>ἡ.</strong></span> <span class='ocrx_word' id='word_1_486' title='bbox 3586 1308 3891 1364; x_wconf 88' lang='lat' dir='ltr'>Procedat</span> <span class='ocrx_word' id='word_1_487' title='bbox 3921 1309 3989 1363; x_wconf 89' lang='lat' dir='ltr'>ab</span> 
     </span>
    </p>
   </div>
   <div class='ocr_carea' id='block_1_72' title="bbox 2315 1397 3992 1468">
    <p class='ocr_par' dir='ltr' id='par_1_72' title="bbox 2315 1397 3992 1468">
     <span class='ocr_line' id='line_1_72' title="bbox 2315 1397 3992 1468; baseline -0.006 -6"><span class='ocrx_word' id='word_1_488' title='bbox 2315 1405 2616 1462; x_wconf 83' lang='lat' dir='ltr'>Altissimo</span> <span class='ocrx_word' id='word_1_489' title='bbox 2637 1403 2698 1456; x_wconf 87' lang='lat' dir='ltr'>P.</span> <span class='ocrx_word' id='word_1_490' title='bbox 2735 1399 3124 1468; x_wconf 80' lang='lat' dir='ltr'>Indulgentia.</span> <span class='ocrx_word' id='word_1_491' title='bbox 3152 1397 3216 1457; x_wconf 57' lang='grc' dir='ltr'>πῖ.</span> <span class='ocrx_word' id='word_1_492' title='bbox 3246 1399 3568 1462; x_wconf 82' lang='lat' dir='ltr'>Succurrat</span> <span class='ocrx_word' id='word_1_493' title='bbox 3601 1397 3788 1460; x_wconf 82' lang='lat' dir='ltr'>nobis</span> <span class='ocrx_word' id='word_1_494' title='bbox 3823 1397 3992 1452; x_wconf 82' lang='lat' dir='ltr'>mise-</span> 
     </span>
    </p>
   </div>
   <div class='ocr_carea' id='block_1_73' title="bbox 2317 1484 3985 1556">
    <p class='ocr_par' dir='ltr' id='par_1_73' title="bbox 2317 1484 3985 1556">
     <span class='ocr_line' id='line_1_73' title="bbox 2317 1484 3985 1556; baseline -0.007 -7"><span class='ocrx_word' id='word_1_495' title='bbox 2317 1495 2394 1549; x_wconf 86' lang='lat' dir='ltr'>ris</span> <span class='ocrx_word' id='word_1_496' title='bbox 2432 1488 2899 1556; x_wconf 77' lang='lat' dir='ltr'>P.1ndulgentia.</span> <span class='ocrx_word' id='word_1_497' title='bbox 2938 1486 3006 1547; x_wconf 65' lang='grc' dir='ltr'>τὶί.</span> <span class='ocrx_word' id='word_1_498' title='bbox 3045 1484 3265 1540; x_wconf 84' lang='lat' dir='ltr'>Delicta</span> <span class='ocrx_word' id='word_1_499' title='bbox 3320 1487 3534 1554; x_wconf 87' lang='lat' dir='ltr'>purget</span> <span class='ocrx_word' id='word_1_500' title='bbox 3582 1484 3885 1546; x_wconf 86' lang='lat' dir='ltr'>omnibus</span> <span class='ocrx_word' id='word_1_501' title='bbox 3929 1487 3985 1539; x_wconf 87' lang='lat' dir='ltr'>P.</span> 
     </span>
    </p>
   </div>
   <div class='ocr_carea' id='block_1_74' title="bbox 2317 1571 3994 1649">
    <p class='ocr_par' dir='ltr' id='par_1_74' title="bbox 2317 1571 3994 1649">
     <span class='ocr_line' id='line_1_74' title="bbox 2317 1571 3994 1649; baseline -0.006 -11"><span class='ocrx_word' id='word_1_502' title='bbox 2317 1575 3093 1649; x_wconf 60' lang='lat' dir='ltr'>Indulgentia.V.Preastetur</span> <span class='ocrx_word' id='word_1_503' title='bbox 3107 1571 3541 1644; x_wconf 63' lang='lat' dir='ltr'>paenitentibus</span> <span class='ocrx_word' id='word_1_504' title='bbox 3561 1572 3626 1626; x_wconf 87' lang='lat' dir='ltr'>P.</span> <span class='ocrx_word' id='word_1_505' title='bbox 3667 1572 3994 1644; x_wconf 87' lang='lat' dir='ltr'>Indulgen-</span> 
     </span>
    </p>
   </div>
   <div class='ocr_carea' id='block_1_75' title="bbox 2319 1657 3991 1730">
    <p class='ocr_par' dir='ltr' id='par_1_75' title="bbox 2319 1657 3991 1730">
     <span class='ocr_line' id='line_1_75' title="bbox 2319 1657 3991 1730; baseline -0.008 -6"><span class='ocrx_word' id='word_1_506' title='bbox 2319 1667 2484 1726; x_wconf 69' lang='lat' dir='ltr'>tiaJi’.</span> <span class='ocrx_word' id='word_1_507' title='bbox 2505 1670 2758 1722; x_wconf 90' lang='lat' dir='ltr'>Patrona</span> <span class='ocrx_word' id='word_1_508' title='bbox 2776 1659 3211 1730; x_wconf 89' lang='lat' dir='ltr'>sitlugentibus</span> <span class='ocrx_word' id='word_1_509' title='bbox 3240 1659 3302 1713; x_wconf 91' lang='lat' dir='ltr'>P.</span> <span class='ocrx_word' id='word_1_510' title='bbox 3348 1657 3760 1728; x_wconf 82' lang='lat' dir='ltr'>Indulgentia.</span> <span class='ocrx_word' id='word_1_511' title='bbox 3796 1659 3861 1719; x_wconf 62' lang='grc' dir='ltr'><strong>Ῡ.</strong></span> <span class='ocrx_word' id='word_1_512' title='bbox 3897 1662 3991 1714; x_wconf 86' lang='lat' dir='ltr'>Er-</span> 
     </span>
    </p>
   </div>
   <div class='ocr_carea' id='block_1_76' title="bbox 2239 1745 3988 1830">
    <p class='ocr_par' dir='ltr' id='par_1_76' title="bbox 2239 1745 3988 1830">
     <span class='ocr_line' id='line_1_76' title="bbox 2239 1745 3988 1830; baseline -0.007 -16"><span class='ocrx_word' id='word_1_513' title='bbox 2239 1767 2286 1830; x_wconf 80' lang='grc' dir='ltr'><strong><em>Β</em></strong></span> <span class='ocrx_word' id='word_1_514' title='bbox 2316 1761 2514 1814; x_wconf 89' lang='lat' dir='ltr'>rantes</span> <span class='ocrx_word' id='word_1_515' title='bbox 2535 1753 2652 1809; x_wconf 89' lang='lat' dir='ltr'>ﬁde</span> <span class='ocrx_word' id='word_1_516' title='bbox 2677 1747 3401 1821; x_wconf 85' lang='lat' dir='ltr'>corrigatP,Indulgentia.</span> <span class='ocrx_word' id='word_1_517' title='bbox 3425 1745 3490 1806; x_wconf 65' lang='lat' dir='ltr'>ir.</span> <span class='ocrx_word' id='word_1_518' title='bbox 3515 1748 3757 1818; x_wconf 87' lang='lat' dir='ltr'>Lapsos</span> <span class='ocrx_word' id='word_1_519' title='bbox 3777 1762 3988 1819; x_wconf 83' lang='lat' dir='ltr'>pecca-</span> 
     </span>
    </p>
   </div>
   <div class='ocr_carea' id='block_1_77' title="bbox 2319 1834 3989 1911">
    <p class='ocr_par' dir='ltr' id='par_1_77' title="bbox 2319 1834 3989 1911">
     <span class='ocr_line' id='line_1_77' title="bbox 2319 1834 3989 1911; baseline -0.015 -10"><span class='ocrx_word' id='word_1_520' title='bbox 2319 1845 2390 1902; x_wconf 91' lang='lat' dir='ltr'>tis</span> <span class='ocrx_word' id='word_1_521' title='bbox 2419 1845 2606 1911; x_wconf 86' lang='lat' dir='ltr'>erigat</span> <span class='ocrx_word' id='word_1_522' title='bbox 2628 1844 2685 1896; x_wconf 86' lang='grc' dir='ltr'><strong>Ρ.</strong></span> <span class='ocrx_word' id='word_1_523' title='bbox 2710 1837 3096 1906; x_wconf 88' lang='lat' dir='ltr'>Indulgentia.</span> <span class='ocrx_word' id='word_1_524' title='bbox 3127 1836 3188 1898; x_wconf 59' lang='lat' dir='ltr'>ii.</span> <span class='ocrx_word' id='word_1_525' title='bbox 3219 1837 3294 1892; x_wconf 85' lang='lat' dir='ltr'>Te</span> <span class='ocrx_word' id='word_1_526' title='bbox 3319 1834 3752 1906; x_wconf 57' lang='lat' dir='ltr'>deprecamur,</span> <span class='ocrx_word' id='word_1_527' title='bbox 3795 1837 3989 1892; x_wconf 68' lang='lat' dir='ltr'>Domi-</span> 
     </span>
    </p>
   </div>
   <div class='ocr_carea' id='block_1_78' title="bbox 2318 1923 3984 1998">
    <p class='ocr_par' dir='ltr' id='par_1_78' title="bbox 2318 1923 3984 1998">
     <span class='ocr_line' id='line_1_78' title="bbox 2318 1923 3984 1998; baseline -0.008 -10"><span class='ocrx_word' id='word_1_528' title='bbox 2318 1948 2412 1997; x_wconf 90' lang='lat' dir='ltr'>ne,</span> <span class='ocrx_word' id='word_1_529' title='bbox 2439 1935 2496 1986; x_wconf 93' lang='lat' dir='ltr'>P.</span> <span class='ocrx_word' id='word_1_530' title='bbox 2528 1926 2992 1998; x_wconf 89' lang='lat' dir='ltr'>Indulgentiam.</span> <span class='ocrx_word' id='word_1_531' title='bbox 3032 1925 3172 1989; x_wconf 84' lang='lat' dir='ltr'>Post</span> <span class='ocrx_word' id='word_1_532' title='bbox 3201 1925 3322 1982; x_wconf 68' lang='lat' dir='ltr'>haec</span> <span class='ocrx_word' id='word_1_533' title='bbox 3354 1923 3503 1986; x_wconf 69' lang='lat' dir='ltr'>dicit</span> <span class='ocrx_word' id='word_1_534' title='bbox 3539 1925 3852 1988; x_wconf 72' lang='lat' dir='ltr'>Diaconus</span> <span class='ocrx_word' id='word_1_535' title='bbox 3877 1931 3984 1981; x_wconf 89' lang='lat' dir='ltr'>etc.</span> 
     </span>
    </p>
   </div>
   <div class='ocr_carea' id='block_1_79' title="bbox 2393 2011 3989 2084">
    <p class='ocr_par' dir='ltr' id='par_1_79' title="bbox 2393 2011 3989 2084">
     <span class='ocr_line' id='line_1_79' title="bbox 2393 2011 3989 2084; baseline -0.005 -8"><span class='ocrx_word' id='word_1_536' title='bbox 2393 2021 2613 2076; x_wconf 83' lang='lat' dir='ltr'>Oratio.</span> <span class='ocrx_word' id='word_1_537' title='bbox 2651 2015 2953 2084; x_wconf 91' lang='lat' dir='ltr'>Unigenite</span> <span class='ocrx_word' id='word_1_538' title='bbox 2977 2012 3156 2068; x_wconf 87' lang='lat' dir='ltr'>Filius</span> <span class='ocrx_word' id='word_1_539' title='bbox 3178 2011 3282 2066; x_wconf 91' lang='lat' dir='ltr'>Dei</span> <span class='ocrx_word' id='word_1_540' title='bbox 3333 2011 3552 2076; x_wconf 77' lang='lat' dir='ltr'>Patris,</span> <span class='ocrx_word' id='word_1_541' title='bbox 3605 2013 3779 2082; x_wconf 80' lang='lat' dir='ltr'>cujus</span> <span class='ocrx_word' id='word_1_542' title='bbox 3845 2028 3989 2068; x_wconf 83' lang='lat' dir='ltr'>caro</span> 
     </span>
    </p>
   </div>
   <div class='ocr_carea' id='block_1_80' title="bbox 2319 2098 3974 2181">
    <p class='ocr_par' dir='ltr' id='par_1_80' title="bbox 2319 2098 3974 2181">
     <span class='ocr_line' id='line_1_80' title="bbox 2319 2098 3974 2181; baseline -0.005 -17"><span class='ocrx_word' id='word_1_543' title='bbox 2319 2108 2580 2181; x_wconf 85' lang='lat' dir='ltr'>pretiosa</span> <span class='ocrx_word' id='word_1_544' title='bbox 2603 2120 2638 2160; x_wconf 92' lang='lat' dir='ltr'>a</span> <span class='ocrx_word' id='word_1_545' title='bbox 2667 2102 2886 2158; x_wconf 77' lang='lat' dir='ltr'>Iudaeis</span> <span class='ocrx_word' id='word_1_546' title='bbox 2916 2100 3259 2170; x_wconf 86' lang='lat' dir='ltr'>damnatur,</span> <span class='ocrx_word' id='word_1_547' title='bbox 3291 2099 3372 2156; x_wconf 89' lang='lat' dir='ltr'>ab</span> <span class='ocrx_word' id='word_1_548' title='bbox 3393 2098 3645 2170; x_wconf 84' lang='lat' dir='ltr'>ingratis</span> <span class='ocrx_word' id='word_1_549' title='bbox 3668 2100 3974 2162; x_wconf 87' lang='lat' dir='ltr'>inluditur,</span> 
     </span>
    </p>
   </div>
   <div class='ocr_carea' id='block_1_81' title="bbox 2321 2187 3984 2263">
    <p class='ocr_par' dir='ltr' id='par_1_81' title="bbox 2321 2187 3984 2263">
     <span class='ocr_line' id='line_1_81' title="bbox 2321 2187 3984 2263; baseline -0.006 -12"><span class='ocrx_word' id='word_1_550' title='bbox 2321 2201 2377 2252; x_wconf 90' lang='lat' dir='ltr'>et</span> <span class='ocrx_word' id='word_1_551' title='bbox 2404 2190 2807 2263; x_wconf 84' lang='lat' dir='ltr'>cruciﬁgenda</span> <span class='ocrx_word' id='word_1_552' title='bbox 2831 2189 3131 2252; x_wconf 84' lang='lat' dir='ltr'>latronum</span> <span class='ocrx_word' id='word_1_553' title='bbox 3164 2187 3525 2258; x_wconf 83' lang='lat' dir='ltr'>corporibus</span> <span class='ocrx_word' id='word_1_554' title='bbox 3564 2192 3984 2260; x_wconf 86' lang='lat' dir='ltr'>comparatur,</span> 
     </span>
    </p>
   </div>
   <div class='ocr_carea' id='block_1_82' title="bbox 2320 2276 3993 2352">
    <p class='ocr_par' dir='ltr' id='par_1_82' title="bbox 2320 2276 3993 2352">
     <span class='ocr_line' id='line_1_82' title="bbox 2320 2276 3993 2352; baseline -0.013 -13"><span class='ocrx_word' id='word_1_555' title='bbox 2320 2300 2389 2339; x_wconf 89' lang='lat' dir='ltr'>ex</span> <span class='ocrx_word' id='word_1_556' title='bbox 2417 2284 2587 2352; x_wconf 90' lang='lat' dir='ltr'>cujus</span> <span class='ocrx_word' id='word_1_557' title='bbox 2614 2280 2796 2335; x_wconf 89' lang='lat' dir='ltr'>latere</span> <span class='ocrx_word' id='word_1_558' title='bbox 2819 2277 3080 2347; x_wconf 89' lang='lat' dir='ltr'>sanguis,</span> <span class='ocrx_word' id='word_1_559' title='bbox 3113 2279 3172 2332; x_wconf 84' lang='lat' dir='ltr'>et</span> <span class='ocrx_word' id='word_1_560' title='bbox 3212 2292 3377 2348; x_wconf 89' lang='lat' dir='ltr'>aqua</span> <span class='ocrx_word' id='word_1_561' title='bbox 3405 2276 3728 2348; x_wconf 82' lang='lat' dir='ltr'>proﬂuxit;</span> <span class='ocrx_word' id='word_1_562' title='bbox 3762 2280 3822 2331; x_wconf 80' lang='lat' dir='ltr'>et</span> <span class='ocrx_word' id='word_1_563' title='bbox 3851 2291 3993 2331; x_wconf 71' lang='lat' dir='ltr'>san.</span> 
     </span>
    </p>
   </div>
   <div class='ocr_carea' id='block_1_83' title="bbox 2319 2366 3994 2442">
    <p class='ocr_par' dir='ltr' id='par_1_83' title="bbox 2319 2366 3994 2442">
     <span class='ocr_line' id='line_1_83' title="bbox 2319 2366 3994 2442; baseline -0.005 -15"><span class='ocrx_word' id='word_1_564' title='bbox 2319 2371 2561 2442; x_wconf 91' lang='lat' dir='ltr'>guinem</span> <span class='ocrx_word' id='word_1_565' title='bbox 2587 2384 2708 2424; x_wconf 89' lang='lat' dir='ltr'>non</span> <span class='ocrx_word' id='word_1_566' title='bbox 2745 2366 2926 2422; x_wconf 91' lang='lat' dir='ltr'>miror</span> <span class='ocrx_word' id='word_1_567' title='bbox 2965 2380 3039 2420; x_wconf 91' lang='lat' dir='ltr'>ex</span> <span class='ocrx_word' id='word_1_568' title='bbox 3091 2379 3289 2429; x_wconf 87' lang='lat' dir='ltr'>carne,</span> <span class='ocrx_word' id='word_1_569' title='bbox 3337 2379 3570 2436; x_wconf 85' lang='lat' dir='ltr'>aquam</span> <span class='ocrx_word' id='word_1_570' title='bbox 3622 2379 3785 2428; x_wconf 74' lang='lat' dir='ltr'>vero,</span> <span class='ocrx_word' id='word_1_571' title='bbox 3820 2379 3894 2418; x_wconf 90' lang='lat' dir='ltr'>ex</span> <span class='ocrx_word' id='word_1_572' title='bbox 3920 2379 3994 2419; x_wconf 91' lang='lat' dir='ltr'>eo</span> 
     </span>
    </p>
   </div>
   <div class='ocr_carea' id='block_1_84' title="bbox 2316 2451 3994 2532">
    <p class='ocr_par' dir='ltr' id='par_1_84' title="bbox 2316 2451 3994 2532">
     <span class='ocr_line' id='line_1_84' title="bbox 2316 2451 3994 2532; baseline -0.005 -18"><span class='ocrx_word' id='word_1_573' title='bbox 2316 2459 2481 2532; x_wconf 92' lang='lat' dir='ltr'>quod</span> <span class='ocrx_word' id='word_1_574' title='bbox 2508 2455 2793 2525; x_wconf 91' lang='lat' dir='ltr'>intelligo,</span> <span class='ocrx_word' id='word_1_575' title='bbox 2823 2469 2943 2509; x_wconf 91' lang='lat' dir='ltr'>non</span> <span class='ocrx_word' id='word_1_576' title='bbox 2970 2451 3267 2509; x_wconf 77' lang='lat' dir='ltr'>mirabor!</span> <span class='ocrx_word' id='word_1_577' title='bbox 3295 2451 3406 2509; x_wconf 90' lang='lat' dir='ltr'>Illa</span> <span class='ocrx_word' id='word_1_578' title='bbox 3459 2457 3550 2508; x_wconf 89' lang='lat' dir='ltr'>est</span> <span class='ocrx_word' id='word_1_579' title='bbox 3569 2453 3736 2510; x_wconf 90' lang='lat' dir='ltr'>enim</span> <span class='ocrx_word' id='word_1_580' title='bbox 3783 2452 3994 2523; x_wconf 86' lang='lat' dir='ltr'>utique</span> 
     </span>
    </p>
   </div>
   <div class='ocr_carea' id='block_1_85' title="bbox 2317 2540 3995 2619">
    <p class='ocr_par' dir='ltr' id='par_1_85' title="bbox 2317 2540 3995 2619">
     <span class='ocr_line' id='line_1_85' title="bbox 2317 2540 3995 2619; baseline -0.005 -16"><span class='ocrx_word' id='word_1_581' title='bbox 2317 2562 2639 2619; x_wconf 73' lang='lat' dir='ltr'>aqua,quaa</span> <span class='ocrx_word' id='word_1_582' title='bbox 2662 2559 2772 2598; x_wconf 90' lang='lat' dir='ltr'>nos</span> <span class='ocrx_word' id='word_1_583' title='bbox 2801 2541 3111 2614; x_wconf 90' lang='lat' dir='ltr'>quondam</span> <span class='ocrx_word' id='word_1_584' title='bbox 3135 2555 3241 2612; x_wconf 88' lang='lat' dir='ltr'>per</span> <span class='ocrx_word' id='word_1_585' title='bbox 3269 2540 3466 2596; x_wconf 89' lang='lat' dir='ltr'>Adam</span> <span class='ocrx_word' id='word_1_586' title='bbox 3489 2544 3772 2600; x_wconf 87' lang='lat' dir='ltr'>mortuos</span> <span class='ocrx_word' id='word_1_587' title='bbox 3799 2540 3995 2595; x_wconf 83' lang='lat' dir='ltr'><strong>viviﬁ-</strong></span> 
     </span>
    </p>
   </div>
   <div class='ocr_carea' id='block_1_86' title="bbox 2315 2627 3998 2701">
    <p class='ocr_par' dir='ltr' id='par_1_86' title="bbox 2315 2627 3998 2701">
     <span class='ocr_line' id='line_1_86' title="bbox 2315 2627 3998 2701; baseline -0.005 -11"><span class='ocrx_word' id='word_1_588' title='bbox 2315 2633 2470 2690; x_wconf 90' lang='lat' dir='ltr'>cavit</span> <span class='ocrx_word' id='word_1_589' title='bbox 2483 2627 3221 2701; x_wconf 86' lang='lat' dir='ltr'>regeneratos,procedens</span> <span class='ocrx_word' id='word_1_590' title='bbox 3239 2641 3310 2684; x_wconf 88' lang='lat' dir='ltr'>ex</span> <span class='ocrx_word' id='word_1_591' title='bbox 3329 2627 3768 2684; x_wconf 86' lang='lat' dir='ltr'>mortuo.CIem</span> <span class='ocrx_word' id='word_1_592' title='bbox 3779 2627 3998 2682; x_wconf 87' lang='lat' dir='ltr'>entiam</span> 
     </span>
    </p>
   </div>
   <div class='ocr_carea' id='block_1_87' title="bbox 2315 2714 4000 2790">
    <p class='ocr_par' dir='ltr' id='par_1_87' title="bbox 2315 2714 4000 2790">
     <span class='ocr_line' id='line_1_87' title="bbox 2315 2714 4000 2790; baseline -0.005 -13"><span class='ocrx_word' id='word_1_593' title='bbox 2315 2737 2454 2790; x_wconf 85' lang='lat' dir='ltr'>ergo</span> <span class='ocrx_word' id='word_1_594' title='bbox 2478 2725 2643 2776; x_wconf 85' lang='lat' dir='ltr'>tuam</span> <span class='ocrx_word' id='word_1_595' title='bbox 2675 2731 3047 2789; x_wconf 64' lang='lat' dir='ltr'>quaesumus,</span> <span class='ocrx_word' id='word_1_596' title='bbox 3079 2719 3144 2770; x_wconf 88' lang='lat' dir='ltr'>ut</span> <span class='ocrx_word' id='word_1_597' title='bbox 3169 2715 3340 2778; x_wconf 79' lang='lat' dir='ltr'>sicuti</span> <span class='ocrx_word' id='word_1_598' title='bbox 3367 2730 3479 2786; x_wconf 89' lang='lat' dir='ltr'>pro</span> <span class='ocrx_word' id='word_1_599' title='bbox 3497 2730 3713 2771; x_wconf 86' lang='lat' dir='ltr'>amore</span> <span class='ocrx_word' id='word_1_600' title='bbox 3755 2714 4000 2784; x_wconf 87' lang='lat' dir='ltr'>generis</span> 
     </span>
    </p>
   </div>
   <div class='ocr_carea' id='block_1_88' title="bbox 2313 2804 4002 2873">
    <p class='ocr_par' dir='ltr' id='par_1_88' title="bbox 2313 2804 4002 2873">
     <span class='ocr_line' id='line_1_88' title="bbox 2313 2804 4002 2873; baseline -0.004 -9"><span class='ocrx_word' id='word_1_601' title='bbox 2313 2807 2563 2865; x_wconf 89' lang='lat' dir='ltr'>humani</span> <span class='ocrx_word' id='word_1_602' title='bbox 2586 2821 2706 2861; x_wconf 89' lang='lat' dir='ltr'>non</span> <span class='ocrx_word' id='word_1_603' title='bbox 2727 2804 3083 2873; x_wconf 84' lang='lat' dir='ltr'>dedignatus</span> <span class='ocrx_word' id='word_1_604' title='bbox 3109 2818 3174 2859; x_wconf 90' lang='lat' dir='ltr'><strong>es</strong></span> <span class='ocrx_word' id='word_1_605' title='bbox 3203 2819 3524 2868; x_wconf 85' lang='lat' dir='ltr'>assumere</span> <span class='ocrx_word' id='word_1_606' title='bbox 3564 2808 3836 2859; x_wconf 87' lang='lat' dir='ltr'>mortem</span> <span class='ocrx_word' id='word_1_607' title='bbox 3889 2819 4002 2858; x_wconf 90' lang='lat' dir='ltr'>no-</span> 
     </span>
    </p>
   </div>
   <div class='ocr_carea' id='block_1_89' title="bbox 2316 2891 4000 2964">
    <p class='ocr_par' dir='ltr' id='par_1_89' title="bbox 2316 2891 4000 2964">
     <span class='ocr_line' id='line_1_89' title="bbox 2316 2891 4000 2964; baseline -0.004 -11"><span class='ocrx_word' id='word_1_608' title='bbox 2316 2896 2612 2964; x_wconf 89' lang='lat' dir='ltr'>stram,ita</span> <span class='ocrx_word' id='word_1_609' title='bbox 2642 2894 3162 2961; x_wconf 88' lang='lat' dir='ltr'>etiam,resurgens</span> <span class='ocrx_word' id='word_1_610' title='bbox 3188 2907 3224 2948; x_wconf 89' lang='lat' dir='ltr'>a</span> <span class='ocrx_word' id='word_1_611' title='bbox 3254 2891 3531 2957; x_wconf 89' lang='lat' dir='ltr'>mortuis,</span> <span class='ocrx_word' id='word_1_612' title='bbox 3561 2892 3849 2948; x_wconf 89' lang='lat' dir='ltr'>obtinere</span> <span class='ocrx_word' id='word_1_613' title='bbox 3885 2907 4000 2947; x_wconf 89' lang='lat' dir='ltr'>nos</span> 
     </span>
    </p>
   </div>
   <div class='ocr_carea' id='block_1_90' title="bbox 2314 2980 3922 3054">
    <p class='ocr_par' dir='ltr' id='par_1_90' title="bbox 2314 2980 3922 3054">
     <span class='ocr_line' id='line_1_90' title="bbox 2314 2980 3922 3054; baseline -0.003 -13"><span class='ocrx_word' id='word_1_614' title='bbox 2314 2985 2500 3041; x_wconf 87' lang='lat' dir='ltr'>facias</span> <span class='ocrx_word' id='word_1_615' title='bbox 2527 2984 2600 3038; x_wconf 92' lang='lat' dir='ltr'>de</span> <span class='ocrx_word' id='word_1_616' title='bbox 2627 2981 2994 3054; x_wconf 86' lang='lat' dir='ltr'>triumphato</span> <span class='ocrx_word' id='word_1_617' title='bbox 3023 2980 3193 3036; x_wconf 89' lang='lat' dir='ltr'>hoste</span> <span class='ocrx_word' id='word_1_618' title='bbox 3222 2981 3560 3038; x_wconf 88' lang='lat' dir='ltr'>victoriam.</span> <span class='ocrx_word' id='word_1_619' title='bbox 3598 2992 3667 3051; x_wconf 65' lang='lat' dir='ltr'>ﬁ.</span> <span class='ocrx_word' id='word_1_620' title='bbox 3698 2986 3922 3037; x_wconf 82' lang='lat' dir='ltr'>Amen.</span> 
     </span>
    </p>
   </div>
   <div class='ocr_carea' id='block_1_91' title="bbox 2384 3070 4001 3142">
    <p class='ocr_par' dir='ltr' id='par_1_91' title="bbox 2384 3070 4001 3142">
     <span class='ocr_line' id='line_1_91' title="bbox 2384 3070 4001 3142; baseline -0.001 -14"><span class='ocrx_word' id='word_1_621' title='bbox 2384 3075 2491 3128; x_wconf 91' lang='lat' dir='ltr'>Per</span> <span class='ocrx_word' id='word_1_622' title='bbox 2521 3070 2991 3128; x_wconf 89' lang='lat' dir='ltr'>misericordiam</span> <span class='ocrx_word' id='word_1_623' title='bbox 3026 3075 3214 3136; x_wconf 87' lang='lat' dir='ltr'>tuam,</span> <span class='ocrx_word' id='word_1_624' title='bbox 3243 3073 3398 3127; x_wconf 89' lang='lat' dir='ltr'>Deus</span> <span class='ocrx_word' id='word_1_625' title='bbox 3430 3075 3660 3139; x_wconf 89' lang='lat' dir='ltr'>noster,</span> <span class='ocrx_word' id='word_1_626' title='bbox 3691 3071 3807 3142; x_wconf 87' lang='lat' dir='ltr'>qui</span> <span class='ocrx_word' id='word_1_627' title='bbox 3840 3071 4001 3127; x_wconf 86' lang='lat' dir='ltr'>vivis</span> 
     </span>
    </p>
   </div>
   <div class='ocr_carea' id='block_1_92' title="bbox 2314 3158 4000 3231">
    <p class='ocr_par' dir='ltr' id='par_1_92' title="bbox 2314 3158 4000 3231">
     <span class='ocr_line' id='line_1_92' title="bbox 2314 3158 4000 3231; baseline -0.002 -13"><span class='ocrx_word' id='word_1_628' title='bbox 2314 3178 2450 3218; x_wconf 91' lang='lat' dir='ltr'>cum</span> <span class='ocrx_word' id='word_1_629' title='bbox 2493 3163 2610 3216; x_wconf 91' lang='lat' dir='ltr'>Deo</span> <span class='ocrx_word' id='word_1_630' title='bbox 2637 3160 2825 3224; x_wconf 88' lang='lat' dir='ltr'>Patre,</span> <span class='ocrx_word' id='word_1_631' title='bbox 2858 3163 2914 3214; x_wconf 92' lang='lat' dir='ltr'>et</span> <span class='ocrx_word' id='word_1_632' title='bbox 2942 3173 3158 3228; x_wconf 87' lang='lat' dir='ltr'>regnas</span> <span class='ocrx_word' id='word_1_633' title='bbox 3183 3174 3324 3216; x_wconf 91' lang='lat' dir='ltr'>cum</span> <span class='ocrx_word' id='word_1_634' title='bbox 3393 3158 3621 3231; x_wconf 90' lang='lat' dir='ltr'>Spiritu</span> <span class='ocrx_word' id='word_1_635' title='bbox 3660 3161 3894 3216; x_wconf 87' lang='lat' dir='ltr'>Sancto</span> <span class='ocrx_word' id='word_1_636' title='bbox 3935 3161 4000 3217; x_wconf 91' lang='lat' dir='ltr'>in</span> 
     </span>
    </p>
   </div>
   <div class='ocr_carea' id='block_1_93' title="bbox 2313 3247 3192 3306">
    <p class='ocr_par' dir='ltr' id='par_1_93' title="bbox 2313 3247 3192 3306">
     <span class='ocr_line' id='line_1_93' title="bbox 2313 3247 3192 3306; baseline -0.006 1"><span class='ocrx_word' id='word_1_637' title='bbox 2313 3250 2531 3306; x_wconf 68' lang='lat' dir='ltr'>szecula</span> <span class='ocrx_word' id='word_1_638' title='bbox 2560 3247 2940 3302; x_wconf 81' lang='lat' dir='ltr'>saeculorum.</span> <span class='ocrx_word' id='word_1_639' title='bbox 2978 3252 3165 3302; x_wconf 87' lang='lat' dir='ltr'>Amen</span> <span class='ocrx_word' id='word_1_640' title='bbox 3179 3287 3192 3301; x_wconf 94' lang='lat'>.</span> 
     </span>
    </p>
   </div>
   <div class='ocr_carea' id='block_1_94' title="bbox 2382 3337 4001 3408">
    <p class='ocr_par' dir='ltr' id='par_1_94' title="bbox 2382 3337 4001 3408">
     <span class='ocr_line' id='line_1_94' title="bbox 2382 3337 4001 3408; baseline 0 -14"><span class='ocrx_word' id='word_1_641' title='bbox 2382 3339 2510 3405; x_wconf 84' lang='lat' dir='ltr'>Qua</span> <span class='ocrx_word' id='word_1_642' title='bbox 2541 3337 2799 3404; x_wconf 73' lang='lat' dir='ltr'>expleta,</span> <span class='ocrx_word' id='word_1_643' title='bbox 2842 3337 3141 3392; x_wconf 69' lang='lat' dir='ltr'>exclamat</span> <span class='ocrx_word' id='word_1_644' title='bbox 3191 3337 3493 3394; x_wconf 85' lang='lat' dir='ltr'>Diaconus</span> <span class='ocrx_word' id='word_1_645' title='bbox 3523 3337 4001 3408; x_wconf 80' lang='lat' dir='ltr'>Indulgentiam</span> 
     </span>
    </p>
   </div>
   <div class='ocr_carea' id='block_1_95' title="bbox 2307 3423 3991 3494">
    <p class='ocr_par' dir='ltr' id='par_1_95' title="bbox 2307 3423 3991 3494">
     <span class='ocr_line' id='line_1_95' title="bbox 2307 3423 3991 3494; baseline 0.001 -12"><span class='ocrx_word' id='word_1_646' title='bbox 2307 3427 2578 3482; x_wconf 83' lang='lat' dir='ltr'>ducentis</span> <span class='ocrx_word' id='word_1_647' title='bbox 2617 3425 2837 3479; x_wconf 80' lang='lat' dir='ltr'>vicibus</span> <span class='ocrx_word' id='word_1_648' title='bbox 2863 3439 2971 3479; x_wconf 78' lang='grc' dir='ltr'><strong>ο.ο.</strong></span> <span class='ocrx_word' id='word_1_649' title='bbox 3002 3423 3440 3494; x_wconf 68' lang='lat' dir='ltr'>Indulgentiae.</span> <span class='ocrx_word' id='word_1_650' title='bbox 3469 3440 3523 3481; x_wconf 92' lang='grc' dir='ltr'>ο.</span> <span class='ocrx_word' id='word_1_651' title='bbox 3547 3441 3612 3484; x_wconf 91' lang='grc' dir='ltr'>ο.</span> <span class='ocrx_word' id='word_1_652' title='bbox 3650 3442 3708 3482; x_wconf 85' lang='grc' dir='ltr'>ο.</span> <span class='ocrx_word' id='word_1_653' title='bbox 3744 3441 3806 3484; x_wconf 91' lang='lat' dir='ltr'>o.</span> <span class='ocrx_word' id='word_1_654' title='bbox 3833 3442 3891 3483; x_wconf 93' lang='grc' dir='ltr'><strong>ο.</strong></span> <span class='ocrx_word' id='word_1_655' title='bbox 3931 3443 3991 3484; x_wconf 91' lang='grc' dir='ltr'><strong>ο.</strong></span> 
     </span>
    </p>
   </div>
   <div class='ocr_carea' id='block_1_96' title="bbox 2307 3511 3302 3570">
    <p class='ocr_par' dir='ltr' id='par_1_96' title="bbox 2307 3511 3302 3570">
     <span class='ocr_line' id='line_1_96' title="bbox 2307 3511 3302 3570; baseline -0.004 0"><span class='ocrx_word' id='word_1_656' title='bbox 2307 3529 2360 3570; x_wconf 92' lang='grc' dir='ltr'><strong>ο.</strong></span> <span class='ocrx_word' id='word_1_657' title='bbox 2386 3531 2434 3569; x_wconf 93' lang='grc' dir='ltr'><strong>ο.</strong></span> <span class='ocrx_word' id='word_1_658' title='bbox 2459 3529 2512 3570; x_wconf 92' lang='grc' dir='ltr'><strong>ο.</strong></span> <span class='ocrx_word' id='word_1_659' title='bbox 2537 3528 2589 3568; x_wconf 94' lang='lat' dir='ltr'>o.</span> <span class='ocrx_word' id='word_1_660' title='bbox 2615 3513 2738 3566; x_wconf 87' lang='lat' dir='ltr'>Hoc</span> <span class='ocrx_word' id='word_1_661' title='bbox 2767 3511 3035 3568; x_wconf 82' lang='lat' dir='ltr'>ducentis</span> <span class='ocrx_word' id='word_1_662' title='bbox 3054 3511 3302 3568; x_wconf 82' lang='lat' dir='ltr'>vicibus.</span> 
     </span>
    </p>
   </div>
   <div class='ocr_carea' id='block_1_97' title="bbox 2377 3598 4002 3676">
    <p class='ocr_par' dir='ltr' id='par_1_97' title="bbox 2377 3598 4002 3676">
     <span class='ocr_line' id='line_1_97' title="bbox 2377 3598 4002 3676; baseline 0.003 -22"><span class='ocrx_word' id='word_1_663' title='bbox 2377 3613 2439 3671; x_wconf 68' lang='grc' dir='ltr'>Βτ.</span> <span class='ocrx_word' id='word_1_664' title='bbox 2469 3603 2779 3670; x_wconf 86' lang='lat' dir='ltr'>Tu,Pastor</span> <span class='ocrx_word' id='word_1_665' title='bbox 2800 3598 2980 3668; x_wconf 90' lang='lat' dir='ltr'>bone,</span> <span class='ocrx_word' id='word_1_666' title='bbox 3008 3598 3276 3655; x_wconf 88' lang='lat' dir='ltr'>animam</span> <span class='ocrx_word' id='word_1_667' title='bbox 3295 3602 3466 3656; x_wconf 89' lang='lat' dir='ltr'>tuam</span> <span class='ocrx_word' id='word_1_668' title='bbox 3491 3616 3604 3672; x_wconf 89' lang='lat' dir='ltr'>pro</span> <span class='ocrx_word' id='word_1_669' title='bbox 3619 3601 3856 3660; x_wconf 76' lang='lat' dir='ltr'>ovibus</span> <span class='ocrx_word' id='word_1_670' title='bbox 3890 3619 4002 3676; x_wconf 84' lang='lat' dir='ltr'>p0-</span> 
     </span>
    </p>
   </div>
   <div class='ocr_carea' id='block_1_98' title="bbox 2307 3687 3996 3759">
    <p class='ocr_par' dir='ltr' id='par_1_98' title="bbox 2307 3687 3996 3759">
     <span class='ocr_line' id='line_1_98' title="bbox 2307 3687 3996 3759; baseline 0.001 -15"><span class='ocrx_word' id='word_1_671' title='bbox 2307 3689 2494 3744; x_wconf 90' lang='lat' dir='ltr'>suisti.</span> <span class='ocrx_word' id='word_1_672' title='bbox 2526 3691 2608 3744; x_wconf 91' lang='lat' dir='ltr'>Tu</span> <span class='ocrx_word' id='word_1_673' title='bbox 2631 3689 2838 3743; x_wconf 90' lang='lat' dir='ltr'>Pastor</span> <span class='ocrx_word' id='word_1_674' title='bbox 2868 3687 3044 3754; x_wconf 91' lang='lat' dir='ltr'>bone,</span> <span class='ocrx_word' id='word_1_675' title='bbox 3095 3687 3416 3759; x_wconf 82' lang='lat' dir='ltr'>Repetatur</span> <span class='ocrx_word' id='word_1_676' title='bbox 3445 3689 3687 3746; x_wconf 85' lang='lat' dir='ltr'>duabus</span> <span class='ocrx_word' id='word_1_677' title='bbox 3725 3692 3996 3748; x_wconf 84' lang='lat' dir='ltr'>vicibus.</span> 
     </span>
    </p>
   </div>
   <div class='ocr_carea' id='block_1_99' title="bbox 2373 3775 3998 3844">
    <p class='ocr_par' dir='ltr' id='par_1_99' title="bbox 2373 3775 3998 3844">
     <span class='ocr_line' id='line_1_99' title="bbox 2373 3775 3998 3844; baseline 0.001 -11"><span class='ocrx_word' id='word_1_678' title='bbox 2373 3779 2607 3833; x_wconf 85' lang='lat' dir='ltr'>Preces.</span> <span class='ocrx_word' id='word_1_679' title='bbox 2643 3776 3022 3831; x_wconf 88' lang='lat' dir='ltr'>Precavimus</span> <span class='ocrx_word' id='word_1_680' title='bbox 3051 3775 3158 3831; x_wconf 88' lang='lat' dir='ltr'>tibi</span> <span class='ocrx_word' id='word_1_681' title='bbox 3195 3776 3372 3844; x_wconf 88' lang='lat' dir='ltr'>Deus,</span> <span class='ocrx_word' id='word_1_682' title='bbox 3418 3778 3783 3836; x_wconf 88' lang='lat' dir='ltr'>recedentes</span> <span class='ocrx_word' id='word_1_683' title='bbox 3818 3797 3860 3837; x_wconf 89' lang='lat' dir='ltr'>a</span> <span class='ocrx_word' id='word_1_684' title='bbox 3891 3787 3952 3838; x_wconf 89' lang='lat' dir='ltr'>te</span> <span class='ocrx_word' id='word_1_685' title='bbox 3986 3798 3998 3834; x_wconf 92' lang='lat'>:</span> 
     </span>
    </p>
   </div>
   <div class='ocr_carea' id='block_1_100' title="bbox 2303 3863 3928 3938">
    <p class='ocr_par' dir='ltr' id='par_1_100' title="bbox 2303 3863 3928 3938">
     <span class='ocr_line' id='line_1_100' title="bbox 2303 3863 3928 3938; baseline 0.001 -14"><span class='ocrx_word' id='word_1_686' title='bbox 2303 3866 2477 3924; x_wconf 88' lang='lat' dir='ltr'>nobis</span> <span class='ocrx_word' id='word_1_687' title='bbox 2505 3865 2776 3922; x_wconf 91' lang='lat' dir='ltr'>confusio</span> <span class='ocrx_word' id='word_1_688' title='bbox 2802 3869 2908 3930; x_wconf 89' lang='lat' dir='ltr'>est,</span> <span class='ocrx_word' id='word_1_689' title='bbox 2938 3864 3041 3919; x_wconf 89' lang='lat' dir='ltr'>tibi</span> <span class='ocrx_word' id='word_1_690' title='bbox 3065 3863 3420 3931; x_wconf 61' lang='lat' dir='ltr'>clementia,</span> <span class='ocrx_word' id='word_1_691' title='bbox 3455 3871 3512 3922; x_wconf 93' lang='lat' dir='ltr'>et</span> <span class='ocrx_word' id='word_1_692' title='bbox 3538 3868 3928 3938; x_wconf 82' lang='lat' dir='ltr'>prapitiatio.</span> 
     </span>
    </p>
   </div>
   <div class='ocr_carea' id='block_1_101' title="bbox 2373 3954 4002 4026">
    <p class='ocr_par' dir='ltr' id='par_1_101' title="bbox 2373 3954 4002 4026">
     <span class='ocr_line' id='line_1_101' title="bbox 2373 3954 4002 4026; baseline 0.002 -15"><span class='ocrx_word' id='word_1_693' title='bbox 2373 3957 2606 4011; x_wconf 80' lang='lat' dir='ltr'>Preces.</span> <span class='ocrx_word' id='word_1_694' title='bbox 2640 3954 3038 4026; x_wconf 80' lang='lat' dir='ltr'>Deprecamur</span> <span class='ocrx_word' id='word_1_695' title='bbox 3055 3954 3402 4021; x_wconf 87' lang='lat' dir='ltr'>Dominum,</span> <span class='ocrx_word' id='word_1_696' title='bbox 3445 3958 3510 4011; x_wconf 88' lang='lat' dir='ltr'>ut</span> <span class='ocrx_word' id='word_1_697' title='bbox 3555 3956 4002 4014; x_wconf 89' lang='lat' dir='ltr'>remissionem</span> 
     </span>
    </p>
   </div>
   <div class='ocr_carea' id='block_1_102' title="bbox 2304 4040 4000 4116">
    <p class='ocr_par' dir='ltr' id='par_1_102' title="bbox 2304 4040 4000 4116">
     <span class='ocr_line' id='line_1_102' title="bbox 2304 4040 4000 4116; baseline 0.001 -17"><span class='ocrx_word' id='word_1_698' title='bbox 2304 4047 2758 4115; x_wconf 89' lang='lat' dir='ltr'>peccatorum,et</span> <span class='ocrx_word' id='word_1_699' title='bbox 2779 4057 2981 4112; x_wconf 88' lang='lat' dir='ltr'>pacem</span> <span class='ocrx_word' id='word_1_700' title='bbox 2997 4040 3156 4096; x_wconf 88' lang='lat' dir='ltr'>nobis</span> <span class='ocrx_word' id='word_1_701' title='bbox 3173 4041 3444 4114; x_wconf 87' lang='lat' dir='ltr'>propitius</span> <span class='ocrx_word' id='word_1_702' title='bbox 3464 4043 3675 4100; x_wconf 87' lang='lat' dir='ltr'>donare</span> <span class='ocrx_word' id='word_1_703' title='bbox 3692 4045 4000 4116; x_wconf 87' lang='lat' dir='ltr'>dignetur.</span> 
     </span>
    </p>
   </div>
   <div class='ocr_carea' id='block_1_103' title="bbox 2375 4129 3992 4204">
    <p class='ocr_par' dir='ltr' id='par_1_103' title="bbox 2375 4129 3992 4204">
     <span class='ocr_line' id='line_1_103' title="bbox 2375 4129 3992 4204; baseline 0.003 -17"><span class='ocrx_word' id='word_1_704' title='bbox 2375 4133 2689 4187; x_wconf 83' lang='lat' dir='ltr'>Preces.Te</span> <span class='ocrx_word' id='word_1_705' title='bbox 2718 4145 3044 4200; x_wconf 89' lang='lat' dir='ltr'>precamur,</span> <span class='ocrx_word' id='word_1_706' title='bbox 3091 4129 3358 4196; x_wconf 89' lang='lat' dir='ltr'>Domine,</span> <span class='ocrx_word' id='word_1_707' title='bbox 3389 4131 3448 4184; x_wconf 89' lang='lat' dir='ltr'>P.</span> <span class='ocrx_word' id='word_1_708' title='bbox 3478 4132 3992 4204; x_wconf 84' lang='lat' dir='ltr'>Indulgentiam.</span> 
     </span>
    </p>
   </div>
   <div class='ocr_carea' id='block_1_104' title="bbox 2301 4217 3999 4289">
    <p class='ocr_par' dir='ltr' id='par_1_104' title="bbox 2301 4217 3999 4289">
     <span class='ocr_line' id='line_1_104' title="bbox 2301 4217 3999 4289; baseline 0.005 -17"><span class='ocrx_word' id='word_1_709' title='bbox 2301 4217 2363 4279; x_wconf 59' lang='lat' dir='ltr'>ir.</span> <span class='ocrx_word' id='word_1_710' title='bbox 2399 4222 2513 4275; x_wconf 77' lang='lat' dir='ltr'>Nos</span> <span class='ocrx_word' id='word_1_711' title='bbox 2551 4219 2700 4273; x_wconf 79' lang='lat' dir='ltr'>Patri</span> <span class='ocrx_word' id='word_1_712' title='bbox 2723 4217 3077 4274; x_wconf 88' lang='lat' dir='ltr'>reconciliet.</span> <span class='ocrx_word' id='word_1_713' title='bbox 3127 4218 3188 4272; x_wconf 89' lang='lat' dir='ltr'>P.</span> <span class='ocrx_word' id='word_1_714' title='bbox 3218 4218 3622 4289; x_wconf 88' lang='lat' dir='ltr'>Indulgentia.</span> <span class='ocrx_word' id='word_1_715' title='bbox 3658 4220 3726 4281; x_wconf 63' lang='lat' dir='ltr'>IV.</span> <span class='ocrx_word' id='word_1_716' title='bbox 3765 4224 3999 4280; x_wconf 86' lang='lat' dir='ltr'>Christi</span> 
     </span>
    </p>
   </div>
   <div class='ocr_carea' id='block_1_105' title="bbox 2303 4305 4001 4376">
    <p class='ocr_par' dir='ltr' id='par_1_105' title="bbox 2303 4305 4001 4376">
     <span class='ocr_line' id='line_1_105' title="bbox 2303 4305 4001 4376; baseline 0.005 -14"><span class='ocrx_word' id='word_1_717' title='bbox 2303 4307 2613 4363; x_wconf 85' lang='lat' dir='ltr'>conﬁrmet</span> <span class='ocrx_word' id='word_1_718' title='bbox 2637 4305 3734 4376; x_wconf 63' lang='lat' dir='ltr'>gratia.P.Indulgentia.i’.Conformet</span> <span class='ocrx_word' id='word_1_719' title='bbox 3750 4311 4001 4370; x_wconf 87' lang='lat' dir='ltr'>Sancto</span> 
     </span>
    </p>
   </div>
   <div class='ocr_carea' id='block_1_106' title="bbox 2306 4393 4004 4468">
    <p class='ocr_par' dir='ltr' id='par_1_106' title="bbox 2306 4393 4004 4468">
     <span class='ocr_line' id='line_1_106' title="bbox 2306 4393 4004 4468; baseline 0.005 -18"><span class='ocrx_word' id='word_1_720' title='bbox 2306 4394 3029 4468; x_wconf 88' lang='lat' dir='ltr'>Spiritui.P.Indulgentia.</span> <span class='ocrx_word' id='word_1_721' title='bbox 3058 4393 3120 4456; x_wconf 61' lang='grc' dir='ltr'>ἲν.</span> <span class='ocrx_word' id='word_1_722' title='bbox 3145 4395 3400 4466; x_wconf 90' lang='lat' dir='ltr'>Pestem,</span> <span class='ocrx_word' id='word_1_723' title='bbox 3430 4402 3488 4452; x_wconf 91' lang='lat' dir='ltr'>et</span> <span class='ocrx_word' id='word_1_724' title='bbox 3507 4397 3738 4454; x_wconf 83' lang='lat' dir='ltr'>famem</span> <span class='ocrx_word' id='word_1_725' title='bbox 3763 4401 4004 4458; x_wconf 86' lang='lat' dir='ltr'>abluat</span> 
     </span>
    </p>
   </div>
   <div class='ocr_carea' id='block_1_107' title="bbox 2304 4483 4005 4553">
    <p class='ocr_par' dir='ltr' id='par_1_107' title="bbox 2304 4483 4005 4553">
     <span class='ocr_line' id='line_1_107' title="bbox 2304 4483 4005 4553; baseline 0.001 -14"><span class='ocrx_word' id='word_1_726' title='bbox 2304 4484 2366 4539; x_wconf 89' lang='lat' dir='ltr'>P.</span> <span class='ocrx_word' id='word_1_727' title='bbox 2403 4483 2792 4552; x_wconf 89' lang='lat' dir='ltr'>Indulgentia.</span> <span class='ocrx_word' id='word_1_728' title='bbox 2823 4483 2883 4541; x_wconf 57' lang='lat' dir='ltr'>in</span> <span class='ocrx_word' id='word_1_729' title='bbox 2918 4483 3202 4540; x_wconf 87' lang='lat' dir='ltr'>Medelam</span> <span class='ocrx_word' id='word_1_730' title='bbox 3218 4485 3394 4553; x_wconf 79' lang='lat' dir='ltr'>aegris</span> <span class='ocrx_word' id='word_1_731' title='bbox 3420 4485 3720 4545; x_wconf 87' lang='lat' dir='ltr'>conferat.</span> <span class='ocrx_word' id='word_1_732' title='bbox 3761 4489 3844 4548; x_wconf 88' lang='lat' dir='ltr'>P.</span> <span class='ocrx_word' id='word_1_733' title='bbox 3911 4496 4005 4548; x_wconf 70' lang='lat' dir='ltr'>1n-</span> 
     </span>
    </p>
   </div>
   <div class='ocr_carea' id='block_1_108' title="bbox 2301 4569 4004 4648">
    <p class='ocr_par' dir='ltr' id='par_1_108' title="bbox 2301 4569 4004 4648">
     <span class='ocr_line' id='line_1_108' title="bbox 2301 4569 4004 4648; baseline 0.004 -21"><span class='ocrx_word' id='word_1_734' title='bbox 2301 4571 2627 4640; x_wconf 88' lang='lat' dir='ltr'>dulgentia.</span> <span class='ocrx_word' id='word_1_735' title='bbox 2658 4570 2719 4628; x_wconf 65' lang='lat' dir='ltr'>i&#39;.</span> <span class='ocrx_word' id='word_1_736' title='bbox 2755 4569 3030 4642; x_wconf 88' lang='lat' dir='ltr'>Captivos</span> <span class='ocrx_word' id='word_1_737' title='bbox 3063 4571 3275 4628; x_wconf 89' lang='lat' dir='ltr'>reddat</span> <span class='ocrx_word' id='word_1_738' title='bbox 3293 4573 3518 4644; x_wconf 70' lang='lat' dir='ltr'>patrue.</span> <span class='ocrx_word' id='word_1_739' title='bbox 3546 4573 3609 4628; x_wconf 88' lang='lat' dir='ltr'>P.</span> <span class='ocrx_word' id='word_1_740' title='bbox 3647 4575 4004 4648; x_wconf 83' lang='lat' dir='ltr'>Indulgen-</span> 
     </span>
    </p>
   </div>
   <div class='ocr_carea' id='block_1_109' title="bbox 2302 4659 3994 4733">
    <p class='ocr_par' dir='ltr' id='par_1_109' title="bbox 2302 4659 3994 4733">
     <span class='ocr_line' id='line_1_109' title="bbox 2302 4659 3994 4733; baseline 0.004 -18"><span class='ocrx_word' id='word_1_741' title='bbox 2302 4660 2403 4717; x_wconf 85' lang='lat' dir='ltr'>tia.</span> <span class='ocrx_word' id='word_1_742' title='bbox 2434 4659 2494 4719; x_wconf 54' lang='grc' dir='ltr'><strong>Ψ.</strong></span> <span class='ocrx_word' id='word_1_743' title='bbox 2530 4660 2689 4714; x_wconf 90' lang='lat' dir='ltr'>Vices</span> <span class='ocrx_word' id='word_1_744' title='bbox 2751 4674 2955 4714; x_wconf 85' lang='lat' dir='ltr'>aerum</span> <span class='ocrx_word' id='word_1_745' title='bbox 3003 4665 3302 4732; x_wconf 87' lang='lat' dir='ltr'>temperet.</span> <span class='ocrx_word' id='word_1_746' title='bbox 3329 4664 3386 4718; x_wconf 86' lang='lat' dir='ltr'>P.</span> <span class='ocrx_word' id='word_1_747' title='bbox 3440 4662 3876 4733; x_wconf 87' lang='lat' dir='ltr'>Indulgentia.</span> <span class='ocrx_word' id='word_1_748' title='bbox 3921 4669 3994 4728; x_wconf 64' lang='grc' dir='ltr'><strong>ῒ.</strong></span> 
     </span>
    </p>
   </div>
   <div class='ocr_carea' id='block_1_110' title="bbox 2300 4747 3690 4819">
    <p class='ocr_par' dir='ltr' id='par_1_110' title="bbox 2300 4747 3690 4819">
     <span class='ocr_line' id='line_1_110' title="bbox 2300 4747 3690 4819; baseline 0.004 -16"><span class='ocrx_word' id='word_1_749' title='bbox 2300 4750 2373 4804; x_wconf 91' lang='lat' dir='ltr'>Te</span> <span class='ocrx_word' id='word_1_750' title='bbox 2393 4747 2806 4819; x_wconf 89' lang='lat' dir='ltr'>deprecamur,</span> <span class='ocrx_word' id='word_1_751' title='bbox 2832 4747 3100 4803; x_wconf 89' lang='lat' dir='ltr'>Domine.</span> <span class='ocrx_word' id='word_1_752' title='bbox 3135 4749 3198 4804; x_wconf 91' lang='lat' dir='ltr'>P.</span> <span class='ocrx_word' id='word_1_753' title='bbox 3225 4749 3690 4819; x_wconf 88' lang='lat' dir='ltr'>Indulgentiam.</span> 
     </span>
    </p>
   </div>
   <div class='ocr_carea' id='block_1_111' title="bbox 2374 4834 4001 4911">
    <p class='ocr_par' dir='ltr' id='par_1_111' title="bbox 2374 4834 4001 4911">
     <span class='ocr_line' id='line_1_111' title="bbox 2374 4834 4001 4911; baseline 0.007 -19"><span class='ocrx_word' id='word_1_754' title='bbox 2374 4837 2598 4892; x_wconf 85' lang='lat' dir='ltr'>Oratio.</span> <span class='ocrx_word' id='word_1_755' title='bbox 2634 4834 2937 4902; x_wconf 88' lang='lat' dir='ltr'>Unigenite</span> <span class='ocrx_word' id='word_1_756' title='bbox 2987 4835 3166 4892; x_wconf 86' lang='lat' dir='ltr'>Filius</span> <span class='ocrx_word' id='word_1_757' title='bbox 3189 4837 3289 4894; x_wconf 90' lang='lat' dir='ltr'><strong>Dei</strong></span> <span class='ocrx_word' id='word_1_758' title='bbox 3321 4837 3531 4904; x_wconf 88' lang='lat' dir='ltr'>Patris,</span> <span class='ocrx_word' id='word_1_759' title='bbox 3572 4840 3684 4911; x_wconf 87' lang='lat' dir='ltr'>qui</span> <span class='ocrx_word' id='word_1_760' title='bbox 3734 4845 4001 4904; x_wconf 85' lang='lat' dir='ltr'>tantam</span> 
     </span>
    </p>
   </div>
   <div class='ocr_carea' id='block_1_112' title="bbox 2299 4922 4004 4998">
    <p class='ocr_par' dir='ltr' id='par_1_112' title="bbox 2299 4922 4004 4998">
     <span class='ocr_line' id='line_1_112' title="bbox 2299 4922 4004 4998; baseline 0.006 -17"><span class='ocrx_word' id='word_1_761' title='bbox 2299 4924 2642 4981; x_wconf 88' lang='lat' dir='ltr'>redditurus</span> <span class='ocrx_word' id='word_1_762' title='bbox 2674 4922 2949 4994; x_wconf 88' lang='lat' dir='ltr'>gratiam,</span> <span class='ocrx_word' id='word_1_763' title='bbox 2979 4924 3038 4980; x_wconf 89' lang='lat' dir='ltr'>in</span> <span class='ocrx_word' id='word_1_764' title='bbox 3066 4925 3232 4988; x_wconf 84' lang='lat' dir='ltr'>terris</span> <span class='ocrx_word' id='word_1_765' title='bbox 3255 4925 3538 4996; x_wconf 89' lang='lat' dir='ltr'>dignatus</span> <span class='ocrx_word' id='word_1_766' title='bbox 3585 4943 3653 4983; x_wconf 88' lang='lat' dir='ltr'>es</span> <span class='ocrx_word' id='word_1_767' title='bbox 3678 4934 3902 4998; x_wconf 88' lang='lat' dir='ltr'>nasci,</span> <span class='ocrx_word' id='word_1_768' title='bbox 3938 4940 4004 4990; x_wconf 91' lang='lat' dir='ltr'>ut</span> 
     </span>
    </p>
   </div>
   <div class='ocr_carea' id='block_1_113' title="bbox 2299 5010 4004 5085">
    <p class='ocr_par' dir='ltr' id='par_1_113' title="bbox 2299 5010 4004 5085">
     <span class='ocr_line' id='line_1_113' title="bbox 2299 5010 4004 5085; baseline 0.006 -15"><span class='ocrx_word' id='word_1_769' title='bbox 2299 5029 2412 5070; x_wconf 91' lang='lat' dir='ltr'>nos</span> <span class='ocrx_word' id='word_1_770' title='bbox 2441 5012 2703 5068; x_wconf 86' lang='lat' dir='ltr'>elevares</span> <span class='ocrx_word' id='word_1_771' title='bbox 2735 5010 2812 5066; x_wconf 89' lang='lat' dir='ltr'>ad</span> <span class='ocrx_word' id='word_1_772' title='bbox 2838 5011 3020 5067; x_wconf 83' lang='lat' dir='ltr'>ccelos</span> <span class='ocrx_word' id='word_1_773' title='bbox 3045 5013 3326 5084; x_wconf 90' lang='lat' dir='ltr'>:quiideo</span> <span class='ocrx_word' id='word_1_774' title='bbox 3351 5015 3411 5070; x_wconf 92' lang='lat' dir='ltr'>in</span> <span class='ocrx_word' id='word_1_775' title='bbox 3439 5015 3606 5085; x_wconf 91' lang='lat' dir='ltr'>ligno</span> <span class='ocrx_word' id='word_1_776' title='bbox 3629 5019 3865 5077; x_wconf 84' lang='lat' dir='ltr'>Crucis</span> <span class='ocrx_word' id='word_1_777' title='bbox 3882 5039 4004 5080; x_wconf 87' lang='lat' dir='ltr'>ma-</span> 
     </span>
    </p>
   </div>
   <div class='ocr_carea' id='block_1_114' title="bbox 2297 5099 4003 5185">
    <p class='ocr_par' dir='ltr' id='par_1_114' title="bbox 2297 5099 4003 5185">
     <span class='ocr_line' id='line_1_114' title="bbox 2297 5099 4003 5185; baseline 0.004 -28"><span class='ocrx_word' id='word_1_778' title='bbox 2297 5117 2414 5157; x_wconf 90' lang='lat' dir='ltr'>nus</span> <span class='ocrx_word' id='word_1_779' title='bbox 2446 5099 2717 5172; x_wconf 89' lang='lat' dir='ltr'>proprias</span> <span class='ocrx_word' id='word_1_780' title='bbox 2747 5100 3149 5170; x_wconf 88' lang='lat' dir='ltr'>extendisti,ut</span> <span class='ocrx_word' id='word_1_781' title='bbox 3176 5117 3289 5158; x_wconf 91' lang='lat' dir='ltr'>nos</span> <span class='ocrx_word' id='word_1_782' title='bbox 3323 5103 3648 5175; x_wconf 90' lang='lat' dir='ltr'>adlignum</span> <span class='ocrx_word' id='word_1_783' title='bbox 3664 5107 3821 5164; x_wconf 68' lang='lat' dir='ltr'>vitae</span> <span class='ocrx_word' id='word_1_784' title='bbox 3859 5128 4003 5185; x_wconf 84' lang='lat' dir='ltr'>pro-</span> 
     </span>
    </p>
   </div>
   <div class='ocr_carea' id='block_1_115' title="bbox 2299 5188 4000 5266">
    <p class='ocr_par' dir='ltr' id='par_1_115' title="bbox 2299 5188 4000 5266">
     <span class='ocr_line' id='line_1_115' title="bbox 2299 5188 4000 5266; baseline 0.007 -23"><span class='ocrx_word' id='word_1_785' title='bbox 2299 5189 2477 5261; x_wconf 92' lang='lat' dir='ltr'>pitius</span> <span class='ocrx_word' id='word_1_786' title='bbox 2497 5203 2802 5243; x_wconf 83' lang='lat' dir='ltr'>revocares</span> <span class='ocrx_word' id='word_1_787' title='bbox 2833 5204 2846 5254; x_wconf 92' lang='lat'><strong>;</strong></span> <span class='ocrx_word' id='word_1_788' title='bbox 2869 5188 2942 5243; x_wconf 92' lang='lat' dir='ltr'>de</span> <span class='ocrx_word' id='word_1_789' title='bbox 2953 5205 3076 5261; x_wconf 88' lang='lat' dir='ltr'>quo</span> <span class='ocrx_word' id='word_1_790' title='bbox 3093 5191 3279 5245; x_wconf 90' lang='lat' dir='ltr'>Adam</span> <span class='ocrx_word' id='word_1_791' title='bbox 3305 5196 3546 5262; x_wconf 83' lang='lat' dir='ltr'>gustare</span> <span class='ocrx_word' id='word_1_792' title='bbox 3571 5209 3700 5250; x_wconf 88' lang='lat' dir='ltr'>non</span> <span class='ocrx_word' id='word_1_793' title='bbox 3726 5203 4000 5266; x_wconf 85' lang='lat' dir='ltr'>meruit,</span> 
     </span>
    </p>
   </div>
   <div class='ocr_carea' id='block_1_116' title="bbox 2297 5277 4005 5348">
    <p class='ocr_par' dir='ltr' id='par_1_116' title="bbox 2297 5277 4005 5348">
     <span class='ocr_line' id='line_1_116' title="bbox 2297 5277 4005 5348; baseline 0.009 -17"><span class='ocrx_word' id='word_1_794' title='bbox 2297 5282 2507 5348; x_wconf 90' lang='lat' dir='ltr'>postea</span> <span class='ocrx_word' id='word_1_795' title='bbox 2537 5291 2721 5346; x_wconf 90' lang='lat' dir='ltr'>quam</span> <span class='ocrx_word' id='word_1_796' title='bbox 2753 5277 2975 5331; x_wconf 89' lang='lat' dir='ltr'>crimen</span> <span class='ocrx_word' id='word_1_797' title='bbox 3005 5278 4005 5348; x_wconf 62' lang='lat' dir='ltr'>praevaricationisincurrit.Crux</span> 
     </span>
    </p>
   </div>
   <div class='ocr_carea' id='block_1_117' title="bbox 2297 5364 4006 5435">
    <p class='ocr_par' dir='ltr' id='par_1_117' title="bbox 2297 5364 4006 5435">
     <span class='ocr_line' id='line_1_117' title="bbox 2297 5364 4006 5435; baseline 0.01 -16"><span class='ocrx_word' id='word_1_798' title='bbox 2297 5379 2440 5434; x_wconf 91' lang='lat' dir='ltr'>ergo</span> <span class='ocrx_word' id='word_1_799' title='bbox 2466 5365 2765 5430; x_wconf 91' lang='lat' dir='ltr'>tua,Deus,</span> <span class='ocrx_word' id='word_1_800' title='bbox 2795 5364 2923 5419; x_wconf 66' lang='lat' dir='ltr'>vitae</span> <span class='ocrx_word' id='word_1_801' title='bbox 2945 5365 3124 5420; x_wconf 89' lang='lat' dir='ltr'>arbor</span> <span class='ocrx_word' id='word_1_802' title='bbox 3149 5369 3238 5422; x_wconf 89' lang='lat' dir='ltr'>est</span> <span class='ocrx_word' id='word_1_803' title='bbox 3260 5387 3272 5422; x_wconf 91' lang='lat'><strong>:</strong></span> <span class='ocrx_word' id='word_1_804' title='bbox 3294 5367 3354 5421; x_wconf 92' lang='lat' dir='ltr'>in</span> <span class='ocrx_word' id='word_1_805' title='bbox 3383 5372 3683 5426; x_wconf 83' lang='lat' dir='ltr'>aeternum</span> <span class='ocrx_word' id='word_1_806' title='bbox 3707 5373 4006 5435; x_wconf 84' lang='lat' dir='ltr'>viviﬁcet</span> 
     </span>
    </p>
   </div>
   <div class='ocr_carea' id='block_1_118' title="bbox 2297 5453 4002 5528">
    <p class='ocr_par' dir='ltr' id='par_1_118' title="bbox 2297 5453 4002 5528">
     <span class='ocr_line' id='line_1_118' title="bbox 2297 5453 4002 5528; baseline 0.01 -21"><span class='ocrx_word' id='word_1_807' title='bbox 2297 5466 2741 5524; x_wconf 90' lang='lat' dir='ltr'>quemcumque</span> <span class='ocrx_word' id='word_1_808' title='bbox 2771 5467 2841 5506; x_wconf 89' lang='lat' dir='ltr'>ex</span> <span class='ocrx_word' id='word_1_809' title='bbox 2872 5468 2942 5508; x_wconf 89' lang='lat' dir='ltr'>ea</span> <span class='ocrx_word' id='word_1_810' title='bbox 2962 5453 3505 5523; x_wconf 84' lang='lat' dir='ltr'>gustaverit.Tuam</span> <span class='ocrx_word' id='word_1_811' title='bbox 3527 5472 3677 5528; x_wconf 90' lang='lat' dir='ltr'>ergo</span> <span class='ocrx_word' id='word_1_812' title='bbox 3709 5461 4002 5523; x_wconf 89' lang='lat' dir='ltr'>clemen-</span> 
     </span>
    </p>
   </div>
   <div class='ocr_carea' id='block_1_119' title="bbox 2297 5539 4002 5612">
    <p class='ocr_par' dir='ltr' id='par_1_119' title="bbox 2297 5539 4002 5612">
     <span class='ocr_line' id='line_1_119' title="bbox 2297 5539 4002 5612; baseline 0.006 -16"><span class='ocrx_word' id='word_1_813' title='bbox 2297 5545 2443 5604; x_wconf 73' lang='lat' dir='ltr'>tiam</span> <span class='ocrx_word' id='word_1_814' title='bbox 2459 5539 2740 5611; x_wconf 89' lang='lat' dir='ltr'>petimus,</span> <span class='ocrx_word' id='word_1_815' title='bbox 2772 5544 2838 5596; x_wconf 93' lang='lat' dir='ltr'>ut</span> <span class='ocrx_word' id='word_1_816' title='bbox 2883 5540 3230 5606; x_wconf 83' lang='lat' dir='ltr'>auferantur</span> <span class='ocrx_word' id='word_1_817' title='bbox 3289 5541 3370 5606; x_wconf 80' lang='lat' dir='ltr'>ab</span> <span class='ocrx_word' id='word_1_818' title='bbox 3399 5545 3594 5608; x_wconf 85' lang='lat' dir='ltr'>oculis</span> <span class='ocrx_word' id='word_1_819' title='bbox 3622 5548 3752 5612; x_wconf 80' lang='lat' dir='ltr'>tuis</span> <span class='ocrx_word' id='word_1_820' title='bbox 3822 5555 4002 5612; x_wconf 81' lang='lat' dir='ltr'>mala</span> 
     </span>
    </p>
   </div>
  </div>
