4194 6444
181 286 286 342 613

1553 276 1884 341 SABBATO
1920 274 2219 347 SANCTO.

3494 296 3601 356 614

181 412 391 468 nostra
424 405 763 478 praeterita;
790 404 1025 463 etbona
1046 405 1245 464 futura
1264 409 1590 464 nascantur
1611 422 1626 461 :
1650 405 1832 476 hujus
1874 405 1920 461 A
1950 409 2249 480 pietatem,
2277 418 2334 473 et
2364 417 2659 474 sinceram
2677 417 3023 486 claritatem,
3050 435 3122 477 ac
3147 421 3425 491 gratiam,
3457 420 3602 490 stig-

184 495 393 555 mundi
408 494 510 549 lux
524 492 713 549 inﬁda
728 493 1064 564 negligatur
1078 513 1095 566 ;
1115 499 1173 551 et
1183 494 1524 567 perennitas
1539 500 1656 552 tute
1678 509 1716 552 a
1734 509 1838 552 no-

184 587 275 643 bis
303 582 642 641 teternitatis
670 582 1024 655 requiratur.
1057 595 1126 657 ἢ.
1156 583 1366 641 Amen.

258 678 360 730 Per
394 672 889 739 misericordiam,
925 676 1033 727 etc.

258 766 390 819 Post
430 762 555 818 hac
583 762 938 817 decantatur
973 762 1066 817 hic
1092 763 1354 835 psalmus
1408 761 1672 816 Miserere
1723 759 1841 816 mei

194 857 363 916 Deus,
399 855 516 906 etc.
566 866 697 905 cum
727 850 1076 918 Antiphonti
1098 866 1207 907 sua
1230 850 1303 905 ab
1342 850 1628 920 Episcopo
1662 848 1840 918 impo-

188 946 317 1001 sita.
355 941 714 1011 Antiphone.
749 943 924 995 Parce
952 943 1105 996 Deus
1134 942 1293 1013 quia.
1320 942 1589 996 Psalmus
1622 956 1669 995 L.

258 1032 414 1095 Post,
446 1029 602 1084 dicto
631 1030 881 1095 psalmo,
918 1044 1040 1084 una
1080 1044 1210 1084 cum
1253 1028 1449 1083 Gloria
1486 1027 1655 1092 Patri,
1698 1025 1839 1081 dicit

188 1122 477 1177 Diaconus
493 1118 1270 1188 tertio,indulgentiam,non
1286 1118 1591 1189 plusquam
1614 1121 1841 1171 centum

186 1209 514 1267 vicibus.Et
529 1208 687 1263 dixit
699 1207 1024 1277 Episcopus
1039 1208 1149 1262 hoc
1162 1222 1519 1277 responsum:
1535 1208 1617 1260 ’I‘u
1635 1205 1841 1259 Pastor

183 1299 360 1356 bone.
389 1298 465 1352 Et
492 1297 650 1352 dixit
672 1298 975 1351 Diaconus
1008 1311 1146 1351 voce
1178 1312 1189 1349 :
1214 1311 1319 1364 per
1345 1295 1610 1363 singulos
1642 1299 1838 1347 autem

184 1388 507 1446 versiculos
528 1387 749 1455 psalmi
779 1385 1044 1441 Miserere
1064 1385 1178 1439 mei
1196 1387 1345 1439 Deus
1368 1381 1837 1447 secundum,etc.

185 1479 287 1544 Qui
317 1476 353 1531 d
367 1493 432 1532 as
463 1480 601 1547 post
628 1479 866 1546 peccata
891 1472 1347 1543 indulgentiam.

249 1567 293 1621 Α
305 1566 620 1634 ntiphona.
643 1564 823 1618 Parce
838 1566 1014 1630 Deus,
1035 1562 1177 1635 quia
1190 1560 1525 1633 sprevimus
1543 1563 1841 1631 praecepta

183 1654 423 1723 tua,Qui
450 1653 560 1708 das
594 1658 726 1724 post
748 1656 993 1725 peccata
1012 1650 1758 1719 indulgentiam.Psalmus
1787 1665 1837 1703 ι.

1949 504 2111 559 mate
2158 504 2453 574 passionis
2485 509 2599 560 tua;
2630 505 2787 562 Deus
2834 510 3053 573 noster,
3116 509 3290 565 Filius
3333 508 3601 581 Dei;qui

1950 588 2094 644 vivis
2124 608 2261 647 cum
2295 596 2411 649 Deo
2439 596 2629 657 Patre,
2661 598 2718 650 et
2743 609 2957 664 regnas
2985 612 3126 652 cum
3152 598 3366 668 Spiritu
3385 601 3600 655 Sancto

1950 674 2013 732 in
2034 679 2307 737 Trinitate
2325 698 2482 738 unus
2506 682 2685 752 Deus,
2714 698 3076 755 permanens
3099 684 3162 740 in
3187 686 3406 743 sacula
3420 701 3603 742 stecu-

1947 763 2165 822 lorum.
2194 780 2256 838 1y.
2286 774 2497 827 Amen.

2021 856 2309 913 Dominus
2340 858 2431 915 sit.

2518 964 2771 1004 SABBLTO
2802 964 3029 1005 SANCTO.

2544 1038 2639 1093 Ad
2700 1040 3006 1109 Vesperas.

2020 1123 2251 1180 Lauda.
2287 1124 2493 1181 Dicant
2525 1128 2628 1198 qui
2666 1128 2957 1200 redempti
2984 1128 3121 1183 sunt
3148 1142 3186 1183 a
3213 1124 3466 1183 Domino
3492 1144 3507 1186 :
3538 1127 3604 1183 In

1950 1214 2261 1275 aeternum,
2290 1214 2353 1269 P.
2393 1216 2552 1280 Quos
2582 1215 2836 1272 redemit
2874 1216 2949 1272 de
2994 1232 3183 1272 manu
3219 1214 3447 1271 inimici
3480 1231 3494 1269 :
3540 1218 3605 1269 In

1951 1304 2259 1368 aeternum,
2294 1308 2347 1357 et
2372 1303 2431 1358 in
2456 1303 2745 1359 saeculum
2778 1304 2997 1360 saeculi.
3020 1304 3083 1365 ἡ.
3102 1303 3361 1376 Populus
3385 1304 3491 1375 qui
3517 1317 3606 1359 se-

1948 1389 2133 1446 debat
2176 1392 2234 1446 in
2268 1393 2526 1449 tenebris
2556 1399 2611 1450 et
2650 1394 2711 1450 in
2740 1394 2958 1452 umbra
3008 1394 3239 1460 mortis,
3279 1393 3514 1450 vinctos
3542 1391 3605 1448 in

1950 1479 2348 1547 mendicitate,
2383 1486 2440 1537 et
2464 1482 2638 1538 ferro.

2022 1570 2092 1624 P.
2124 1571 2285 1636 Quos
2316 1572 2588 1629 redemit.
2612 1572 2672 1633 V.
2705 1573 2856 1639 Quia
2878 1573 3157 1631 contrivit
3176 1576 3381 1646 portas
3410 1588 3603 1639 areas,

1954 1661 2011 1713 et
2032 1664 2227 1713 vectes
2253 1659 2475 1715 ferreos
2498 1660 2805 1730 confregit.
2841 1664 2911 1717 P.
2946 1664 3132 1728 Quos.

182 1744 454 1799 Miserere
486 1740 603 1797 mei
634 1742 807 1804 Deus,
838 1740 1169 1797 secundum
1203 1754 1485 1808 magnam
1515 1737 1842 1793 miSCPiCOP-
1878 1752 1924 1811 Β
2028 1746 2949 1806 0ratio.DominusnosterJesus
2966 1750 3235 1807 Christus
3252 1749 3599 1818 Filiustuus,

186 1834 347 1889 diam
377 1837 567 1888 tuam.
600 1833 667 1886 Et
688 1830 1020 1885 secundum
1042 1828 1481 1884 multitudinem
1508 1827 1841 1883 misericor-

187 1922 315 1987 diae,
343 1925 451 1975 etc.
485 1920 620 1975 Post
652 1918 969 1989 quemlibet
995 1933 1222 1974 versum
1242 1922 1570 1987 repetatur,
1600 1915 1714 1980 Qui
1732 1916 1841 1973 das

189 2015 319 2083 post
355 2014 597 2080 peccata
627 2006 1080 2077 indulgentiam.

252 2100 410 2162 Post,
443 2098 600 2152 dicto
629 2096 872 2165 psalmo,
915 2110 1037 2150 una
1068 2110 1201 2150 cum
1250 2093 1451 2149 Gloria
1491 2093 1664 2157 Patri,
1694 2092 1839 2148 dicit

182 2187 490 2244 Diaconus
516 2186 691 2241 tertio
712 2185 1181 2255 Indulgentiam,
1212 2198 1329 2239 non
1345 2183 1480 2251 plus
1511 2198 1687 2257 quam
1712 2196 1841 2238 cen-

183 2282 298 2333 tum
358 2276 583 2332 vicibus
608 2291 660 2330 o.
689 2291 737 2328 o.
766 2290 818 2329 ο.
849 2290 898 2328 o.
926 2288 977 2329 ο.
1006 2288 1058 2329 o.
1094 2288 1224 2330 0.0.
1261 2288 1311 2327 ο.
1346 2286 1397 2327 o.
1434 2273 1561 2327 Hoc
1608 2277 1840 2327 centum

180 2366 428 2423 vicibus.
463 2364 934 2433 Responsorium.
978 2364 1061 2417 Tu
1092 2361 1300 2417 Pastor
1330 2359 1507 2415 bone.

245 2452 481 2510 Deinde
508 2452 964 2521 Diaconus,voce
988 2449 1291 2507 :Miserere
1309 2448 1481 2506 nobis
1511 2451 1682 2517 Deus,
1699 2448 1843 2519 quia

178 2545 389 2601 omnia
416 2548 604 2614 potes.
622 2541 876 2596 Tuenim
890 2539 1238 2595 dissimulas
1258 2542 1504 2609 peccata
1524 2537 1841 2592 hominum

176 2638 428 2706 propter
448 2629 880 2703 poenitentiam.
916 2629 1092 2700 366
1122 2628 1350 2684 Deinde
1379 2628 1673 2682 Diaconus
1694 2625 1844 2681 dicit

179 2723 338 2780 hanc
352 2719 1011 2791 precem.Deprecemur
1027 2717 1434 2782 Dominum,ut
1447 2715 1842 2771 remissionem

177 2815 593 2886 peccatorum,
634 2814 690 2864 et
714 2824 923 2879 pacem
954 2807 1127 2862 nobis
1149 2806 1375 2862 donare
1410 2805 1706 2873 dignetur.

245 2904 488 2959 Preces.
513 2903 585 2955 Te
616 2913 956 2971 precamur,
981 2894 1253 2965 Domine,
1288 2897 1352 2948 P.
1386 2892 1842 2962 indulgentiam.

176 2992 238 3053 ii.
271 2992 575 3049 Restituat
613 2987 899 3044 Paradiso
922 2988 1001 3043 P.
1032 2984 1424 3053 Indulgentia.
1467 2982 1528 3042 it.
1582 2982 1846 3038 Claustra

1951 1834 2057 1907 qui
2082 1835 2244 1891 solus
2272 1836 2457 1892 verbo
2478 1838 2705 1893 virtutis
2727 1843 2942 1895 cuncta
2958 1838 3302 1904 moderans,
3318 1843 3378 1894 et
3398 1838 3605 1895 omnia

1953 1924 2152 1979 Crucis
2169 1924 2449 1994 stigmata
2470 1931 2735 1997 portans,
2757 1932 2956 1983 vectes
2972 1926 3195 1983 ferreos
3210 1926 3564 1983 comminuit
3585 1942 3601 1993 ;

1950 2016 2382 2085 portarumque
2400 2029 2711 2070 aerearum
2727 2015 2988 2070 claustra
2998 2015 3273 2087 perfregit
3295 2015 3383 2081 ;in
3405 2013 3609 2070 tartari

1950 2100 2252 2173 profunda
2283 2103 2627 2167 descendit;
2656 2103 3005 2158 sedentibus
3038 2104 3099 2158 in
3130 2102 3349 2158 umbra
3375 2102 3604 2169 mortis,

1947 2189 2168 2261 ignotae
2193 2189 2343 2247 lucis
2364 2191 2630 2247 claritate
2652 2190 3023 2264 resplenduit
3048 2207 3061 2256 ;
3091 2195 3147 2248 et
3166 2189 3256 2245 sol
3272 2190 3516 2261 justitise
3535 2189 3610 2246 de

1950 2278 2199 2343 tumulo,
2226 2293 2475 2348 corpore
2498 2277 2799 2347 suscitato,
2814 2277 3164 2350 procedens,
3185 2278 3371 2334 radiis
3391 2277 3513 2333 suis
3532 2282 3610 2333 te-

1950 2366 2169 2422 nebras
2195 2371 2429 2423 nostras
2455 2366 2803 2423 mirabiliter
2827 2367 3119 2423 inlustret.
3153 2378 3217 2439 Bt.
3240 2371 3451 2425 Amen.

2024 2457 2128 2511 Per
2157 2456 2653 2527 misericordiam,
2685 2461 2799 2515 etc.

2026 2546 2249 2602 Lauda.
2282 2545 2551 2601 Alleluia.
2572 2548 2693 2616 Ego
2711 2562 2846 2601 sum
2866 2546 3120 2618 primus,
3140 2549 3197 2601 et
3217 2560 3330 2616 ego
3348 2544 3612 2602 novissi-

1952 2649 2091 2689 mus
2126 2652 2137 2689 :
2172 2639 2228 2689 et
2256 2634 2342 2689 fui
2374 2640 2662 2699 mortuus,
2706 2638 2765 2689 P.
2821 2637 2889 2690 Et
2917 2650 3054 2690 ecce
3084 2651 3217 2689 sum
3243 2635 3451 2690 vivens
3497 2651 3513 2689 :
3549 2633 3614 2689 in

1954 2720 2173 2776 saecula
2194 2720 2570 2786 saeculorum,
2600 2721 2867 2777 Alleluia.
2905 2722 2967 2782 ἵ.
2999 2722 3224 2793 Dignus
3257 2738 3337 2788 es,
3358 2722 3609 2778 Domine

1956 2812 2110 2865 Deus
2140 2815 2339 2865 noster
2366 2810 2633 2881 accipere
2665 2810 2908 2881 librum,
2926 2814 2983 2865 et
3008 2809 3235 2866 solvere
3260 2812 3433 2879 signa
3452 2810 3605 2881 ejus,

1954 2897 2244 2970 quoniam
2271 2898 2504 2953 occisus
2552 2913 2637 2963 es,
2668 2901 2725 2953 et
2765 2897 3067 2953 redemisti
3098 2912 3209 2955 nos
3241 2900 3359 2954 Deo
3383 2898 3444 2953 in
3470 2913 3609 2954 sano

1956 2986 2135 3058 guine
2165 2990 2267 3042 tuo
2292 3002 2365 3041 ex
2390 2985 2555 3042 omni
2586 2986 2764 3056 tribu,
2803 2990 2860 3043 et
2883 2986 3106 3057 lingua.
3132 2986 3197 3042 P.
3250 2989 3315 3042 Et
3342 3001 3497 3043 ecce.
3527 2986 3601 3050 ν.

179 3082 485 3139 Coalorum
533 3077 762 3150 aperiat
816 3076 893 3131 P.
949 3073 1345 3143 Indulgentia.
1405 3072 1470 3133 1’.
1526 3073 1846 3127 Removeat
1884 3099 1925 3157 α
1957 3076 2170 3143 Gloria,
2194 3080 2302 3131 etc.
2328 3075 2385 3129 P.
2419 3077 2485 3130 Et
2512 3090 2668 3131 ecce.

177 3169 566 3243 supplicium.
601 3168 679 3223 P.
702 3163 1093 3234 Indulgentia.
1123 3161 1188 3221 if.
1212 3163 1527 3231 Extinguat
1556 3160 1844 3231 gehennae
1898 3162 1901 3163 ⁷

177 3257 532 3315 incendium
561 3255 626 3310 P.
658 3250 1051 3322 Indulgentia.
1083 3249 1144 3311 ἵ.
1187 3249 1487 3306 Defunctis
1525 3249 1707 3305 donet
1756 3264 1846 3305 re-

176 3349 387 3423 quiem
425 3347 490 3401 P.
524 3342 911 3412 Indulgentia.
940 3341 1006 3401 Ψ.
1050 3342 1269 3396 Locum
1316 3340 1530 3412 quietis
1583 3337 1848 3394 conferat

177 3440 237 3493 P.
272 3434 670 3506 Indulgentia.
702 3431 767 3493 ν.
800 3430 1034 3487 Sanctis
1066 3433 1373 3485 consortes
1402 3427 1599 3484 faciat.
1658 3427 1724 3485 P.
1755 3429 1847 3482 ln-

179 3524 521 3597 dulgentia.
560 3520 626 3583 1’.
672 3522 746 3577 Te
775 3534 1111 3594 precamur,
1134 3518 1401 3583 Domine,
1436 3517 1500 3578 ἲν.
1533 3515 1846 3586 Indulgen-

188 3614 360 3672 tiam.

260 3702 491 3759 Oratio.
516 3697 831 3768 Unigenite
862 3697 1043 3753 Filius
1074 3695 1175 3751 Dei
1207 3694 1419 3759 Patris,
1454 3694 1528 3749 de
1558 3710 1680 3767 quo
1712 3698 1847 3750 ante

178 3795 309 3848 tam
331 3792 680 3848 innumeros
712 3802 902 3842 annos
926 3785 1223 3855 Propheta
1244 3781 1512 3839 cantavit
1535 3782 1697 3837 hunc
1717 3797 1848 3837 ver-

178 3895 327 3936 sum
362 3898 374 3934 :
405 3880 470 3932 In
501 3875 701 3930 medio
740 3873 999 3929 duorum
1031 3870 1387 3926 animalium
1434 3870 1846 3940 cognosceris;

177 3966 466 4035 cognitus
500 3963 677 4035 plane
731 3978 792 4017 es
817 3975 939 4016 non
967 3958 1163 4014 solum
1202 3959 1352 4013 inter
1401 3957 1555 4012 duos
1592 3957 1851 4013 latrones

172 4054 466 4130 pendens
498 4052 559 4106 in
588 4050 771 4120 ligno,
801 4048 894 4105 vel
948 4047 1207 4102 duorum
1231 4048 1741 4101 Testamentorum
1789 4045 1849 4100 in

176 4144 389 4204 medio
417 4159 430 4209 ;
456 4158 662 4198 verum
685 4141 863 4196 etiam
882 4138 1026 4209 fuga
1046 4136 1208 4203 solis,
1226 4151 1448 4192 occasu
1460 4133 1853 4199 diei,concus-

177 4238 360 4293 sione
385 4238 676 4289 terrarum
705 4246 715 4285 :
755 4231 839 4283 Tu
867 4226 1090 4281 Christe
1115 4223 1481 4280 descendisti
1507 4221 1584 4278 ad
1612 4222 1849 4292 inferos,

181 4331 242 4382 et
268 4326 489 4379 Sancta
516 4318 835 4391 sepulchra
864 4315 1160 4371 laxarunt.
1192 4314 1470 4368 Pietatem
1503 4326 1644 4381 ergo
1684 4315 1851 4368 tuam

181 4426 541 4487 quaesumus
563 4428 579 4480 ;
608 4412 670 4463 ut
688 4404 1012 4475 intelligere
1034 4404 1660 4477 possimus,quantum
1678 4400 1852 4456 nobis

180 4515 515 4571 resurgens
576 4494 892 4569 praestabis
932 4494 994 4548 in
1031 4507 1236 4563 regno,
1280 4488 1378 4562 qui
1425 4505 1536 4545 nos
1592 4489 1853 4546 moriens

182 4587 556 4649 resuscitasti
583 4602 721 4642 cum
744 4583 932 4656 gloria
961 4581 1035 4638 de
1061 4581 1315 4636 inferno.

260 4683 437 4735 Pater
460 4679 685 4745 noster,
712 4673 814 4747 qui
845 4689 907 4729 es
938 4672 1000 4727 in
1031 4670 1217 4727 ccelis.
1257 4680 1321 4739 Ir.
1351 4668 1559 4724 Amen.
1591 4668 1852 4725 Sanctiﬁ-

184 4775 381 4834 cetur,
427 4770 536 4822 etc.

258 4858 443 4914 Dicat
472 4854 812 4923 Presbyter.
839 4849 997 4906 Bruti
1019 4865 1055 4906 a
1070 4848 1251 4905 malo.
1278 4846 1519 4904 stabiliti
1538 4862 1774 4918 semper
1794 4845 1855 4902 in

182 4943 491 5010 bono,tibi
508 4940 813 4998 adhaerere
831 4952 1169 4993 mereamur
1181 4938 1299 4991 Deo
1312 4940 1367 4991 et
1384 4934 1637 4991 Domino
1653 4938 1856 4991 nostro

182 5038 332 5093 Jesu
358 5033 609 5090 Christo.
631 5029 974 5100 Da‘veniam
992 5026 1253 5098 peccatis
1266 5024 1570 5091 nostris,et
1589 5024 1857 5098 requiem

186 5124 438 5183 famulis
466 5122 581 5179 tuis
602 5118 885 5177 omnibus
902 5115 1184 5171 ﬁdelibus
1204 5113 1773 5185 defunctis.Frange,
1803 5129 1860 5187 et

187 5217 439 5287 percute
462 5224 675 5266 omnes
699 5205 951 5263 insidias
969 5203 1192 5260 inimici
1221 5204 1408 5259 nostri
1436 5219 1447 5259 :
1476 5202 1731 5259 defende
1748 5218 1858 5258 nos

185 5304 267 5361 ab
299 5300 587 5358 omnibus
619 5295 903 5370 operibus
920 5292 1117 5363 malis,
1150 5297 1208 5348 et
1233 5290 1525 5348 conﬁrma
1549 5291 1608 5346 in
1627 5291 1855 5348 cunctis

182 5392 384 5450 bonis.
429 5388 643 5460 Accipe
681 5385 999 5457 jejunium,
1047 5381 1141 5437 vel
1186 5386 1393 5437 votum
1443 5385 1758 5450 nostrum;
1803 5383 1860 5435 et

188 5480 416 5540 exaudi
443 5477 776 5534 orationem
807 5478 1075 5530 nostram
1097 5472 1158 5527 in
1188 5470 1279 5526 his
1300 5469 1535 5541 diebus,
1566 5473 1623 5525 et
1645 5470 1698 5525 in
1728 5469 1859 5525 totis

192 5567 594 5642 temporibus.
626 5565 838 5624 Tribue
860 5561 1036 5621 nobis
1086 5575 1324 5635 pacem,
1368 5562 1426 5619 et
1454 5559 1857 5629 securitatem,

2028 3164 2258 3221 Lauda.
2299 3162 2566 3221 Alleluia.
2618 3162 2880 3233 Angelus
2911 3162 3145 3219 Domini
3188 3162 3500 3219 descendit
3536 3163 3613 3219 de

1956 3253 2130 3321 coelo,
2191 3256 2248 3307 P.
2301 3255 2367 3308 Et
2398 3252 2710 3315 accedens,
2765 3251 3014 3307 revolvit
3055 3251 3317 3323 lapidem
3346 3251 3426 3308 ab
3462 3251 3614 3308 ostio

1955 3342 2355 3398 monumenti.
2371 3339 2639 3406 Alleluia,
2661 3338 2916 3395 alleluia.
2938 3338 2999 3399 ν.
3026 3340 3306 3412 Lapidem
3326 3356 3510 3413 quem
3527 3355 3615 3396 re-

1956 3430 2364 3504 probaverunt
2411 3428 2800 3492 aediﬁcantes,
2847 3426 2946 3483 hic
2992 3427 3184 3484 factus
3213 3433 3299 3484 est
3346 3427 3410 3484 in
3436 3428 3618 3499 caput

1958 3518 2183 3589 anguli.
2208 3520 2272 3573 P.
2315 3520 2381 3574 Et
2418 3516 2734 3573 accedens.
2764 3515 2827 3578 π’.
2863 3516 3074 3588 Gloria,
3104 3520 3163 3574 et
3205 3517 3419 3575 honor.
3472 3519 3529 3572 P.
3557 3517 3623 3572 Et

1957 3608 2269 3666 accedens.

2031 3696 2322 3752 Dominus
2352 3695 2426 3751 sit
2451 3711 2706 3767 semper.
2732 3694 2797 3755 1’.
2830 3693 2896 3750 Et
2919 3710 3071 3750 cum.

2030 3785 2262 3841 Lauda.
2305 3786 2441 3840 Erat
2466 3787 2744 3855 aspectus
2772 3783 2903 3854 ejus
2924 3783 3073 3839 sicut
3104 3782 3321 3854 fulgur,
3352 3786 3411 3839 et
3444 3780 3622 3841 vesti-

1960 3878 2163 3930 menta
2185 3873 2313 3942 ejus
2330 3871 2591 3927 candida
2617 3871 2796 3942 quasi
2816 3871 2919 3926 nix
2945 3887 2959 3936 ;
2986 3876 3043 3927 et
3063 3870 3213 3928 dixit
3234 3871 3615 3931 mulieribus:

1961 3961 2146 4018 Nolite
2176 3961 2427 4015 timere:
2469 3958 2532 4019 ῒ.
2579 3958 2954 4013 Conﬂtemini
2997 3959 3273 4027 Domino,
3324 3960 3618 4031 quoniam

1960 4049 2162 4104 bonus
2183 4065 2199 4101 :
2218 4046 2511 4119 quoniam
2526 4047 2585 4101 in
2605 4047 2892 4101 saeculum
2912 4047 3321 4102 misericordia
3335 4048 3626 4117 ejus.P.Et

1963 4135 2280 4194 accedens.
2308 4134 2370 4194 ν.
2396 4134 2607 4199 Gloria,
2634 4139 2691 4190 et
2704 4134 2900 4189 honor
2929 4135 3105 4191 Patri.
3124 4137 3184 4189 P.
3212 4136 3280 4191 Et
3304 4134 3619 4192 accedens.

2035 4224 2324 4281 Dominus
2356 4223 2709 4294 sitsemper.
2742 4233 2805 4292 13;.
2841 4225 2906 4278 Et
2934 4238 3096 4278 cum.

2033 4312 2268 4369 Lauda.
2300 4311 2406 4366 Hic
2433 4314 2521 4366 est
2550 4311 2727 4382 panis
2767 4327 2942 4366 verus
2965 4312 3086 4378 Dei,
3116 4311 3219 4385 qui
3251 4311 3325 4366 de
3341 4310 3492 4369 coelo
3521 4310 3623 4367 de-

1963 4400 2214 4471 scendit,
2247 4404 2306 4457 et
2335 4400 2519 4455 vitam
2547 4399 3011 4458 tribuitMundo:
3037 4400 3143 4472 qui
3166 4399 3623 4457 manducaverit

1968 4508 2042 4549 ex
2065 4506 2156 4558 eo,
2199 4493 2511 4561 permanet
2538 4488 2600 4544 in
2630 4494 2937 4545 aeternum.
2973 4491 3039 4545 Et
3074 4490 3271 4561 panis,
3299 4505 3483 4562 quem
3507 4504 3622 4559 ego

1964 4578 2144 4643 dabo,
2175 4594 2315 4635 caro
2346 4594 2483 4635 mea
2510 4582 2599 4634 est
2630 4594 2737 4650 pro
2765 4578 2977 4634 mundi
3018 4578 3159 4635 vita.
3192 4580 3257 4633 P.
3291 4578 3401 4644 Qui
3440 4577 3629 4634 credit

1963 4669 2026 4725 in
2060 4685 2175 4734 me,
2210 4685 2331 4725 non
2354 4667 2589 4734 esuriet,
2622 4683 2819 4740 neque
2841 4668 2992 4724 sitiet
3015 4667 3622 4740 umquam,Alleiuia,

1968 4757 2227 4814 alleluia.
2270 4756 2333 4819 if.
2376 4758 2523 4813 Ecce
2554 4756 2877 4829 disponam
2906 4756 3099 4824 vobis,
3146 4757 3297 4812 sicut
3332 4756 3626 4828 disposuit

1964 4846 2113 4901 mihi
2132 4847 2586 4916 Pater,regnum
2614 4864 2626 4914 ;
2648 4851 2711 4901 ut
2725 4845 3002 4910 edatis,et
3014 4845 3233 4901 bibatis
3262 4861 3443 4917 super
3460 4861 3625 4902 men-

1967 4952 2097 4993 sam
2126 4951 2325 4992 meam
2348 4936 2409 4991 in
2429 4950 2616 5006 regno
2644 4950 2797 4991 meo.
2826 4938 2891 4992 P.
2928 4935 3039 5001 Qui
3065 4934 3268 4992 credit.
3314 4934 3378 4997 γ.
3408 4936 3624 5005 Gloria,

1967 5029 2025 5082 et
2051 5025 2265 5081 honor.
2300 5025 2358 5079 P.
2388 5023 2497 5090 Qui
2521 5024 2721 5080 credit.

2042 5113 2335 5185 Capitula.
2387 5112 2959 5171 Excellentissimam
3006 5113 3067 5170 in
3112 5114 3228 5172 hac
3282 5118 3455 5171 nocte
3483 5120 3625 5178 tuae,

1970 5202 2212 5269 Christe,
2234 5202 2696 5259 Resurrectionis
2715 5202 3079 5260 celebrantes
3102 5202 3631 5272 solemnitatem,in

1968 5307 2091 5365 qua
2122 5293 2248 5365 ipse
2270 5307 2465 5347 novus
2480 5292 2626 5361 dies,
2645 5307 2805 5348 novo
2821 5292 2895 5348 de
2918 5292 3148 5349 tumulo
3167 5296 3629 5364 surgens,veter-

1968 5397 2183 5437 nosam
2213 5381 2475 5453 antiquae
2492 5381 2683 5437 noctis
2703 5381 3371 5453 calliginem,coelestem
3387 5394 3498 5434 con
3513 5392 3631 5432 ver-

1970 5470 2093 5527 tisti
2110 5470 2170 5525 in
2197 5468 2629 5537 claritatem,te,
2655 5470 2875 5543 quibus
2906 5488 3250 5544 possumus,
3274 5464 3629 5539 lacrymosis

1968 5557 2271 5632 rugitibus
2298 5559 2734 5635 imploramus;
2766 5562 2939 5636 367
2964 5565 3049 5633 ut,
3070 5560 3175 5634 qui
3190 5573 3302 5618 nos
3320 5550 3627 5614 redemisti
