4194 6492
553 358 658 414 615

1802 343 2257 407 BREVIABIUM
2293 345 2683 407 GOTHICUM.

3860 339 3973 398 616

549 479 739 552 pretio
756 477 839 533 tui
850 475 1182 545 sanguinis,
1211 473 1478 530 instituta
1494 475 1595 529 ate
1611 476 1905 545 praecepta
1914 475 2185 542 acceptes
2219 471 2265 524 Α
2293 475 2512 526 cuncta
2535 466 2854 524 celebravit
2870 466 3187 537 ovando,ej
3198 481 3266 521 us
3288 462 3973 522 conservarimereatur

546 570 763 621 nostrae
789 561 1094 620 orationis.
1118 561 1201 618 Sit
1220 561 1587 633 indulgentia
1607 561 1923 615 criminum
1946 575 1959 624 ;
1980 572 2184 614 conce-

545 652 720 709 datur
747 652 925 707 etiam
947 649 1199 706 caelestis
1231 649 1433 717 gloria:
1462 663 1704 703 summa
1726 647 2031 702 virtutum.
2069 647 2181 700 Me-

545 745 768 805 mento,
800 739 1066 803 Domine,
1098 736 1241 809 quia
1270 741 1423 792 terra
1444 752 1685 802 sumus;
1728 740 1786 791 et
1814 736 2010 805 accipe
2040 748 2181 789 con-

545 828 841 885 tritionem
865 825 1054 883 nostri
1083 825 1357 896 spiritus;
1382 827 1462 891 ut,
1487 823 1589 896 qui
1615 822 1812 879 carnis
1841 821 2181 878 inﬁrmitate

543 916 623 973 ad
662 921 880 972 terram
947 912 1390 986 prosternimur,
1450 911 1527 967 ad
1579 911 1757 968 caelos
1796 909 2180 981 castigatione

543 1004 834 1078 spirituali
855 1002 1095 1074 jejuniis
1131 1001 1533 1058 sublevemur.
1594 1003 1658 1056 Et
1696 1001 1839 1072 quia
1878 1016 1947 1055 ex
1978 1002 2179 1054 nostro

541 1098 631 1149 est
655 1091 820 1164 quod
849 1090 1154 1156 cadamus,
1182 1105 1255 1145 ex
1284 1094 1384 1145 tuo
1414 1088 1506 1157 sit,
1540 1092 1602 1144 ut
1623 1103 1957 1157 surgamus,
1984 1089 2057 1143 Te
2080 1087 2177 1158 ju-

538 1180 732 1250 bente,
761 1178 1020 1234 dicimus
1052 1194 1066 1233 :

612 1267 781 1322 Pater
802 1270 1020 1321 noster.
1050 1267 1116 1321 Et
1139 1280 1214 1320 ne
1249 1280 1384 1321 nos.
1414 1263 1663 1320 Liberati
1692 1278 1728 1319 a
1750 1263 1929 1320 malo.
1973 1262 2178 1328 Quaere

536 1355 642 1425 fol.
674 1358 727 1409 2.

607 1441 916 1498 Humiliate
940 1456 1049 1497 vos
1072 1438 1497 1496 benedictioni.

608 1529 900 1585 Dominus
932 1529 1007 1584 sit
1028 1543 1282 1599 semper.
1308 1539 1370 1597 131.
1404 1528 1470 1583 Et
1497 1542 1654 1582 cum.

603 1616 1238 1673 Benedictio.Christus
1254 1614 1662 1686 Dominus,qui
1674 1613 1939 1669 ascendit
1950 1614 2171 1685 patibu-

531 1705 659 1762 lum
671 1705 1010 1771 Crucis,sua
1024 1720 1129 1759 vos
1146 1703 1553 1774 redemptione
1570 1706 1627 1758 et
1642 1702 1923 1773 passione
1940 1717 2170 1758 conser-

530 1798 628 1850 vet
647 1809 684 1850 a
701 1791 895 1849 malis.
924 1803 988 1862 Βτ.
1020 1795 1228 1846 Amen.
1266 1791 1491 1863 Detque
1507 1789 1679 1846 vobis
1698 1805 1821 1845 suae
1839 1787 2168 1845 dulcedinis

533 1882 823 1954 sapientia
845 1879 1133 1944 renovari,
1166 1878 1268 1951 qui
1290 1894 1351 1934 se
1383 1894 1589 1934 amaro
1610 1878 1879 1949 permisit
1891 1876 2041 1933 fellis
2068 1893 2171 1949 po-

531 1968 665 2026 culo
689 1968 1015 2040 propinari.
1044 1978 1107 2038 Bg.
1139 1968 1347 2023 Amen.
1378 1969 1465 2034 Ut,
1488 1966 1657 2037 cujus
1682 1966 1889 2022 laudes
1914 1965 2170 2023 Ecclesia

2294 572 2519 626 magno
2545 556 2742 612 Crucis
2773 554 3006 610 vexillo.
3032 566 3094 619 Βι.
3144 554 3354 610 Amen.

2362 672 2469 727 Per
2500 669 2970 726 misericordiam
2996 663 3188 741 ipsius
3222 668 3323 724 Dei
3347 666 3556 731 nostri,
3595 668 3712 722 etc.

2359 777 2584 833 Lauda.
2613 776 2874 832 Alleluia.
2894 778 3145 831 Locutus
3170 778 3259 830 est
3278 773 3542 844 Angelus
3560 770 3816 828 Domini
3833 788 3971 828 mu-

2286 863 2540 930 lieribus,
2587 864 2787 920 dicens
2814 884 2831 919 :
2852 864 2917 921 P.
2945 863 3244 935 Scio,quia
3262 861 3621 918 cruciﬁxum
3638 859 3926 933 quaeritis
3951 878 3965 916 :

2288 953 2559 1018 surrexit,
2595 954 2742 1008 sicut
2772 951 2918 1007 dixit
2992 952 3209 1016 Venite,
3242 957 3299 1006 et
3328 950 3525 1006 videte
3560 947 3670 1004 ubi
3723 948 3967 1021 positus

2286 1046 2411 1097 erat
2441 1040 3060 1100 Dominus.V.Cantate
3087 1038 3336 1095 Domino
3356 1038 3666 1094 canticum
3686 1052 3963 1093 novum:

2286 1129 2429 1200 quia
2453 1127 2749 1185 mirabilia
2773 1127 2925 1183 fecit.
2946 1129 3015 1183 P.
3044 1126 3343 1199 Scio,quia
3366 1125 3733 1182 cruciﬁxum
3745 1125 3966 1198 quaeri-

2287 1217 2377 1275 tis.
2403 1216 2465 1278 ῆν.
2520 1217 2733 1281 Gloria,
2773 1220 2830 1273 et
2888 1215 3082 1272 honor
3140 1215 3311 1287 Patri,
3348 1220 3405 1272 et
3451 1214 3619 1271 Filio.
3687 1216 3748 1269 P.
3809 1213 3962 1278 Scio,

2283 1306 2443 1377 quia.

2353 1412 2572 1468 Oratio.
2600 1410 2879 1482 Expletis,
2908 1410 3176 1477 Domine,
3204 1410 3266 1465 in
3286 1410 3403 1465 hac
3424 1414 3643 1466 sancta
3671 1408 3957 1465 solemni-

2280 1504 2400 1556 tate
2426 1505 2643 1555 nostrte
2662 1499 2957 1555 servitutis
2972 1498 3202 1565 ofﬁciis,
3232 1497 3956 1570 gratias'tibi,laudesque

2278 1588 2606 1655 referimus,
2629 1587 2789 1642 dono
2811 1591 2924 1642 tua:
2942 1586 3340 1642 miserationis
3361 1584 3560 1656 adjuli
3584 1604 3600 1654 ;
3625 1590 3950 1657 precantes

2280 1681 2351 1741 te,
2384 1678 2559 1747 Deus,
2580 1680 2699 1731 uta
2723 1675 2982 1745 peccatis
3001 1689 3112 1730 nos
3129 1673 3367 1742 abluas,
3395 1678 3451 1729 et
3472 1674 3536 1729 in
3562 1673 3689 1730 tuis
3704 1688 3947 1746 semper

2277 1763 2557 1819 laudibus
2588 1763 2849 1819 exultare
2884 1764 3203 1819 concedas.
3236 1774 3301 1833 ἢ.
3338 1764 3551 1818 Amen.

2207 1831 2250 1884 Β
2350 1851 2460 1907 Per
2490 1850 2956 1907 misericordiam
2989 1855 3173 1918 tuam,
3200 1831 3311 1906 etc.

2348 1967 2412 2021 In
2440 1966 2679 2021 nomine
2711 1965 2961 2021 Domini.

1144 2277 1233 2349 IN
1288 2274 1805 2348 LIETATIONE
1854 2276 2033 2348 DIEI
2086 2277 2148 2347 Ρ.

2271 2277 2453 2349 SHE
2505 2274 2847 2348 RESURB
2858 2271 3280 2346 ECTIONIS.

980 2478 1157 2550 369
1192 2477 1279 2533 Ad
1319 2477 1702 2534 Matutinum.

592 2565 947 2636 Antiphona.
972 2565 1095 2634 Ego
1126 2564 1382 2620 dormivi
1408 2581 1421 2618 :
1446 2569 1502 2619 et
1524 2564 1837 2631 resurrexi,
1868 2565 2155 2636 quoniam

522 2656 808 2714 Dominus
836 2654 1137 2709 suscitavit
1172 2668 1289 2708 me.
1324 2653 1584 2707 Psalmus
1607 2668 1683 2707 ιιι.

591 2745 806 2801 Oratio.
836 2742 1082 2797 Domine
1111 2743 1247 2796 Jesu
1275 2739 1517 2805 Christe,
1541 2740 1642 2811 qui
1660 2755 1768 2811 pro
1784 2739 1959 2796 nobis
1981 2756 2151 2813 sopo-

514 2851 641 2894 rem
654 2832 857 2889 mortis
869 2830 1002 2885 ideo
1017 2828 1428 2900 suscepisti,ne
1441 2843 1552 2883 nos
1580 2827 1837 2899 amplius
1854 2827 2154 2883 obdormi-

513 2939 713 2981 remus
730 2922 792 2976 in
821 2924 1072 2975 mortem
1098 2934 1111 2983 ;
1134 2916 1385 2981 dona,ut
1401 2916 1501 2988 qui
1524 2920 1575 2971 te
1597 2915 1881 2971 moriente
1897 2931 1997 2971 ren
2008 2916 2153 2972 asci-

513 3027 667 3081 mur,
691 3014 747 3065 te
770 3008 948 3064 etiam
972 3005 1301 3061 viviﬁcante
1324 3020 1359 3059 a
1379 3009 1759 3075 peccatorum
1782 3004 1930 3059 lecto
1948 3019 2151 3073 surga-

515 3102 687 3164 musf:
706 3113 815 3153 nec
832 3095 982 3151 ultra
999 3094 1127 3164 jam
1143 3093 1471 3149 obruamur
1488 3107 1666 3163 paena
1677 3092 1962 3162 peccati,q
1972 3091 2027 3145 ui
2044 3107 2151 3145 nos

2268 2478 2490 2535 habere
2521 2499 2533 2538 :
2560 2483 2625 2534 ut
2642 2478 2746 2550 qui
2772 2478 2831 2533 in
2856 2475 3113 2541 Galilaea,
3138 2475 3200 2531 in
3222 2474 3757 2544 transmigratione
3780 2473 3925 2529 scili-

2267 2572 2358 2622 cet
2382 2565 2864 2638 incorruptionis,
2906 2564 3289 2620 manifestum
3322 2568 3377 2619 te
3402 2563 3465 2618 in
3483 2578 3667 2638 carne
3690 2561 3927 2618 voluisti

2267 2655 2569 2711 ostendere
2582 2633 3001 2726 discipulorum
3017 2633 3650 2724 aspectibus,dign’eris
3668 2652 3850 2707 etiam
3867 2650 3925 2706 in

2264 2743 2432 2799 nobis
2456 2759 2743 2815 apparere
2773 2741 3084 2797 virtutibus
3114 2740 3505 2796 manifestus:
3553 2745 3621 2795 ut
3651 2756 3689 2796 a
3728 2755 3929 2795 corru-

2263 2832 2452 2901 ptione
2466 2831 2523 2886 in
2538 2830 3018 2902 incorruptionem
3033 2827 3601 2900 transmigrationem
3614 2828 3923 2896 facientes,

2262 2924 2492 2975 aterna:
2524 2919 2677 2974 illius
2710 2923 2763 2974 et
2814 2933 2968 2973 veras
3016 2916 3562 2985 transmigrationis
3613 2917 3929 2989 possidere

2262 3006 2483 3076 gaudia
2508 3022 2843 3062 mereamur
2872 3005 2998 3061 sine
3023 3004 3141 3060 ﬁne
3169 3003 3372 3060 felices
3399 3016 3464 3075 BI.
3497 3010 3718 3061 Amen.

2332 3095 2440 3148 Per
2464 3093 2954 3149 misericordiam.

512 3187 854 3256 redemptos
905 3179 1355 3251 congaudemus
1410 3178 1597 3249 pretio
1641 3177 1794 3232 sacri
1841 3178 2151 3247 sanguinis
2186 3189 2227 3245 ί]
2331 3183 2674 3253 Antiphona
2706 3186 2756 3238 3.
2788 3181 3066 3236 Tulerunt
3093 3180 3417 3236 Dominum
3450 3196 3683 3247 meum,
3716 3184 3798 3252 et,
3824 3180 3931 3238 ubi

514 3274 617 3332 tui.
650 3283 714 3344 ﬁt.
739 3276 944 3326 Amen.

581 3363 689 3417 Per
717 3357 1179 3416 misericordiam
1222 3358 1406 3408 tuam.

576 3450 913 3519 Antiphona
942 3446 993 3499 1.
1030 3440 1290 3499 Surrexit
1334 3438 1620 3493 Dominus
1660 3454 1696 3493 a
1732 3443 2142 3505 monumento,

504 3538 569 3593 P.
594 3541 661 3594 Et
681 3541 886 3608 portas
914 3532 1241 3587 inferorum
1282 3526 1586 3595 confregit.
1628 3525 1690 3584 )7.
1718 3526 1915 3582 Tollite
1945 3531 2145 3593 portas

501 3624 795 3696 principes
820 3624 1065 3681 vestras,
1094 3612 1481 3670 etelevamini
1503 3618 1692 3685 portae
1722 3614 2025 3670 aeternales
2054 3635 2066 3671 :
2091 3622 2145 3671 et

499 3709 765 3766 introibit
787 3722 891 3762 rex
921 3703 1142 3774 gloriae.
1174 3701 1232 3754 P.
1268 3703 1333 3755 Et
1363 3704 1564 3772 portas
1600 3700 1663 3760 in
1697 3702 1909 3772 Gloria,
1951 3707 2006 3758 et
2036 3704 2141 3759 ho-

497 3813 609 3855 nor
633 3796 810 3853 Patri.
841 3794 905 3848 P.
939 3794 1005 3847 Et
1037 3794 1256 3861 portas.

573 3884 805 3942 Oratio.
835 3880 1077 3945 Christe,
1097 3892 1234 3933 vera
1248 3876 1576 3948 redemptio
1597 3877 1827 3949 mundi,
1849 3879 2141 3950 qui,revo-

496 3974 620 4031 luto
661 3988 769 4045 per
796 3967 1085 4038 Angelum
1102 3964 1300 4038 lapide
1322 3964 1398 4021 ab
1420 3965 1571 4020 ostio
1589 3967 2141 4033 monumenti,mira

497 4058 948 4119 resurrectionis
972 4055 1237 4128 potentia
1254 4054 1648 4125 triumphasti,
1668 4070 1794 4109 cum
1813 4072 1989 4111 sexus
2010 4072 2136 4112 mu-

492 4152 703 4214 lierum
714 4147 1020 4209 inﬁrmior,
1045 4144 1145 4216 qui
1160 4149 1211 4199 te
1225 4142 1453 4198 ardenti
1465 4142 1757 4199 desiderio
1770 4146 2133 4217 perquisivit,

490 4240 652 4314 prior
673 4237 897 4295 caeteris
924 4240 977 4290 te
992 4236 1419 4301 resurgentem,
1441 4231 1665 4299 Angelo
1690 4233 2137 4299 nuntiante,au-

488 4328 613 4384 dire
642 4322 1007 4400 promeruit;
1033 4320 1111 4375 da
1126 4318 1323 4385 nobis,
1358 4322 1421 4373 ut
1439 4318 1772 4387 fragilitatis
1790 4325 2006 4376 nostrae
2026 4327 2137 4377 tor-

485 4431 630 4489 pore
651 4406 1268 4475 secluso,indesiuenti
1282 4405 1577 4461 servitutis
1592 4411 1706 4463 tua;
1727 4409 2027 4479 potiamur
2043 4426 2132 4467 so-

484 4503 662 4571 latio;
691 4505 757 4556 ut
784 4505 839 4555 te
870 4496 1172 4554 ardentius
1202 4493 1534 4562 diligentes,
1559 4495 1676 4548 oris
1706 4496 1888 4551 nostri
1915 4500 2130 4555 ostium

484 4590 651 4649 nulla
679 4590 739 4645 in
766 4583 1105 4653 conﬁtendo
1150 4580 1255 4636 tibi
1285 4581 1515 4636 immoti
1539 4580 1758 4652 lapidis
1781 4582 1995 4640 duritia
2019 4586 2131 4644 ob-

485 4682 765 4743 struente,
794 4680 1013 4730 aeterno
1039 4684 1377 4726 mereamur
1420 4666 1715 4723 consolari
1744 4668 1818 4725 de
1861 4687 2123 4729 munere.

484 4780 545 4842 Bt.
578 4772 785 4824 Amen.
816 4765 943 4817 Per.

549 4855 891 4925 Antiphona
920 4855 972 4905 2.
1006 4847 1181 4911 Vade,
1210 4844 1633 4913 Maria,nuntia
1658 4845 1937 4903 fratribus
1956 4849 2120 4916 meis,

480 4944 545 5001 P.
577 4944 725 5009 Quia
744 4937 1057 5003 resurrexi,
1075 4937 1222 4991 sicut
1238 4934 1349 4989 illis
1378 4932 1500 4988 dixi
1524 4940 1691 4990 :eant
1711 4935 1771 4990 in
1798 4936 2117 5009 Galilaeam,

478 5032 563 5088 ibi
592 5046 689 5086 me
708 5028 1014 5084 videbunt.
1042 5025 1099 5084 )7.
1126 5026 1281 5078 Deus
1303 5022 1554 5078 deorum
1577 5024 1864 5078 Dominus
1886 5024 2119 5081 locutus

478 5124 567 5176 est
591 5135 605 5173 :
638 5122 696 5173 et
732 5114 965 5170 vocavit
985 5118 1225 5178 terram,
1258 5127 1292 5164 a
1319 5109 1458 5165 solis
1480 5114 1611 5164 ortu
1638 5126 1827 5181 usque
1854 5110 1932 5165 ad
1953 5127 2119 5167 occa-

477 5222 613 5264 sum
647 5220 659 5260 :
687 5220 757 5260 ex
793 5203 931 5259 Sion
956 5200 1184 5271 species
1200 5197 1427 5253 decoris
1446 5197 1600 5265 ejus.
1626 5197 1690 5252 P.
1716 5197 1881 5260 Quia.
1906 5197 1972 5256 ἡ.
1990 5198 2119 5256 Glo-

473 5298 582 5354 ria.
614 5296 676 5350 P.
703 5291 873 5358 Quia.

545 5384 761 5441 Oratio.
804 5376 1046 5441 Christe,
1082 5373 1181 5429 Dei
1212 5373 1405 5441 Filius,
1441 5386 1619 5442 quem
1649 5387 1766 5427 vox
1792 5374 2059 5443 angelica
2080 5394 2117 5433 a

472 5473 722 5533 mortuis
749 5466 1143 5525 resurrexisse
1166 5461 1453 5534 praedixit,
1483 5465 1539 5515 et
1556 5460 1831 5516 euntibus
1856 5463 2115 5535 discipu-

469 5566 563 5635 lis,
588 5561 772 5637 quite
809 5558 873 5613 in
903 5554 1201 5612 Galilaeam
1242 5550 1422 5607 visuri
1461 5555 1674 5619 essent,
1720 5548 2004 5623 innotuit;
2034 5553 2113 5609 da

2258 3276 2583 3340 posuerunt
2598 3286 2755 3337 eum,
2788 3269 3010 3325 nescio.
3045 3272 3099 3324 P.
3120 3268 3247 3324 Noli
3274 3268 3439 3337 ﬂere,
3463 3270 3687 3337 Maria;
3734 3285 3932 3324 resur-

2256 3358 2403 3412 rexit
2432 3357 2716 3413 Dominus
2734 3373 2871 3412 cum
2889 3357 3093 3427 gloria,
3120 3362 3175 3412 et
3204 3356 3482 3427 regnabit
3502 3373 3541 3412 a
3572 3358 3701 3412 fine
3728 3372 3927 3429 usque

2254 3445 2314 3499 in
2344 3444 2525 3500 ﬁnem
2546 3444 2781 3500 fortiter.
2812 3443 2873 3504 δι’.
2895 3444 3121 3500 Etenim
3155 3444 3443 3499 Dominus
3471 3443 3647 3500 dabit
3680 3443 3929 3500 benedi-

2253 3533 2507 3588 ctionem
2522 3551 2541 3603 ;
2558 3538 2613 3589 et
2638 3538 2793 3587 terra
2811 3537 3014 3588 nostra
3025 3530 3468 3588 dabitfructum
3491 3532 3771 3589 suum.P.
3792 3531 3926 3588 Noli

2251 3619 2411 3676 ﬂere.
2442 3619 2503 3679 if.
2529 3619 2740 3684 Gloria,
2774 3624 2830 3675 et
2856 3619 3050 3675 honor
3079 3619 3253 3674 Patri.
3297 3621 3357 3674 P.
3385 3618 3511 3675 Noli
3534 3619 3922 3685 ﬂere,Maria,

2324 3709 2536 3765 Oratio.
2569 3708 2879 3765 Sublatum
2897 3708 3285 3775 te,Domine,e
3306 3708 3632 3780 sepulchro
3650 3708 3927 3765 fructuo-

2251 3812 2319 3853 sa
2338 3796 2493 3852 illius
2516 3797 2704 3852 Marias
2729 3796 3031 3869 inquisitio
3048 3796 3293 3852 ﬂetuum
3319 3796 3620 3852 eﬂusione
3652 3813 3926 3868 conque-

2249 3885 2419 3952 ritur,
2441 3901 2578 3957 quae
2617 3885 2821 3957 utique
2847 3886 2983 3956 igne
3009 3885 3088 3941 tui
3145 3884 3433 3940 desiderii
3481 3887 3922 3951 cremabatur;

2250 3975 2605 4039 Quaesumus
2636 3989 2797 4043 ergo,
2830 3979 2894 4029 ut
2928 3973 3291 4028 desiderium
3322 3974 3552 4029 amoris
3586 3975 3675 4029 tui
3710 3975 3927 4030 simili-

2247 4066 2332 4117 ter
2358 4062 2417 4117 in
2448 4061 2624 4117 nobis
2642 4062 2935 4117 accendas
2969 4080 2980 4117 :
3020 4066 3152 4117 utet
3176 4061 3237 4116 in
3268 4062 3682 4133 perquirendo
3705 4063 3923 4119 valen-

2248 4149 2443 4217 tiores,
2479 4155 2533 4206 et
2559 4150 2618 4205 in
2649 4148 3007 4205 inveniendo
3039 4154 3091 4205 te
3123 4165 3462 4205 mereamur
3490 4150 3764 4207 sineﬁne‘
3782 4167 3925 4207 esse

2245 4237 2459 4294 felices.
2501 4249 2564 4308 1p.
2593 4243 2801 4294 Amen.

2315 4326 2441 4381 Per.

2313 4426 2374 4485 ἣν.
2413 4413 2616 4471 Stabat
2639 4413 2818 4469 Maria
2846 4413 2924 4468 ad
2955 4418 3417 4470 monumentum
3448 4414 3599 4471 foris
3633 4416 3919 4489 plorans.

2243 4506 2394 4558 Dum
2420 4518 2556 4574 ergo
2579 4501 2762 4567 ﬂeret,
2784 4503 3090 4573 prospexit
3109 4502 3211 4558 ubi
3238 4503 3501 4574 positum
3524 4511 3659 4561 erat
3684 4522 3922 4579 corpus

2238 4593 2392 4646 Jesu.
2417 4590 2569 4645 Vidit
2598 4589 2751 4645 duos
2781 4589 3035 4661 Angelos
3064 4590 3125 4645 in
3171 4590 3323 4646 albis
3357 4590 3661 4648 sedentes.
3716 4595 3792 4653 P.
3848 4599 3923 4650 Et

2238 4693 2528 4735 conversa
2562 4683 2886 4733 retrorsum
2916 4678 3063 4733 vidit
3091 4680 3290 4734 Jesum
3321 4683 3621 4747 stantem;
3656 4690 3717 4739 et
3749 4684 3923 4739 venit

2236 4768 2599 4823 annuntians
2621 4764 2931 4836 discipulis
2956 4782 2967 4820 :
2990 4766 3137 4831 Quia
3161 4766 3284 4821 vidi
3301 4767 3658 4835 Dominum,
3686 4776 3745 4826 et
3775 4771 3919 4827 haec

2234 4855 2381 4911 dixit
2404 4853 2567 4909 mihi.
2609 4851 2671 4912 ἴ.
2699 4852 2846 4908 Dixit
2879 4856 3045 4909 Jesus
3076 4854 3266 4910 Mariae
3296 4871 3308 4909 :
3339 4854 3562 4923 Mulier,
3598 4858 3757 4929 quid
3780 4859 3919 4931 plo-

2232 4959 2331 4998 ras
2351 4942 2378 4996 ?
2401 4956 2582 5014 quem
2612 4941 2829 5011 quaeris
2848 4942 2875 4998 ‘P
2897 4942 2961 4998 P.
2991 4944 3053 4996 Et
3080 4958 3387 4999 conversa.

2833 5030 2905 5085 In
2927 5030 3248 5086 Laudibus.

2298 5116 2385 5171 Ad
2402 5113 3101 5186 CanticumAntiphona.
3140 5121 3251 5174 Iste
3265 5122 3419 5175 Deus
3432 5124 3923 5192 meus,ethono—

2228 5203 2477 5260 riﬁcabo
2504 5220 2641 5260 eum
2673 5204 2864 5262 :Deus
2901 5205 3084 5276 patris
3119 5207 3255 5271 mei,
3298 5212 3353 5263 et
3397 5209 3695 5268 exaltabo
3739 5229 3919 5271 eum.

2586 5293 2899 5348 Canticum
2938 5294 3167 5349 Exaudi
3196 5295 3366 5365 (Cap.
3397 5297 3526 5369 xv).

2299 5384 2617 5437 Cantemus
2644 5382 2896 5436 Domino
2932 5398 2943 5436 :
2976 5383 3229 5452 gloriose
3262 5385 3419 5439 enim
3448 5385 3925 5448 honoriﬁcatus

2225 5474 2333 5535 est,
2358 5470 2373 5486 '
2396 5485 2620 5541 equum
2640 5474 2696 5525 et
2725 5486 3101 5526 ascensorem
3128 5473 3255 5544 proj
3268 5474 3380 5528 ecit
3427 5474 3490 5529 in
3522 5492 3726 5535 mare.

2295 5556 2550 5627 Adjutor
2578 5562 2634 5613 et
2663 5562 2957 5629 protector
2982 5559 3128 5615 mihi
3150 5560 3257 5617 fuit
3286 5560 3588 5619 Dominus
3613 5566 3628 5583 '
3647 5565 3715 5622 in
3745 5565 3925 5625 salu-
3944 5567 3963 5571 ’“

471 5652 648 5715 nobis
675 5649 923 5725 plenum
935 5642 1224 5717 gaudium
1235 5638 1309 5699 de
1322 5642 1424 5700 tua
1439 5642 2112 5712 semperresurrectione
2221 5647 2379 5706 ιθωε
