4194 6410
249 278 351 336 617

316 399 418 456 Hic
439 401 595 454 Deus
626 413 818 463 meus,
842 401 900 455 et
921 398 1333 456 honoriﬁcabo
1360 414 1497 456 eum
1534 420 1546 460 :
1580 401 1597 419 '
1620 401 1779 456 Deus
1798 415 1905 473 pa-
1940 400 1987 457 A

239 489 320 546 ris
370 486 518 553 mei,
550 491 607 543 et
632 486 919 543 ‘exaltabo
946 504 1112 543 eum.

322 576 608 635 Dominus
627 581 939 631 conterens
954 576 1131 644 bella,
1146 578 1166 598 "
1185 576 1471 633 Dominus
1492 592 1713 633 nomen
1729 582 1816 633 est
1833 576 1906 632 ei.

327 669 547 723 Currus
574 664 909 721 Pharaonis
940 670 996 721 et
1015 665 1338 721 exercitum
1390 667 1517 737 ejus
1546 668 1559 683 '
1583 665 1831 738 projecit
1850 666 1910 721 in

254 770 422 811 mare
456 771 468 809 ε

330 846 510 917 370
552 844 782 901 Electos
828 860 1178 901 ascensores
1201 844 1409 902 sternit
1435 861 1449 902 :
1486 847 1501 862 '
1530 848 1805 902 stratores
1826 845 1909 901 di-

250 935 456 990 mersit
484 934 544 989 in
571 933 755 991 rubro
786 934 958 991 mari.

319 1023 694 1096 Pelagusque
721 1024 953 1095 operuit
979 1039 1104 1091 eos,
1139 1026 1157 1045 ⁶
1180 1024 1422 1080 dimersi
1438 1027 1575 1080 sunt
1596 1023 1654 1079 in
1678 1022 1913 1096 profun-

247 1113 400 1169 dum
430 1116 747 1183 tamquam
777 1110 948 1183 lapis.

316 1205 565 1258 Dextera
596 1205 715 1267 tua,
747 1190 1017 1265 Domine,
1050 1200 1378 1271 gloriﬁcata
1419 1206 1509 1256 est
1538 1202 1599 1257 in
1644 1201 1858 1256 virtute
1894 1219 1907 1253 :

243 1290 487 1347 dextera
502 1305 718 1345 manus
732 1296 849 1345 tua:
876 1290 1479 1359 confregitinimicos.
1499 1291 1516 1310 ⁶
1547 1288 1908 1361 Etpraemul-

246 1379 500 1437 titudine
528 1378 861 1449 majestatis
883 1382 1000 1433 tuna
1023 1378 1347 1434 contrivisti
1374 1378 1750 1434 adversarios
1786 1396 1797 1429 :

319 1467 523 1524 Misisti
542 1468 693 1523 iram
718 1472 906 1534 tuam,
935 1472 989 1522 et
1014 1468 1385 1524 comediteos
1406 1472 1697 1539 tanquam
1718 1466 1907 1538 stipu-

242 1556 388 1612 lam.
427 1557 450 1583 ⁴¹
485 1558 551 1611 Et
583 1570 688 1626 per
720 1555 997 1626 spiritum
1050 1554 1377 1611 iracundite
1411 1560 1526 1611 ture
1565 1554 1761 1610 divisa
1815 1556 1907 1609 est

243 1659 449 1717 aqua:

316 1733 675 1789 Gelaverunt
704 1736 1017 1815 tamquam
1042 1748 1250 1789 murus
1277 1748 1466 1805 aquas.
1507 1734 1525 1753 ⁶
1553 1732 1901 1803 gelaverunt
1937 1758 1980 1812 Β

242 1825 464 1880 ﬂuctus
488 1822 549 1878 in
574 1822 775 1879 medio
803 1822 975 1877 mari.

292 1912 474 1967 ‘Dixit
494 1910 772 1967 inimicus
793 1930 805 1969 :
836 1914 1200 1983 Persequens
1217 1910 1749 1983 comprehendam,
1769 1925 1903 1983 par—

246 2002 405 2059 tibor
433 2000 640 2071 spolia,
684 2000 928 2073 replebo
960 2001 1227 2056 animam
1258 2016 1459 2056 meam
1494 2018 1505 2056 :

315 2090 670 2147 Interﬁciam
696 2089 898 2161 gladio
927 2106 1085 2157 meo,
1117 2093 1134 2112 "
1165 2095 1221 2146 et
1247 2088 1653 2147 dominabitur
1684 2103 1903 2144 manus

240 2196 401 2237 mea.

320 2268 521 2325 Misisti
552 2268 825 2340 spiritum
860 2272 1051 2335 tuum,
1112 2274 1168 2325 et
1192 2268 1499 2341 cooperuit
1551 2284 1653 2323 eos
1698 2281 1903 2322 mare:

243 2362 257 2378 '
285 2357 543 2415 dimersi
562 2363 697 2413 sunt
717 2358 777 2413 in
790 2357 1159 2429 profundum
1182 2363 1492 2430 tamquam
1515 2355 1832 2428 plumbum
1849 2355 1906 2409 in

245 2464 417 2521 aqua
441 2446 837 2502 validissima.

254 2606 257 2607 7
325 2536 467 2603 Quis
493 2534 701 2591 similis
724 2535 826 2590 tibi
846 2534 907 2591 in
928 2535 1040 2590 diis
1060 2534 1309 2591 Domine
1333 2535 1360 2589 ?
1386 2535 1520 2607 quis
1543 2532 1753 2589 similis
1782 2531 1906 2598 tibi,

242 2625 623 2684 honoriﬁcus
644 2625 703 2679 in
727 2624 967 2692 sanctis,
989 2623 1281 2680 mirabilis
1298 2625 1357 2679 in
1378 2623 1813 2694 majestatibus,
1831 2622 1911 2677 fa-

243 2716 421 2772 ciens
443 2712 750 2783 magnalia
765 2713 794 2769 ?
815 2715 832 2733 '
858 2712 1183 2769 Extendisti
1206 2717 1514 2769 dexteram
1538 2717 1723 2774 tuam,
1745 2709 1915 2767 etde-

242 2805 493 2864 voravit
516 2819 618 2860 eos
656 2808 830 2859 terra.

326 2891 918 2962 Gubernastijustitia
937 2896 1040 2947 tua
1058 2891 1352 2963 populum
1368 2895 1535 2946 tuum
1553 2890 1714 2946 hunc
1733 2904 1915 2960 quem

236 2980 521 3041 liberasti
552 2999 564 3033 :
596 2982 617 3002 *
646 2980 991 3036 consolatus
1023 2996 1085 3035 es
1113 2980 1324 3035 virtute
1350 2984 1467 3042 tua,
1497 2979 1555 3034 in
1603 2977 1917 3033 refectione

239 3077 466 3130 sancta
494 3075 615 3125 tua.

322 3160 658 3217 Audierunt
682 3163 904 3227 gentes,
931 3159 1164 3215 etiratae
1192 3162 1329 3212 sunt
1356 3176 1366 3213 :
1404 3157 1421 3177 ⁶
1445 3156 1685 3212 dolores
1708 3170 1920 3227 appre-

256 3249 602 3307 henderunt
631 3247 1035 3303 inhabitantes
1067 3246 1440 3302 Philisthiim.

326 3342 493 3395 Tunc
509 3337 936 3393 festinaverunt
954 3337 1137 3392 duces
1162 3335 1367 3404 lidom,
1389 3341 1441 3391 et
1458 3335 1758 3407 principes
1770 3336 1922 3389 Moa-

256 3430 546 3492 bitarum,
580 3429 599 3447 '
632 3427 1147 3499 apprehenditeos
1166 3428 1339 3481 timor
1374 3425 1923 3481 :etﬂuxeruntom-

258 3535 371 3575 nes
398 3516 799 3572 inhabitantes
830 3516 1137 3573 Chanaan.

338 3606 578 3663 Decidat
610 3622 788 3679 super
819 3622 918 3660 eos
948 3605 1127 3661 timor
1154 3609 1208 3660 et
1238 3608 1480 3670 tremor,
1515 3605 1530 3622 '
1561 3619 1597 3659 a
1628 3602 1925 3673 magnitu-

262 3698 407 3753 dine
438 3696 666 3751 brachii
697 3695 805 3749 tui.

340 3784 509 3839 Fiant
522 3789 809 3854 tamquam
821 3780 997 3852 lapis,
1012 3781 1205 3836 donec
1220 3786 1479 3837 transeat
1491 3779 1752 3852 populus
1766 3783 1923 3849 tuus,

261 3871 537 3933 Domine,
561 3870 578 3890 '
600 3885 793 3940 usque
816 3868 962 3923 dum
975 3868 1624 3940 pertranseatpopulus
1647 3867 1921 3938 tuusiste,

263 3974 451 4033 quem
474 3957 758 4013 liberasti.

338 4045 616 4112 Induc,et
635 4045 988 4117 plantaeum
1012 4043 1072 4099 in
1093 4046 1358 4099 montem
1382 4040 1727 4099 hereditatis
1750 4044 1881 4108 tum,
1908 4045 1925 4065 '

261 4137 325 4193 in
340 4139 680 4207 prmparata
690 4132 1060 4189 habitatione
1077 4138 1197 4197 tua,
1214 4147 1398 4204 quam
1422 4129 1775 4203 praeparasti
1800 4130 1924 4197 tibi,

262 4225 551 4291 Domine;
582 4223 993 4280 sanctuarium
1025 4226 1218 4291 tuum,
1246 4221 1409 4293 quod
1436 4224 1931 4293 przeparaverunt

260 4330 487 4372 manus
520 4318 653 4369 tuaa.

339 4422 609 4486 Domine,
634 4419 737 4492 qui
766 4434 983 4491 regnas
1008 4419 1068 4474 in
1092 4421 1402 4486 aeternum,
1438 4422 1493 4473 et
1540 4416 1599 4471 in
1643 4413 1930 4470 saeculum

228 4550 231 4553 »
266 4512 473 4568 saaculi
499 4515 555 4566 et
572 4510 791 4565 adhuc.
812 4512 830 4531 '
855 4509 1005 4573 Quia
1026 4507 1268 4562 intravit
1289 4507 1587 4579 equitatus
1610 4505 1933 4561 Pharaonis

267 4617 410 4659 cum
452 4600 761 4672 quadrigis
790 4604 847 4654 et
887 4598 1305 4653 ascensoribus
1327 4597 1389 4651 in
1420 4612 1584 4651 mare
1615 4612 1627 4649 :

344 4710 413 4765 Et
434 4706 865 4777 induxitsuper
881 4721 982 4761 eos
1005 4705 1292 4761 Dominus
1329 4719 1520 4777 aquas
1555 4701 1771 4760 maris:
1798 4702 1938 4776 'ﬁlii

266 4804 474 4857 autem
494 4796 671 4853 Israel
692 4795 1152 4852 ambulaverunt
1170 4810 1277 4866 per
1302 4793 1527 4849 siccum
1553 4808 1658 4863 per
1674 4792 1937 4848 medium

266 4904 460 4945 mare.
489 4887 825 4944 Reiteretur
859 4883 1205 4953 Antiphona
1251 4882 1366 4937 Iste
1408 4884 1577 4937 Deus.

337 4997 385 5051 Α
399 4994 440 5051 d
456 4993 835 5051 Benedictus.
853 4989 1229 5059 Antiphona.
1246 4988 1368 5044 Tibi
1386 4989 1497 5043 soli
1515 4989 1631 5043 Deo
1656 4994 1709 5042 et
1729 4987 1939 5058 gloria,

266 5090 323 5143 et
354 5084 567 5153 virtus,
604 5088 660 5137 et
686 5085 953 5154 potestas
982 5080 1040 5133 in
1066 5078 1284 5134 sascula
1321 5077 1699 5134 saeculorum.
1731 5080 1938 5146 Amen,

1950 3107 1990 3162 C

1967 4475 2009 4529 D

351 5193 692 5249 Canticum.
712 5187 1059 5243 Benedictus
1074 5202 1136 5241 es
1157 5184 1406 5241 Domine
1420 5184 1575 5240 Deus
1592 5190 1826 5256 patrum
1841 5199 1942 5239 no-

274 5289 563 5340 strorum.
602 5280 856 5349 [require
876 5277 991 5347 fol.
1026 5279 1075 5331 6.

349 5389 531 5445 Sono.
564 5388 685 5456 Ego
705 5382 982 5449 dormivi,
1006 5386 1060 5437 et
1082 5380 1280 5453 quievi
1319 5398 1330 5435 :
1376 5385 1431 5435 et
1462 5381 1943 5452 resurrexi,quo-

276 5480 445 5535 niam
464 5474 751 5532 Dominus
769 5470 1209 5536 suscitavitme,
1227 5472 1284 5525 P.
1305 5468 1497 5525 Gloria
1512 5485 1657 5525 mea.
1675 5468 1941 5525 Alleluia.

284 5567 353 5628 ἴ.
382 5569 510 5624 Non
532 5562 755 5620 timebo
766 5561 951 5617 millia
962 5560 1169 5633 populi
1189 5558 1614 5616 circumdantis
1626 5573 1723 5616 me
1748 5574 1945 5615 :exur-

537 5653 774 5708 PATROL.
808 5649 1099 5707 LXXXVI.

1414 275 1484 330 IN
1525 272 1944 332 LIETATIONE
1980 272 2126 331 DIEI
2168 273 2494 336 PASCH/E.

3560 286 3670 342 618

2016 414 2088 470 ge
2116 399 2385 468 Domine,
2402 399 2569 457 salva
2581 415 2677 457 me
2704 403 2860 459 Deus
2882 416 3073 471 meus,
3101 406 3163 459 P.
3181 404 3377 464 Gloria
3396 422 3555 466 mea.
3576 408 3672 479 At}

2016 488 2215 546 leluia.

2089 578 2319 635 Lauda.
2337 576 2582 633 Alleluia
2607 594 2618 632 :
2645 578 2904 635 Laudate
2930 580 3249 637 Dominum
3263 582 3335 639 de
3348 584 3513 641 caelis
3544 584 3668 645 :Al-

2017 665 2197 723 leluia
2222 665 2475 723 alleluia.
2512 668 2779 723 Psalmus
2811 682 3037 723 CXLVIII.

2020 756 2382 825 Principium
2414 757 2796 828 Apocalypsis
2839 758 3080 813 Joannis
3122 759 3383 829 Apostoli
3411 762 3575 832 (Cap.
3606 764 3667 833 I).

2092 855 2156 903 Re.
2186 844 2303 899 Deo
2330 844 2569 914 gratias.

2094 932 2486 1006 Apocalypsis
2523 933 2662 991 Jesu
2692 935 2922 1002 Christi,
2953 952 3139 1010 quam
3176 935 3340 994 dedit
3385 938 3467 995 illi
3516 939 3672 997 Deus

2019 1022 2222 1094 palam
2241 1022 2432 1079 facere
2455 1024 2641 1079 servis
2660 1026 2809 1086 suis,
2856 1041 2991 1098 quae
3022 1030 3256 1098 oportet
3288 1027 3415 1084 ﬁeri
3441 1028 3556 1085 cito
3580 1048 3595 1089 :
3618 1032 3679 1086 et

2020 1111 2395 1181 signiﬁcavit,
2429 1112 2668 1167 mittens
2697 1129 2803 1184 per
2832 1114 3125 1185 Angelum
3157 1131 3336 1171 suum
3369 1132 3537 1174 servo
3564 1133 3675 1176 suo

2017 1200 2254 1263 Joanni,
2281 1200 2385 1272 qui
2432 1201 2835 1257 testimonium
2886 1203 3185 1275 perhibuit
3221 1205 3408 1261 verbo
3442 1206 3565 1271 Dei,
3620 1211 3678 1264 et

2019 1288 2426 1345 testimonium
2440 1291 2584 1346 Jesu
2603 1291 2833 1356 Christi,
2854 1294 3421 1366 quaecumquevidit.
3441 1297 3670 1362 Beatus,

2015 1379 2118 1450 qui
2138 1378 2361 1448 legit,et
2386 1380 2490 1451 qui
2512 1396 2589 1435 au
2603 1380 2693 1436 dit
2718 1384 2899 1437 verba
2915 1383 3329 1454 prophetise,et
3352 1390 3549 1441 servat
3575 1401 3671 1453 ea,

2015 1484 2149 1540 quae
2178 1467 2236 1522 in
2267 1483 2337 1523 ea
2367 1469 2588 1541 scripta
2620 1475 2759 1524 sunt
2790 1486 2806 1527 :
2839 1474 3078 1542 tempus
3129 1472 3290 1527 enim
3334 1489 3522 1545 prope
3550 1480 3662 1531 est.

2012 1557 2275 1611 Joannes
2302 1562 2529 1628 septem
2561 1557 2854 1625 Ecclesiis,
2884 1574 3019 1631 quae
3046 1566 3183 1615 sunt
3207 1562 3267 1616 in
3286 1561 3441 1617 Asia.
3474 1563 3671 1620 Gratia

2011 1643 2186 1700 vobis
2217 1649 2273 1700 et
2302 1661 2419 1717 pax
2451 1645 2529 1701 ab
2562 1660 2652 1715 eo,
2680 1646 2783 1718 qui
2807 1652 2914 1712 est,
2948 1650 3125 1721 etqui
3150 1655 3295 1713 erat,
3318 1655 3371 1706 et
3392 1650 3496 1723 qui
3524 1666 3670 1707 ven-

2014 1738 2179 1789 turus
2210 1737 2298 1789 est
2322 1753 2338 1805 ;
2367 1739 2422 1789 et
2452 1750 2487 1789 a
2524 1739 2754 1805 septem
2786 1735 3110 1808 spiritibus,
3141 1738 3242 1810 qui
3267 1739 3325 1793 in
3346 1744 3674 1811 conspectu

2014 1822 2359 1893 throniejus
2386 1826 2556 1888 sunt;
2588 1828 2644 1878 et
2692 1839 2728 1878 a
2755 1823 2894 1879 Jesu
2940 1825 3188 1890 Christo,
3240 1826 3343 1899 qui
3391 1832 3480 1882 est
3510 1827 3674 1883 testis

2014 1909 2227 1976 ﬁdelis,
2261 1911 2697 1982 primogenitus
2741 1916 3140 1979 mortuorum,
3183 1920 3239 1969 et
3262 1914 3541 1987 princeps
3590 1930 3678 1970 re-

2014 2014 2158 2069 gum
2218 2004 2386 2055 terrae
2421 2020 2432 2059 :
2476 2000 2579 2072 qui
2619 2000 2823 2057 dilexit
2851 2017 2985 2068 nos,
3025 2006 3081 2056 et
3102 2001 3245 2058 lavit
3272 2018 3383 2058 nos
3415 2018 3680 2075 apecca-

2015 2086 2090 2141 tis
2116 2088 2332 2143 nostris
2370 2087 2430 2142 in
2459 2088 2749 2157 sanguine
2778 2104 2909 2153 suo,
2930 2094 2985 2144 et
3013 2088 3155 2144 fecit
3182 2105 3293 2145 nos
3314 2104 3589 2161 regnum,
3624 2095 3680 2147 et

2016 2175 2356 2231 sacerdotes
2386 2176 2504 2231 Deo
2536 2176 2685 2231 Patri
2727 2193 2835 2232 suo
2868 2193 2885 2230 :
2919 2177 3031 2247 ipsi
3063 2176 3256 2248 gloria
3312 2177 3370 2232 in
3429 2178 3670 2235 saecula.

2017 2266 2163 2319 Ecce
2185 2264 2344 2319 venit
2360 2280 2498 2319 cum
2521 2264 2804 2329 nubibus,
2833 2264 3053 2320 etvidit
3075 2281 3212 2321 eum
3228 2266 3427 2322 omnis
3445 2266 3689 2335 oculus,

2017 2356 2073 2407 et
2093 2352 2197 2424 qui
2225 2368 2363 2407 eum
2395 2358 2801 2423 pupugerunt.
2832 2356 2898 2408 Et
2928 2353 3219 2425 plangent
3242 2370 3304 2409 se
3332 2370 3511 2427 super
3540 2371 3678 2425 eum

2018 2457 2229 2497 omnes
2244 2440 2434 2497 tribus
2450 2446 2638 2496 terrae.
2666 2444 2787 2511 Ego
2806 2458 2939 2497 sum
2955 2442 3168 2514 Alpha,
3187 2447 3240 2498 et
3254 2444 3498 2513 Omega,
3515 2443 3677 2515 prin-

2020 2530 2265 2602 cipium,
2293 2535 2349 2584 et
2374 2530 2535 2595 ﬁnis,
2557 2528 2698 2586 dicit
2720 2530 3007 2586 Dominus
3028 2531 3202 2600 Deus,
3229 2532 3460 2603 quiest,
3487 2536 3544 2586 et
3568 2532 3674 2604 qui

2020 2624 2166 2686 erat,
2198 2623 2253 2674 et
2278 2617 2381 2690 qui
2412 2622 2692 2674 venturus
2725 2623 2829 2684 est,
2864 2620 3265 2691 omnipotens.
3298 2631 3361 2688 Βε.
3392 2624 3600 2676 Amen.

2698 2709 2991 2778 Hymnus.

2342 2794 2443 2850 Hic
2482 2795 2719 2851 estdies
2760 2812 2937 2851 verus
2968 2796 3069 2851 Dei

2276 2884 2488 2939 Sancto
2523 2898 2771 2939 serenus
2791 2883 3039 2939 lumine.

2275 2974 2403 3037 Quo
2434 2971 2602 3027 diluit
2628 2971 2877 3041 sanguis
2908 2988 3073 3027 sacer

2279 3060 2571 3117 Probrosa
2611 3061 2821 3117 mundi
2854 3063 3095 3117 crimina
3139 3079 3152 3116 :

2353 3149 2555 3205 Fidem
2582 3149 2908 3206 refundens
2950 3151 3217 3223 perditis,

2278 3240 2605 3310 Ccecosque
2645 3238 2775 3293 visu
2811 3238 3182 3304 illuminans,

2280 3328 2408 3391 Quo
2440 3342 2549 3380 nos
2582 3326 2746 3393 gravi
2788 3326 2964 3381 solvit
2995 3334 3178 3396 metu,

2281 3416 2547 3473 Latronis
2580 3415 2897 3471 absolutio.

2351 3504 2460 3570 Qui
2492 3504 2735 3576 praemio
2766 3509 3009 3559 mutans
3031 3518 3293 3569 crucem,

2277 3595 2410 3648 Jesu
2441 3591 2607 3648 brevi
2630 3591 2956 3665 adquisivit
2982 3592 3167 3648 tidem
3199 3610 3211 3646 :

2276 3684 2561 3753 Iustoque
2581 3680 2821 3737 brevior
2852 3680 3046 3751 gradu

2280 3770 2553 3827 Pervenit
2585 3771 2644 3825 in
2676 3786 2927 3840 regnum
2963 3769 3087 3826 Dei.

2353 3863 2473 3916 Hoc
2498 3876 2652 3932 opus
2675 3864 2919 3930 stupent
2944 3858 3171 3927 Angeli,

2288 3950 2523 4004 Paanam
2547 3948 2811 4003 videntes
2838 3947 3131 4017 corporis;

2286 4036 2633 4107 Christoque
2667 4035 3072 4089 adhaerentem
3102 4048 3275 4089 reum

2288 4124 2478 4180 Vitam
2512 4124 2751 4179 beatam
2782 4137 3010 4194 capere.

2363 4212 2702 4285 Mysterium
2730 4208 2988 4266 mirabile
3020 4209 3033 4264 l

2292 4304 2362 4357 Ut
2391 4300 2598 4358 abluat
2629 4298 2839 4355 mundi
2871 4298 3054 4363 luem,

2293 4392 2543 4446 Peccata
2566 4388 2732 4445 tollat
2750 4387 3022 4443 omnium

2296 4480 2499 4536 Carnis
2527 4479 2665 4535 vitia
2694 4477 2998 4533 mundans
3024 4492 3183 4546 caro,

2354 4570 2541 4642 ¹37],
2582 4568 2731 4634 Quid
2762 4568 2875 4622 hoc
2903 4573 3094 4640 potest
3125 4566 3453 4636 sublimius,

2300 4664 2366 4717 Ut
2391 4660 2628 4731 culpam
2662 4662 2893 4731 quaerat
2917 4657 3107 4726 gratia
3125 4657 3153 4710 ‘?

2298 4752 2633 4820 Metumque
2674 4746 2867 4802 solvat
2890 4746 3167 4809 charitas,

2300 4838 2647 4908 Reddatque
2674 4852 2837 4892 mors
2867 4835 3051 4891 vitam
3084 4851 3303 4891 novam
3332 4835 3360 4890 ?

2371 4928 2620 4982 Hamum
2664 4925 2777 4982 sibi
2810 4941 2972 4980 mors
2993 4925 3253 4990 devoret,

2302 5018 2553 5089 Suisque
2594 5032 2655 5071 se
2695 5015 2868 5071 nodis
2892 5014 3080 5085 liget?

2302 5107 2576 5164 Moriatur
2618 5106 2741 5161 Vita
2773 5105 3111 5171 hominum,

2307 5200 2593 5265 Resurgat
2625 5195 2760 5250 Vita
2789 5195 3061 5250 omnium
3083 5192 3109 5245 ?

2378 5288 2529 5341 Dum
2565 5300 2725 5340 mors
2749 5300 2848 5355 per
2873 5300 3083 5339 omnes
3116 5288 3394 5350 transeat,

2307 5378 2525 5433 Omnes
2552 5378 2869 5443 resurgant
2901 5372 3120 5429 mortui
3144 5371 3171 5425 ?

2306 5467 2697 5536 Comsumpta
2723 5478 2886 5518 mors
2915 5463 3035 5518 ictu
3071 5476 3205 5527 suo,

2308 5553 2535 5611 Perisse
2565 5567 2626 5610 se
2656 5551 2848 5610 solam
2878 5550 3124 5625 gemat?
3368 5631 3436 5685 20
