4194 6474
561 369 668 431 619

877 497 1254 564 οαωειιωιιει,
1282 497 1488 554 auctor
1511 494 1800 561 omnium,

806 589 871 642 ln
899 586 1014 642 hoc
1041 585 1308 642 Paschali
1335 585 1556 656 gaudio

805 672 896 729 Ab
949 672 1116 730 omni
1151 673 1357 729 mortis
1395 673 1621 746 impetu

807 763 997 818 Tuum
1022 760 1272 817 defende
1299 761 1614 832 populum.

878 848 1074 906 Gloria
1103 848 1231 914 tibi,
1259 849 1532 916 Domine,

809 937 921 1002 Qui
954 935 1252 992 surrexisti
1275 953 1311 992 a
1351 936 1600 992 mortuis
1625 953 1638 1002 ;

813 1025 959 1080 Cum
989 1026 1175 1094 Patre,
1225 1025 1438 1080 Sancto
1476 1023 1712 1095 Spiritu,

808 1109 877 1166 In
903 1110 1262 1183 sempiterna
1292 1110 1536 1166 smcula.

873 1203 1082 1255 Amen.

626 1287 1020 1358 Supplicatio.
1043 1285 1763 1360 OremusRedemptorem
1787 1284 2205 1341 mundiDomi-

555 1391 703 1434 num
721 1379 994 1431 nostrum
1011 1373 1039 1429 J
1044 1390 1213 1430 esum
1228 1375 1550 1430 Christum:
1573 1391 1710 1432 cum
1731 1373 1894 1430 omni
1908 1373 2201 1445 supplica-

559 1464 716 1520 tione
751 1477 1036 1532 rogemus
1060 1477 1074 1527 ;
1102 1467 1168 1518 ut
1189 1477 1302 1518 nos
1355 1461 1543 1532 gloria
1593 1461 2038 1518 resurrectionis
2076 1476 2201 1516 suae

556 1551 844 1624 propitius
881 1549 1209 1620 justiﬁeare
1266 1550 1560 1621 dignetur.
1609 1563 1672 1622 Βτ.
1727 1551 1948 1606 Praesta
1987 1554 2202 1605 mterne

557 1637 942 1712 omnipotens
970 1638 1143 1694 Deus.

626 1727 822 1798 Kyrie,
889 1725 1112 1782 eleison
1155 1742 1170 1778 :
1209 1725 1282 1788 tr.

560 1814 804 1871 eleison.

627 1903 928 1971 Capitula.
962 1900 1184 1958 Christe
1205 1901 1306 1957 Dei
1323 1902 1517 1968 Filius,
1549 1903 1651 1974 qui
1690 1902 2046 1958 venerabilis
2076 1901 2192 1956 diei

552 1989 735 2060 hujus
766 2005 1102 2054 excursum,
1123 1993 1179 2044 et
1197 1989 1361 2061 prius
1386 1995 1494 2045 ate
1518 1990 1770 2046 conditae
1793 1991 1960 2056 lucis,
1979 1995 2035 2045 et
2060 1993 2196 2061 post

553 2092 711 2133 veras
738 2077 1181 2132 resurrectionis
1195 2083 1308 2132 tuae
1332 2078 1629 2149 mysteriis
1650 2080 2026 2141 consecrasti,
2051 2078 2199 2132 dum

553 2164 840 2235 singulari
866 2164 1130 2236 trophaeo
1159 2165 1556 2238 triumphator
1578 2165 1792 2221 inferni
1825 2166 1966 2231 olim
1992 2167 2050 2220 in
2087 2165 2201 2220 hoc

551 2251 649 2308 die
669 2252 900 2308 devicto
925 2251 1166 2308 diabolo
1184 2253 1590 2324 triumphasti;
1612 2253 1691 2309 da
1716 2253 1908 2317 nobis,
1927 2257 1989 2308 ut
2011 2252 2202 2318 deLse-

555 2339 809 2412 pulchro
838 2339 1112 2395 vitiorum
1143 2356 1426 2420 exeamus
1447 2341 1517 2396 ad
1544 2346 1596 2396 te
1617 2334 1819 2396 lumen
1849 2357 2074 2409 verum,
2098 2339 2200 2412 qui

558 2442 626 2484 es
651 2426 1093 2484 resurrectionis
1122 2432 1339 2484 nostrae
1360 2427 1708 2500 principium
1735 2443 1748 2483 :
1780 2433 1862 2494 ut,
1894 2428 2031 2499 quia
2057 2429 2117 2482 in
2147 2432 2202 2482 te

555 2531 724 2572 mors
752 2514 907 2571 ultra
924 2514 1087 2571 nullo
1109 2515 1292 2571 modo
1317 2515 1745 2588 dominabitur,
1770 2533 1871 2588 per
1886 2532 2074 2571 veram
2099 2518 2187 2571 Re.

557 2602 942 2659 surrectionis
959 2608 1064 2659 tuae
1077 2604 1418 2676 potentiam,
1441 2621 1625 2677 quam
1649 2605 1956 2660 verissime
1972 2605 2201 2676 profite-

558 2709 714 2760 mur,
732 2699 969 2766 peccata
998 2693 1426 2750 nostraamodo
1439 2695 1613 2750 nobis
1643 2695 1982 2750 nullatenus
2014 2693 2202 2750 domi-

555 2788 774 2839 nentur
790 2799 803 2850 ;
821 2786 886 2837 ut
904 2783 1006 2854 qui
1021 2785 1373 2838 matutinum
1393 2783 1749 2839 sacriﬁcium
1772 2799 1882 2855 pro
1894 2783 2065 2838 nobis
2081 2784 2201 2853 ipse

559 2870 797 2928 oblatus
823 2886 907 2934 es,
939 2871 997 2925 in
1019 2871 1133 2926 hoc
1155 2871 1614 2927 Besurrectionis
1645 2877 1759 2927 tua;
1792 2878 2056 2943 tempore
2080 2887 2201 2927 ma-

556 2957 744 3014 tutino
768 2958 846 3014 ab
871 2958 1037 3014 omni
1057 2973 1168 3014 nos
1205 2959 1421 3030 jubeas
1463 2959 1754 3031 puriﬁcari
1777 2959 2028 3032 piaculo.

625 3046 795 3103 Pater
823 3052 1039 3103 noster.
1076 3046 1323 3103 Liberati
1353 3065 1388 3102 θ.
1418 3048 1576 3104 malo
1610 3049 1724 3117 fol.
1757 3052 1816 3104 2.

625 3132 928 3190 Dominus.
956 3146 1020 3204 Bp.
1047 3137 1292 3191 Etcum.
1342 3126 1362 3148 ⁵

631 3221 856 3277 Lauda.
871 3223 1129 3278 Surrexit
1148 3223 1412 3277 Christus
1425 3237 1460 3278 a
1481 3223 1748 3278 mortuis.
1761 3221 2001 3276 Alleluia
2018 3221 2076 3276 P.
2096 3225 2198 3276 Per

557 3307 802 3380 gloriam
830 3309 1030 3365 Patris.
1060 3310 1324 3375 Alleluia,
1340 3309 1926 3366 alleluia.v.Cantate
1952 3310 2194 3366 Domino

555 3397 846 3453 canticum
868 3413 1084 3453 novum
1113 3416 1125 3450 :
1153 3397 1298 3469 quia
1327 3397 1614 3452 mirabilia
1657 3397 1805 3452 fecit.
1837 3400 1892 3451 P.
1919 3398 2027 3451 Per
2074 3397 2194 3468 glo-

551 3487 730 3542 riam.
763 3483 829 3544 γ.
863 3485 1073 3549 Gloria,
1098 3491 1154 3540 et
1182 3487 1374 3540 honor
1396 3486 1565 3540 Patri.
1594 3488 1653 3540 P.
1681 3485 1789 3540 Per
1819 3485 2090 3557 gloriam.

629 3573 980 3629 Benedictio.
1005 3571 1272 3628 Christus
1299 3573 1605 3639 Dominus,
1639 3572 1744 3645 qui
1767 3574 2055 3640 ascendit,
2086 3579 2193 3631 etc.

554 3659 659 3730 fol.
697 3661 820 3713 367.

661 3747 728 3801 In
765 3746 1006 3802 nomine
1047 3745 1276 3802 Domini
1306 3747 1490 3802 nostri
1523 3748 1664 3802 Jesu
1695 3747 1924 3816 Christi,
1956 3753 2065 3805 etc.

1135 3835 1235 3889 Ad
1274 3835 1607 3903 Vesperum.

626 3923 857 3980 Lauda.
893 3922 1309 3979 Laudaverunt
1338 3928 1410 3994 te,
1441 3925 1708 3990 Domine,
1743 3940 1954 3982 omnes
1983 3926 2198 3996 Angeli

555 4007 660 4073 tui,
683 4015 738 4066 et
762 4010 1058 4082 hymnum
1083 4011 1372 4077 dixerunt,
1399 4011 1543 4067 dum
1566 4012 1879 4084 perﬁceres
1908 4015 2197 4072 fabricam

554 4097 701 4155 caeli.
734 4098 888 4154 Tuus
926 4105 1013 4154 est
1042 4097 1193 4166 dies,
1225 4105 1281 4155 et
1311 4104 1413 4155 tua
1451 4106 1540 4155 est
1586 4116 1705 4156 nox
1740 4117 1753 4156 :
1786 4102 1856 4157 Ρ.
1889 4105 1971 4157 Tu
2014 4102 2197 4158 fecisti

554 4184 739 4241 solem
763 4190 820 4242 et
857 4184 1092 4242 lunam.
1127 4185 1188 4247 Ψ.
1221 4189 1304 4242 'l‘u
1333 4186 1698 4244 conﬁrmasti
1729 4189 1790 4244 in
1841 4190 2050 4244 virtute
2098 4197 2197 4246 tua

551 4287 716 4329 mare
754 4287 766 4328 :
799 4271 884 4329 Tu
937 4273 1349 4330 contribulasti
1403 4276 1600 4345 capita
1635 4276 1967 4332 draconum
2005 4293 2184 4350 super

552 4375 772 4432 aquas.
810 4363 879 4417 P.
911 4364 995 4418 Tu
1024 4361 1231 4419 fecisti.

626 4448 850 4503 Oratio.
893 4449 1161 4505 Laudant
1186 4455 1260 4520 te,
1293 4449 1559 4515 Domine,
1593 4467 1802 4507 omnes
1829 4453 2036 4524 Angeli
2066 4455 2190 4524 tui;

1719 389 1725 396 ·
1816 366 2265 430 BREVIARIUM
2312 361 2701 429 GO‘i‘HlCUM.

2243 495 2290 550 A
2390 495 2754 565 Antiphona.
2777 493 3036 550 Absorta
3059 491 3145 548 est
3173 504 3336 547 mors
3368 488 3430 546 in
3449 473 3726 546 victoria.
3753 486 3868 544 Ubi
3892 489 3976 544 est

1372 1726 1613 1793 Christe,
1692 1725 1913 1782 eleison
1949 1743 1963 1779 :
2006 1725 2230 1797 Kyrie,'

3873 356 3979 421 Μ
4081 313 4085 322 .

2319 601 2480 642 mors
2501 583 2739 639 victoria
2753 586 2857 638 tua
2871 582 2899 636 ?
2915 582 2977 636 P.
3004 579 3112 636 Ubi
3131 582 3216 635 est
3237 594 3399 635 mors
3426 576 3678 634 aculeus
3708 579 3855 632 tuus
3867 578 3895 633 ‘?
3912 577 3971 636 ῒ.

2317 674 2551 743 PrOpter
2581 671 2882 726 miseriam
2908 667 3178 741 inopum,
3207 670 3263 723 et
3292 665 3583 737 gemitum
3610 679 3970 737 pauperum,

2314 775 2474 815 nunc
2513 774 2823 828 exurgam,
2855 756 2996 813 dicit
3014 756 3325 811 Dominus.
3353 755 3588 829 Ponam
3613 753 3679 808 in
3733 751 3974 809 salutari

2317 855 2416 903 tuo
2449 864 2460 902 :
2493 846 2848 902 ﬁducialiter
2869 860 3048 914 agam
3070 844 3130 900 in
3150 859 3241 901 eo.
3267 845 3326 898 P.
3357 842 3463 899 Ubi
3488 842 3635 900 est?
3661 841 3730 902 ἰν.
3758 841 3970 907 Gloria,

2313 940 2368 991 et
2396 936 2608 992 honor.
2643 934 2703 989 P.
2738 934 2844 990 Ubi
2871 935 3004 988 est?

2384 1023 2668 1079 Dominus
2699 1023 2794 1078 sit.
2835 1033 2899 1092 Rt.
2931 1024 2996 1077 Et
3026 1037 3207 1077 cum“

2383 1112 2610 1166 Lauda.
2641 1109 2953 1165 Redemisti
2980 1125 3115 1177 nos,
3148 1106 3416 1173 Domine,
3449 1106 3759 1176 sanguine
3779 1107 3882 1162 tuo
3905 1121 3972 1163 ex

2311 1198 2667 1265 omnitribu,
2687 1203 2743 1253 et
2759 1197 2964 1269 lingua
2994 1212 3006 1252 :
3038 1197 3101 1251 P.
3135 1199 3200 1251 Et
3219 1195 3406 1252 fecisti
3433 1209 3548 1250 nos
3567 1209 3834 1264 regnum
3856 1195 3970 1252 Deo
4013 1215 4033 1243 κ

2310 1291 2530 1341 nostro.
2547 1285 2810 1340 Alleluia.
2842 1284 2902 1344 Ψ.
2932 1285 3180 1340 Domine
3200 1285 3357 1339 Deus
3377 1283 3674 1339 virtutum
3695 1289 3972 1338 converte

2310 1388 2420 1428 nos
2449 1390 2462 1429 :
2496 1372 2813 1429 etostende
2835 1371 3044 1428 faciem
3064 1376 3252 1437 tuam,
3277 1375 3334 1426 et
3355 1369 3510 1426 salvi
3532 1372 3791 1427 erimus.
3820 1371 3882 1427 P.
3910 1373 3971 1427 Et

2311 1461 2493 1516 fecisti
2519 1477 2648 1517 nos.
2670 1459 2732 1521 tr.
2763 1460 2977 1529 Gloria,
3001 1463 3058 1515 et
3076 1459 3270 1514 honor
3299 1459 3476 1514 Patri.
3505 1461 3569 1515 P.
3599 1461 3668 1514 Et
3692 1458 3900 1516 fecisti.

2380 1549 2666 1619 Hymnus.
2693 1549 2791 1604 Hic
2813 1554 2897 1604 est
2919 1548 3044 1602 dies
3057 1563 3255 1604 verus.
3279 1547 3696 1616 Supplicatz'o.
3723 1549 3966 1605 Oremus

2311 1638 2764 1710 Redemptorem
2789 1636 3017 1692 mundi.
3053 1635 3161 1691 Hic
3186 1631 3396 1700 supra.

2382 1727 2676 1795 Capitula.
2697 1727 2872 1789 Deus,
2895 1724 3066 1794 cujus
3079 1739 3267 1778 unum
3289 1722 3453 1777 hunc
3475 1739 3550 1779 ex
3565 1723 3853 1779 omnibus
3867 1723 3967 1779 dn«

2235 1834 2279 1888 Β
2309 1814 2503 1868 ximus
2531 1811 2710 1876 diem,
2741 1811 2801 1867 in
2827 1827 2948 1884 quo
2979 1811 3188 1866 creatis
3211 1810 3391 1866 rebus
3418 1812 3712 1867 omnibus
3739 1811 3966 1868 voluisti

2309 1917 2436 1956 esse
2463 1900 2842 1972 etpraesentis
2882 1900 3031 1954 lucis
3065 1898 3347 1979 indicem,
3384 1903 3442 1954 et
3479 1901 3690 1956 aeterni
3732 1899 3964 1955 luminis

2311 1994 2629 2052 testem,'ut
2655 1989 2712 2043 in
2743 2004 2813 2043 eo
2832 1991 3167 2058 resurgeret
3197 1987 3588 2043 inmminatio
3608 1992 3962 2059 temporum,

2309 2084 2485 2150 atque
2498 2081 2830 2145 resurgeret
2842 2075 3216 2131 inluminatio
3231 2075 3576 2132 animarum
3596 2091 3610 2130 :
3625 2077 3840 2148 quique
3855 2078 3962 2130 Do-

2310 2167 2541 2221 minicaa
2568 2171 2624 2220 et
2649 2164 3012 2235 operationis
3029 2165 3282 2236 primus,
3305 2163 3974 2243 etresurrectionisido-_

2308 2271 2457 2310 neus
2487 2253 2784 2310 revolutus
2811 2255 2869 2308 in
2900 2253 3138 2321 circulo,
3171 2257 3227 2307 et
3265 2252 3556 2308 reductus
3603 2253 3659 2307 in
3705 2251 3958 2318 calculo,

2311 2341 2614 2398 Paschalis
2636 2340 3026 2396 solemnitatis
3051 2339 3338 2412 inciperet
3359 2341 3740 2412 mysterium,
3761 2344 3817 2395 et
3830 2353 3966 2395 con-

2311 2429 2573 2485 cluderet
2588 2433 3016 2485 sacramentum
3039 2446 3052 2496 ;
3067 2429 3294 2500 respice
3314 2428 3428 2499 3'7
3444 2430 3497 2498 2
3514 2430 3573 2483 in
3584 2428 3703 2484 hoc
3716 2434 3967 2499 tempore

2310 2517 2677 2588 acceptabili,
2716 2523 2771 2571 et
2794 2517 2850 2571 in
2875 2516 2987 2571 hac
3018 2516 3113 2570 die
3135 2515 3343 2572 salutis
3369 2531 3556 2588 super
3582 2530 3792 2571 servos
3818 2520 3965 2579 tuos,

2312 2604 2577 2671 Domine,
2633 2620 2786 2676 quos
2824 2603 3121 2658 redemisti
3169 2603 3244 2658 de
3301 2604 3646 2675 captivitate
3688 2601 3967 2675 nequitiae

2310 2693 2598 2764 spirituali
2627 2691 2893 2762 trophaeo
2915 2691 3227 2748 Dominicas
3249 2690 3564 2763 passionis
3599 2708 3612 2746 :
3635 2707 3798 2763 quos
3825 2689 3968 2760 Agni

2309 2782 2390 2835 tui
2415 2781 2705 2849 sanguine
2725 2780 2961 2844 tinctos,
2989 2794 3064 2834 ne
3089 2783 3357 2835 vastator
3383 2779 3651 2843 laederet,
3670 2778 3967 2849 liber-esti;

2312 2871 2444 2924 Esto
2475 2867 2648 2923 nobis
2672 2866 2929 2938 praevius
2947 2869 3004 2921 in
3035 2867 3353 2922 solitudine
3375 2868 3513 2924 vitae
3539 2867 3756 2937 hujus,
3782 2881 3904 2939 quo
3923 2870 3973 2922 et

2309 2956 2369 3012 in
2399 2957 2494 3011 die
2525 2957 2786 3011 calorem
2816 2955 3153 3012 tentationis
3182 2962 3401 3012 nostrae
3429 2957 3608 3028 quasi
3631 2956 3835 3012 nubes
3857 2970 3976 3028 pro-

2307 3049 2512 3114 tegens
2563 3043 2905 3110 obumbres,
2943 3049 3000 3098 et
3039 3044 3098 3099 in
3122 3050 3296 3100 nocte
3331 3059 3367 3099 a
3398 3044 3668 3100 tenebris
3701 3049 3974 3116 peceato-

2308 3148 2440 3186 rum
2468 3149 2578 3187 nos
2602 3133 2772 3204 quasi
2805 3132 3086 3187 columna
3114 3133 3268 3201 ignis
3301 3133 3631 3188 inlumines
3668 3148 3684 3188 :
3717 3138 3809 3198 ut,
3839 3132 3977 3188 dum

2309 3222 2451 3276 ades
2479 3221 2554 3275 ad
2580 3221 2850 3286 salutem,
2885 3221 3179 3293 perducas
3210 3222 3286 3274 ad
3316 3222 3610 3292 requiem.

2380 3309 2550 3363 Pater
2581 3315 2796 3363 noster.
2840 3309 3090 3363 Liberati
3122 3325 3158 3364 a
3190 3307 3368 3373 malo,
3412 3315 3525 3364 etc.
3563 3309 3686 3379 fol.
3732 3314 3796 3367 2.

2380 3397 2735 3452 Benedictio.
2763 3396 3026 3452 Christus
3053 3397 3365 3466 Dominus,
3381 3398 3487 3469 qui
3501 3397 3670 3453 diem
3694 3399 3882 3455 istum
3898 3413 3979 3454 re-

2307 3485 2687 3539 surrectionis
2710 3501 2833 3540 suae
2863 3486 3232 3541 consecravit
3269 3487 3582 3557 mysterio,
3617 3487 3977 3559 resurgendi

2305 3572 2476 3627 vobis
2517 3572 2778 3642 praebeat
2806 3574 3134 3629 efﬁcaciam
3167 3589 3204 3629 a
3235 3574 3450 3630 delicto
3476 3590 3490 3640 ;
3516 3586 3583 3644 ﬁ.
3635 3579 3859 3632 Amen.
3896 3578 3974 3644 Et,

2305 3660 2406 3731 qui
2438 3661 2579 3715 olim
2610 3661 2900 3716 hodierna
2926 3662 3020 3716 die
3051 3662 3353 3718 amortuis
3383 3663 3742 3735 resurrexit,
3776 3665 3978 3720 morti-

2304 3749 2595 3803 ﬁcationis
2607 3750 2967 3804 omnimodae
2980 3751 3146 3805 vobis
3161 3751 3477 3806 conferens
3494 3751 3740 3807 donum
3752 3791 3767 3815 ,
3781 3767 3978 3809 resur-

2306 3850 2440 3904 gere
2458 3852 2564 3891 vos
2587 3835 2765 3892 faciat
2786 3837 3111 3892 cmlestium
3123 3837 3286 3893 dono
3308 3839 3601 3894 virtutum
3625 3856 3639 3895 :
3668 3851 3739 3912 ﬁ.
3768 3846 3974 3898 Amen.

2308 3925 2375 3979 Ut
2399 3922 2459 3978 in
2482 3939 2551 3979 eo
2584 3939 2820 3996 semper
2849 3926 3029 3980 vitam
3059 3925 3351 3990 habeatis,
3387 3930 3450 3980 in
3499 3927 3683 3998 cujus
3717 3935 3976 3986 mortem

2306 4012 2689 4084 consepultos
2721 4029 2829 4068 vos
2871 4029 2999 4068 esse
3029 4014 3322 4084 gaudetis.
3358 4025 3422 4085 Βι.
3461 4016 3685 4072 Amen.

2319 4158 2330 4165 ,
2377 4107 2479 4159 Per
2510 4103 3001 4158 misericordiam.

2374 4191 2602 4247 Lauda.
2622 4191 2900 4247 Tulerunt
2923 4191 3247 4247 Dominum
3276 4204 3504 4261 meum,
3530 4199 3589 4251 et
3609 4196 3844 4261 nescio,
3877 4197 3978 4254 ubi

2305 4285 2635 4351 posuerunt
2681 4295 2839 4334 eum.
2898 4281 2957 4334 P.
3007 4280 3135 4336 Noli
3186 4280 3349 4346 ﬂere,
3382 4283 3565 4338 Maria
3597 4300 3615 4337 :
3648 4287 3979 4342 resurrexit

2303 4367 2608 4423 Dominus.
2659 4366 2925 4434 Alleluia,
2962 4367 3218 4425 alleluia.
3264 4368 3327 4429 γ.
3385 4372 3621 4428 Etenim
3680 4373 3978 4431 Dominus

2303 4455 2470 4511 dabit
2488 4455 2966 4512 benedictionem
2993 4473 3007 4512 :
3035 4461 3094 4513 et
3115 4462 3270 4514 terra
3290 4457 3747 4519 dabitfructum
3772 4479 3973 4520 suum.

553 4535 701 4592 dum
727 4551 763 4590 a
792 4542 844 4591 te
857 4551 918 4591 se
932 4542 1160 4593 creatos
1180 4517 1516 4608 agnoscunt
1546 4560 1559 4594 :
1589 4545 1645 4595 et
1669 4517 1955 4597 cunctam
1973 4517 2194 4600 creatu;
2224 4517 2268 4572 D
2305 4547 2361 4600 P.
2390 4543 2516 4600 Noli
2549 4544 2710 4608 ﬂere,
2750 4545 2946 4601 Maria.
2978 4544 3040 4606 li.
3073 4546 3290 4614 Gloria,
3351 4553 3408 4604 et
3447 4517 3975 4609 honorVPatrvi:

553 4640 684 4682 ram
702 4624 998 4681 caelestem
1015 4632 1192 4698 atque
1208 4632 1566 4683 terrenamte
1577 4629 1851 4701 opiﬁcem
1872 4631 2194 4690 subsistere
2302 4631 2426 4688 Noli
2458 4631 2618 4701 ﬂere,
2661 4632 2858 4690 Maria.

553 4729 625 4771 ac
657 4713 895 4786 disponi
919 4729 1041 4771 non
1069 4714 1402 4785 ambigunt.
1422 4715 1589 4773 Dona
1610 4732 1752 4787 ergo
1769 4719 2064 4776 mentibus
2090 4737 2196 4778 no-
2375 4721 2600 4778 Oratio.
2634 4720 2871 4790 Christe,
2903 4725 3004 4793 qui
3034 4723 3176 4780 olim
3225 4723 3500 4794 gloriosae
3530 4728 3737 4794 noctis
3790 4728 3977 4801 hujus

552 4803 685 4858 stris
713 4802 772 4859 in
800 4802 1081 4860 omnibus
1101 4803 1381 4876 operibus
1405 4804 1520 4861 tuis
1537 4805 1639 4862 tibi
1652 4807 1902 4877 gloriam
1928 4808 2070 4865 dare
2098 4825 2112 4876 ;
2135 4818 2194 4867 et
2301 4809 2630 4866 diluculum
2649 4813 3094 4870 resurrectionis
3119 4818 3232 4872 tuae
3259 4816 3546 4888 mysterio
3569 4819 3973 4887 consecrasti,

552 4894 606 4976 te
625 4891 809 4948 solem
826 4893 1072 4964 justitiaa
1103 4899 1388 4967 perpetuo
1414 4894 1586 4950 nobis
1614 4895 1844 4967 fulgore
1872 4897 2195 4955 clarescere
2302 4898 2448 4954 dum
2485 4898 2714 4970 primus
2758 4899 2884 4970 ipse
2912 4915 3252 4975 numquam
3300 4905 3672 4976 moriturus,
3720 4916 3782 4966 et
3823 4923 3978 4965 veras

550 4975 754 5033 lumen
784 4997 798 5032 :
828 4984 1123 5052 quatenus
1147 4987 1469 5039 nocturnas
1493 4983 1772 5040 tenebras
1818 4990 1921 5041 tua
1960 5001 2196 5058 semper
2302 4986 2576 5058 primitiae
2615 4987 3037 5044 dormientium
3064 4990 3365 5046 surrexisti
3393 5009 3409 5048 :
3436 4991 3520 5048 da
3557 4975 3774 5063 nobis,
3804 5001 3869 5051 ut
3915 4996 3981 5052 in

551 5063 861 5156 valeamus
897 5067 1347 5156 inluminatione
1375 5072 1577 5128 vitare.
1603 5083 1673 5142 ﬁ.
1707 5076 1920 5128 Amen.
2303 5078 2358 5130 te
2388 5089 2769 5144 resurgamus
2788 5091 2824 5132 a
2851 5075 3022 5144 vitiis,
3064 5082 3120 5133 et
3146 5079 3304 5134 vires
3328 5095 3695 5153 reparemus
3721 5084 3978 5156 perditas

621 5156 725 5209 Per
763 5155 1250 5229 misericordiam,
1283 5165 1392 5216 etc.
2302 5162 2570 5218 sanitatis
2604 5179 2617 5231 ;
2651 5168 2714 5218 ut
2736 5163 2796 5218 in
2823 5167 2878 5220 te
2915 5165 3288 5222 viviﬁcemur
3309 5168 3389 5224 ad
3417 5173 3648 5227 statum
3673 5155 3840 5230 versa
3877 5188 3975 5229 sa-

617 5241 790 5299 Sono.
811 5243 916 5300 Ubi
931 5251 1022 5302 est
1044 5263 1202 5302 mors
1223 5248 1468 5303 victoria
1494 5251 1593 5303 tua
1611 5246 1753 5302 ?ubi
1773 5251 2033 5305 estmors
2057 5265 2194 5308 acu~

545 5330 675 5388 leus
703 5339 837 5388 tuus
857 5333 885 5388 Τ
913 5335 1218 5390 Resurrexi
1252 5353 1266 5393 ε
1299 5335 1440 5390 dicit
1464 5336 1750 5390 Dominus
1781 5353 1794 5392 :
1830 5337 2094 5395 Alleluia.
2126 5340 2187 5400 νιν.

544 5419 791 5492 Propter
813 5421 1116 5480 miseriam
1145 5423 1417 5492 inopum,
1439 5427 1497 5477 et
1518 5425 1805 5492 gemitum
1826 5441 2181 5499 pauperum,

543 5523 706 5564 nunc
734 5525 1041 5580 exurgam,
1074 5507 1216 5564 dicit
1246 5510 1553 5566 Dominus.
1585 5507 1854 5569 Alleluia.

615 5595 906 5656 Dominus
938 5598 1035 5656 sit.
1075 5607 1147 5669 ἢ.
1184 5597 1442 5656 Etcum.

2298 5249 2458 5319 Iutis,
2483 5251 2586 5320 qui
2616 5265 2725 5322 pro
2754 5251 2928 5307 nobis
2960 5269 3023 5308 es
3045 5255 3436 5312 mortiﬁcatus
3465 5273 3674 5332 usque
3706 5261 3795 5319 ad
3830 5276 3974 5335 sup-

2299 5339 2540 5411 plicium
2573 5340 2789 5395 Crucis.
2824 5352 2890 5411 nr.
2920 5345 3130 5398 Amen.

2367 5431 2472 5482 Per
2497 5428 2970 5485 misericordiam
2995 5437 3187 5489 tuam.

2370 5514 2657 5571 Dominus
2693 5518 2765 5571 sit
2795 5534 3050 5591 semper.
3078 5530 3141 5592 ﬁ.
3171 5523 3237 5578 Et
3265 5536 3428 5590 cum,

2367 5603 2431 5661 In
2461 5605 2705 5662 nomine
2745 5607 2999 5666 Domini.
