4194 6414
184 316 291 376 621

552 457 798 498 SECUNDA
826 458 978 499 FERIA
1005 459 1481 504 RESURRECTIONIS.

764 533 862 587 Ad
886 534 1280 592 Matitunum.

267 621 624 689 Antiphone,
652 620 1017 691 Psalmus,et
1049 624 1272 687 Oratio,
1312 630 1379 680 ut
1408 625 1467 681 in
1503 625 1619 682 die.
1645 625 1849 692 Quaere

190 710 301 780 fol.
336 714 458 766 368.

261 798 638 867 Antiphona.
674 799 937 855 Surrexit
954 801 1134 867 enim,
1156 801 1304 857 sicut
1332 802 1491 860 dixit
1520 802 1839 868 Dominus;

194 890 254 944 P.
289 891 355 945 Et
383 903 519 945 ecce
548 889 844 960 praecedet
860 905 968 945 vos
985 890 1045 946 in
1072 883 1375 948 Galilaeam
1404 891 1665 948 :ibieum
1680 892 1842 948 vide-

191 969 670 1052 bitis.V.Can}Kfe
696 978 949 1034 Domino
978 980 1281 1036 canticum
1296 996 1523 1037 novum
1543 998 1557 1033 :
1580 981 1723 1053 quia
1735 980 1841 1036 mi-

139 1054 159 1083 ‘
189 1065 406 1122 rabilia
430 1066 583 1121 fecit.
614 1066 677 1123 P.
711 1070 775 1122 Et
799 1082 933 1122 ecce
963 1068 1325 1139 praecedant.
1355 1069 1701 1136 Y.Gloria,et
1736 1070 1841 1126 ho-

190 1170 299 1212 nor
330 1154 506 1220 Patri,
529 1160 644 1211 etc.
667 1158 737 1210 .P.
774 1158 837 1211 Et
873 1171 1034 1212 ecce.

260 1244 485 1300 Oratio.
513 1244 675 1312 Jesu,
734 1243 835 1299 Dei
883 1244 1082 1312 Filius,
1108 1260 1293 1318 quem
1345 1261 1466 1302 vox
1495 1244 1775 1317 Angelica
1804 1261 1841 1303 a

186 1333 439 1389 mortuis
449 1332 844 1389 resurrexisse
857 1333 1206 1404 priedixit,et
1222 1334 1494 1390 euntibus
1508 1333 1838 1407 discipulis,

186 1422 352 1495 quod
367 1425 420 1477 te
444 1421 505 1477 in
521 1420 822 1477 Galilaeam
838 1422 1030 1477 visuri
1046 1428 1244 1478 essent
1257 1422 1513 1479 innotuit
1536 1440 1549 1479 :
1565 1422 1645 1479 da
1659 1423 1839 1479 nobis

181 1511 416 1584 plenum
431 1510 707 1581 gaudium
720 1511 789 1566 de
802 1516 904 1567 tua
916 1526 1134 1583 semper
1143 1513 1571 1568 resurrectione
1584 1511 1830 1569 habere:

176 1605 237 1657 ut
260 1602 369 1673 qui
389 1601 451 1655 in
465 1600 855 1669 Galilmamﬁn
869 1601 1394 1669 transmigratione
1415 1601 1633 1657 scilicet
1647 1602 1838 1658 incor-

174 1691 488 1762 ruptionis,
507 1690 959 1746 manifestumte
974 1691 1035 1745 in
1057 1705 1237 1746 carne
1256 1690 1498 1746 voluisti
1524 1691 1836 1747 ostendere

171 1779 604 1852 discipulorum
618 1780 959 1851 aspectibus
976 1798 989 1847 ;
1006 1780 1267 1850 digneris
1278 1780 1454 1835 etiam
1466 1780 1527 1836 in
1538 1780 1713 1837 nobis
1733 1796 1835 1853 ap-

169 1885 382 1943 parere
404 1868 721 1925 virtutibus
734 1868 1084 1924 manifest’us
1111 1887 1124 1924 :
1142 1873 1205 1925 ut
1219 1871 1649 1941 acorruptione
1670 1871 1733 1926 in
1748 1871 1835 1930 in-

171 1958 618 2030 corruptionem
657 1961 1051 2024 transeuntes,
1107 1962 1345 2013 aeternae
1381 1958 1539 2015 illius
1582 1962 1640 2015 et
1676 1974 1833 2015 vera:

171 2046 701 2117 transmigrationis
716 2047 1009 2117 possidere
1022 2045 1240 2115 gaudia
1253 2062 1575 2103 mereamur
1586 2046 1707 2104 sine
1717 2047 1831 2104 ﬁne

171 2135 392 2192 felices.
438 2147 503 2204 ﬁ.
532 2140 741 2191 Amen.

234 2225 343 2280 Per
376 2224 869 2281 misericordiam.

232 2314 596 2383 Antiphona
621 2318 673 2368 2.
706 2314 1042 2371 Resurrexit
1065 2314 1355 2371 Dominus
1375 2316 1545 2371 Jesus
1571 2314 1833 2372 Christus

166 2418 201 2457 a
221 2402 478 2458 mortuis
498 2402 556 2455 P.
574 2402 847 2457 Primitias
866 2401 1288 2459 dormientium
1316 2408 1410 2458 :ut
1438 2403 1501 2458 in
1527 2418 1597 2460 eo
1623 2418 1834 2461 omnes

167 2491 562 2547 viviﬁcentur.
588 2490 649 2549 ν.
693 2491 870 2546 Dicite
902 2492 963 2546 in
1012 2490 1379 2557 nationibus,
1419 2492 1706 2548 Dominus
1747 2506 1835 2547 re-

169 2580 386 2651 gnabit
402 2596 436 2635 a
454 2579 873 2649 1igno.Etenim
902 2579 1166 2635 ﬁrmavit
1176 2579 1383 2635 orbem
1398 2585 1567 2637 terra:
1596 2580 1700 2653 qui
1711 2595 1836 2636 non

168 2667 652 2725 commovebitur
682 2686 695 2723 :
739 2667 1032 2738 judicabit
1062 2669 1324 2741 populos
1353 2668 1412 2724 in
1443 2670 1741 2742 aequitate.
1772 2671 1831 2725 P.

168 2758 478 2814 Primitiae.
501 2755 563 2817 ν.
598 2755 814 2821 Gloria,
844 2761 900 2812 et
919 2758 1137 2813 honor.
1186 2758 1247 2811 P.
1284 2758 1583 2814 Primitiae.

239 2846 474 2903 Oratio.
501 2844 750 2910 Christe,
776 2844 881 2915 qui
911 2844 1162 2901 olim.Ut
1187 2859 1393 2914 supra.

235 2936 284 2991 A
296 2934 597 3003 ntipltona
627 2934 682 2991 3.
697 2933 957 2989 Christus
990 2948 1240 3003 surgens
1257 2949 1293 2989 a
1308 2933 1557 2989 mortuis
1571 2934 1701 3004 jam
1712 2948 1835 2991 non

165 3024 458 3082 moritur:
484 3037 647 3078 mors
671 3021 753 3077 illi
780 3020 938 3077 ultra
966 3036 1091 3077 non
1112 3022 1836 3083 dominabiturJltMemor

164 3114 274 3171 fuit
308 3111 729 3168 misericordias
765 3127 891 3167 suae
908 3110 1116 3177 Jacob,
1147 3114 1200 3167 et
1214 3112 1473 3168 veritatis
1490 3095 1835 3168 suaedomui

162 3200 371 3260 Israel.
400 3200 675 3257 Viderunt
686 3215 889 3257 omnes
902 3199 1048 3256 ﬁnes
1061 3205 1229 3255 terrae
1244 3200 1502 3257 salutare
1516 3201 1618 3257 Dei
1630 3200 1828 3257 nostri.

163 3292 231 3348 P.
274 3293 411 3346 Jam
434 3304 579 3346 non.
600 3288 663 3348 ἲν.
697 3289 909 3359 Gloria,
944 3293 1000 3344 et
1027 3288 1243 3347 honor.
1293 3290 1349 3343 P.
1380 3292 1512 3346 Jam
1544 3305 1688 3346 non.

240 3396 476 3453 Oratio.
502 3394 993 3467 Incomparabilis
1019 3390 1243 3452 Christe
1269 3396 1519 3453 Domine
1542 3396 1699 3452 Deus
1727 3410 1832 3453 no-

168 3491 289 3544 ster
317 3484 675 3557 gaudiorum
706 3489 1029 3552 serenator,
1054 3484 1285 3542 illustra
1298 3484 1835 3542 conventusomnis

171 3575 471 3640 Ecclesiae,
500 3588 635 3646 quin
676 3578 729 3630 te
775 3573 853 3631 ab
882 3574 1086 3630 inferis
1139 3574 1355 3647 excipit
1388 3580 1831 3646 resurgentem;

172 3666 287 3731 Qui
313 3680 455 3734 ergo
476 3668 598 3719 tam
622 3667 890 3735 potenter
919 3668 976 3719 et
1004 3664 1212 3719 mortis
1252 3665 1529 3721 aculeum
1556 3664 1837 3727 vincis,et

170 3754 332 3810 ultra
350 3767 473 3809 non
496 3751 766 3815 moreris,
806 3766 939 3815 nos,
969 3766 1123 3822 quos
1152 3756 1422 3825 potenter
1443 3752 1836 3823 redemisti,in

170 3847 466 3898 aeternam
481 3843 732 3894 mortem
761 3838 843 3893 ire
868 3839 1033 3895 nullo
1045 3840 1229 3895 modo
1254 3840 1519 3911 patiaris.
1552 3850 1832 3911 13;.Amen.

243 3929 357 3984 Per
383 3926 850 3995 misericordiam
886 3931 1071 3982 tuam.

242 4044 307 4101 Βτ.
340 4033 599 4101 Magnus
613 4047 693 4098 es,
714 4030 981 4101 Domine,
1004 4037 1059 4088 et
1090 4031 1435 4104 praeclarus,
1473 4036 1530 4091 P.
1554 4032 1839 4091 Etlauda-

160 4122 307 4182 bilis
340 4122 402 4179 in
441 4120 677 4187 virtute,
732 4125 789 4177 et
842 4120 1195 4177 invisibilis:
1252 4121 1356 4176 tibi
1390 4122 1604 4178 serviet
1642 4122 1839 4178 omnis

159 4217 438 4270 creatura
459 4214 582 4265 tua.
615 4210 677 4271 ir.
714 4209 1075 4275 Fortissime,
1108 4225 1347 4279 magne,
1382 4215 1437 4265 et
1467 4215 1704 4282 potens,
1730 4213 1839 4269 Do—

163 4300 375 4358 minus
402 4298 767 4354 exercituum
798 4314 1023 4355 nomen
1057 4303 1145 4355 est
1166 4298 1543 4372 tibi.Magnus
1566 4301 1833 4373 consilio,

168 4394 227 4447 et
259 4386 883 4459 incomprehensibilis
913 4386 1197 4459 cogitatu.
1232 4388 1291 4442 P.
1316 4391 1382 4445 Et
1429 4388 1754 4445 laudabilis
1776 4389 1838 4445 in

1404 314 1619 376 FERIA
1655 320 1705 377 II
1751 318 2393 383 BESURRECTIONIS.
2492 396 2501 403 ν

3498 335 3608 391 622

1880 453 1927 509 A
2031 451 2360 508 Canticum.
2393 453 2711 508 Cantemus
2742 452 2993 509 Domino
3026 455 3338 525 :gloriose.
3363 461 3607 533 Require

1956 540 2069 608 fol.
2097 545 2223 597 369.
2258 538 2259 541 “

2028 628 3238 700 Oi-atiofCantabimustibiDomine,etcum
3251 637 3415 693 omni
3427 637 3605 695 laude

1953 716 2326 772 cantabimus
2355 736 2367 773 :
2390 718 2537 789 quia
2565 733 2783 789 equum
2809 722 2866 773 et
2906 734 3285 778 ascensorem
3306 726 3607 795 projecisti

1950 803 2011 859 in
2032 820 2197 859 mare
2219 804 2301 860 ita
2319 805 2632 861 diabolum
2651 822 2791 863 cum
2813 807 3170 864 exercitibus
3200 812 3322 865 suis
3348 812 3603 871 suﬁ‘oces

1950 892 2163 948 eadem
2200 893 2435 949 virtute.
2484 894 2625 960 Quis
2656 894 2861 964 similis
2902 895 3005 951 tibi
3036 895 3098 952 in
3130 897 3243 953 diis
3306 899 3552 957 Domine
3576 905 3604 959 ?

1950 980 2083 1051 quis
2106 981 2317 1037 similis
2340 982 2442 1037 tibi
2464 984 2492 1039 ?
2532 983 2825 1053 gloriosus
2857 984 2919 1039 in
2958 986 3200 1051 sanctis,
3235 988 3604 1047 mirabilisin

1950 1069 2383 1138 majestatibus,
2418 1070 2641 1126 faciens
2678 1071 2975 1143 prodigia,
3022 1075 3250 1131 cunctis
3300 1077 3600 1146 gentibus,

1948 1156 2187 1228 populis
2216 1158 2625 1229 praedicanda.
2661 1170 2727 1229 It.
2756 1160 2965 1217 Amen.

2019 1248 2125 1302 Per
2149 1245 2620 1304 misericordiam
2648 1253 2836 1305 tuam.

2016 1333 2936 1406 AdBenedictus.Antiphona.In
2950 1339 3165 1413 templo
3178 1344 3386 1399 sancto
3398 1340 3598 1414 gloriae

1948 1425 2061 1479 tuae
2090 1422 2440 1480 benedictus
2466 1439 2528 1479 es
2545 1425 2812 1483 Domine.

2019 1511 2352 1571 Canticum.
2392 1514 2740 1571 Benedictus
2771 1531 2834 1571 es
2858 1517 3104 1573 Domine
3128 1520 3301 1585 Deus,
3334 1524 3446 1578 etc.
3490 1524 3599 1581 Re-

1944 1603 2117 1671 quire
2138 1601 2251 1670 fol.
2283 1606 2340 1658 6.
2373 1602 2549 1659 Sono.
2580 1606 2701 1674 Ego
2723 1604 2999 1661 dormivi.
3026 1606 3229 1673 Quaere
3260 1610 3370 1680 fol.
3401 1614 3525 1667 370.

2015 1690 2233 1746 Lauda.
2263 1690 2793 1748 Alleluia.Laudate
2808 1694 3128 1751 Dominum
3145 1696 3219 1753 de
3236 1698 3400 1754 caelis
3412 1740 3426 1755 .
3452 1700 3598 1758 Alle-

1945 1779 2088 1841 luia,
2123 1780 2379 1844 alleluia,
2410 1780 2665 1838 alleluia.
2701 1782 2987 1839 Psalmus.
3012 1801 3235 1841 CXLVIII.

2012 1868 2205 1924 Lectio
2227 1868 2372 1926 libri
2400 1868 2771 1943 Apocalypsis
2786 1871 3035 1928 Joannis
3048 1874 3310 1945 Apostoli
3319 1876 3592 1949 (Cap.n).

2014 1966 2080 2025 Bt.
2110 1956 2229 2012 Deo
2254 1958 2493 2026 gratias.

2013 2045 2239 2115 Angelo
2268 2046 2481 2118 Ephesi
2513 2046 2783 2103 Ecclesim
2811 2048 3026 2106 scribe:
3062 2053 3195 2108 Ilaec
3208 2051 3352 2109 dicit
3387 2054 3493 2127 qui
3513 2059 3600 2111 te-

1941 2138 2043 2191 net
2070 2139 2299 2206 septem
2350 2134 2548 2191 stellas
2575 2135 2638 2190 in
2658 2136 2902 2193 dextera
2937 2154 3068 2201 sua,
3096 2140 3202 2211 qui
3225 2141 3485 2199 ambulat
3536 2145 3600 2200 in

1939 2222 2141 2280 medio
2157 2228 2387 2296 septem
2398 2223 2899 2291 candelabrorum
2914 2242 3230 2284 aureorum
3246 2246 3258 2283 :
3277 2230 3409 2286 Scio
3422 2247 3603 2303 opera

1939 2317 2061 2379 tua,
2082 2317 2139 2370 et
2167 2312 2459 2383 laborem,
2488 2317 2545 2369 et
2563 2312 2917 2385 patientiam
2936 2318 3340 2389 tuam,etquia
3359 2334 3482 2377 non
3496 2337 3600 2393 pa-

1942 2405 2029 2458 tes
2060 2401 2354 2458 sustinere
2383 2400 2612 2459 malos:
2645 2406 2701 2458 et
2720 2403 2956 2459 tentasti
2983 2419 3103 2467 eos,
3130 2405 3233 2477 qui
3286 2422 3347 2461 se
3395 2408 3602 2467 dicunt

1942 2490 2263 2561 Apostolos
2291 2506 2442 2562 esse,
2455 2497 2511 2547 et
2530 2505 2652 2547 non
2670 2495 2808 2547 sunt
2831 2509 2843 2550 2
2865 2491 3215 2550 etinvenisti
3236 2509 3340 2550 eos
3355 2496 3601 2553 menda-

1943 2594 2042 2635 ces
2071 2584 2162 2638 :et
2182 2579 2531 2651 patientiam
2555 2578 2765 2645 habes,
2794 2580 3197 2637 etsustinuisti
3231 2589 3477 2657 propter
3499 2601 3603 2643 no-

1942 2684 2083 2726 men
2104 2671 2525 2736 meum,etnon
2550 2666 2835 2723 deiecisti.
2870 2667 2983 2724 Sed
2995 2667 3192 2726 habeo
3208 2669 3530 2729 adversum
3545 2678 3603 2730 te

1942 2772 2158 2829 pauca,
2182 2755 2349 2829 quod
2378 2755 2722 2812 charitatem
2775 2758 2941 2811 tuam
2975 2756 3235 2827 primam
3290 2758 3598 2832 reliquisti.

1943 2848 2164 2904 Memor
2189 2852 2315 2901 esto
2333 2844 2537 2915 itaque
2569 2842 2727 2899 unde
2749 2842 3039 2899 excideris
3061 2850 3145 2899 :et
3173 2860 3284 2915 age
3309 2848 3604 2917 pceniten-

1944 2936 2108 2997 tiam,
2138 2937 2194 2989 et
2223 2932 2422 3004 prima
2442 2946 2626 3005 opera
2651 2929 2744 2987 fac
2778 2947 2790 2985 :
2825 2931 2916 2986 sin
2946 2935 3167 2999 autem,
3208 2934 3381 2990 venio
3412 2934 3602 3002 tibi,et

1943 3020 2203 3079 movebo
2229 3019 2659 3077 candelabrum
2689 3024 2854 3075 tuum
2870 3018 3089 3075 deloco
3112 3036 3244 3089 suo,
3268 3021 3381 3078 nisi
3403 3023 3603 3096 paeni-

1943 3112 2191 3169 tentiam
2211 3110 2424 3180 egeris.
2448 3108 2564 3165 Sed
2591 3108 2706 3164 hoc
2718 3108 2931 3173 habes,
2955 3110 3102 3181 quia
3122 3109 3254 3166 odis
3268 3110 3421 3168 facta
3438 3112 3581 3170 Nico

1942 3202 2241 3267 laitarum,
2264 3202 2463 3272 quaeet
2490 3213 2603 3269 ego
2632 3197 2752 3254 odi.
2777 3197 2887 3263 Qui
2907 3198 3089 3255 habet
3123 3215 3351 3265 aurem,
3396 3200 3605 3260 audiat

1942 3290 2089 3364 quid
2120 3289 2372 3361 Spiritus
2403 3286 2562 3343 dicat
2590 3285 2894 3343 Ecclesiis:
2932 3286 3196 3346 Vincenti
3216 3287 3374 3345 dabo
3428 3289 3603 3347 edere

1944 3380 2019 3437 de
2046 3379 2211 3450 ligno
2236 3378 2392 3442 vitas,
2432 3376 2598 3449 quod
2627 3379 2717 3432 est
2748 3374 2809 3431 in
2860 3374 3146 3434 Paradiso
3201 3378 3300 3435 Dei
3331 3378 3462 3435 mei.
3531 3389 3598 3445 Br.

1944 3474 2157 3527 Amen.

2015 3576 2315 3647 Hymnus.
2346 3573 2448 3630 Hic
2472 3577 2563 3629 est
2582 3572 2710 3628 dies
2740 3573 2847 3642 fol.
2882 3576 3007 3630 370.

2017 3681 2319 3751 Capitula.
2352 3678 2535 3734 Adest
2553 3676 2805 3734 Domine
2834 3678 3078 3734 secundi
3100 3677 3256 3734 illius
3276 3678 3396 3735 diei
3426 3679 3601 3745 lumi-

1943 3785 2097 3828 nosa
2120 3768 2436 3843 species,in
2464 3782 2587 3839 qua
2607 3767 2902 3824 matutina
2930 3767 3321 3837 lux,Christus
3332 3768 3605 3827 videlicet

1945 3864 2166 3925 noster,
2191 3860 2250 3914 in
2279 3856 2661 3913 ﬁrmamento
2689 3854 2890 3927 legisa
2921 3871 2987 3911 se
3015 3856 3272 3913 conditas
3305 3874 3367 3914 se
3397 3858 3605 3915 indicit

1947 3946 2427 4017 agnoscendum.
2453 3945 2678 3999 Praesta
2710 3959 2824 4013 ego
2853 3943 3051 4009 nobis,
3082 3950 3164 4014 ut,
3210 3946 3317 4018 qui
3345 3946 3472 4004 luce
3515 3963 3603 4006 re-

1948 4035 2275 4091 surrection
2283 4036 2331 4088 is
2343 4032 2677 4088 coruscavit
2700 4032 2763 4086 in
2783 4031 3411 4097 mundo,abundantia
3426 4035 3605 4107 pieta-

1947 4125 2019 4179 tis
2051 4121 2345 4178 redundet
2371 4121 2433 4176 in
2463 4119 2718 4175 saeculo:
2747 4119 3001 4190 qualiter
3028 4120 3109 4175 ita
3128 4120 3509 4179 ﬁrmamento
3524 4124 3605 4182 le-

1948 4213 2037 4284 gis
2059 4228 2181 4267 suae
2212 4210 2396 4267 corda
2410 4212 2614 4265 nostra
2642 4207 3353 4280 praemuniat,iutinlmsos
3392 4226 3505 4269 nos
3522 4213 3601 4270 ad

1947 4292 2230 4359 aeternam
2262 4298 2568 4371 pertrahat
2583 4298 2789 4354 vitam.

2017 4391 2184 4446 Pater
2204 4392 2423 4445 noster.
2458 4391 2501 4443 Α
2536 4386 2698 4443 malo
2727 4401 2839 4443 nos
2857 4386 3076 4456 libera,
3107 4389 3312 4454 Quaere
3356 4391 3473 4461 fol.
3517 4396 3602 4448 10.

172 4480 410 4536 virtute.
441 4476 504 4536 ἲν.
530 4476 741 4543 Gloria,
771 4481 826 4533 et
857 4476 1052 4533 honor
1077 4478 1251 4545 Patri.
1308 4478 1370 4533 P.
1405 4480 1468 4533 Et
1514 4477 1838 4535 laudabilis
1872 4509 1917 4565 Β
2017 4479 2308 4537 Dominus
2331 4478 2424 4535 sit.
2455 4488 2519 4547 It.
2562 4476 2628 4532 Et
2652 4492 2818 4535 cum.

169 4570 235 4625 in
266 4567 504 4622 virtute.

250 4672 566 4730 0ratio.Te
581 4672 845 4742 Domine,
876 4673 954 4731 ab
995 4674 1197 4731 inferis
1221 4677 1629 4747 resurgentem
1644 4674 1705 4731 in
1720 4676 1842 4747 glo-

172 4764 288 4839 ria,
319 4763 565 4837 laudem
589 4764 695 4821 tibi
713 4764 873 4821 canit
901 4765 1098 4827 omnis
1120 4767 1221 4821 ate
1254 4765 1492 4821 condita
1519 4770 1790 4822 creatura
1822 4785 1836 4826 :

171 4868 287 4909 nos
317 4868 559 4924 quoque
575 4852 773 4923 pusilli
796 4869 935 4908 cum
968 4854 1201 4923 magnis
1231 4847 1478 4909 admixti
1498 4853 1836 4919 laudantes,

169 4947 225 5000 te
257 4957 548 5013 rogamus
571 4956 640 4998 ac
667 4942 925 5015 petimus
955 4958 966 4995 :
994 4946 1178 5015 utper
1195 4945 1247 4997 te
1276 4942 1372 4998 hic
1391 4943 1839 5000 resurrectionis

168 5030 382 5105 primae
408 5029 699 5086 habentes
729 5029 1043 5105 principia,
1082 5045 1220 5086 cum
1246 5030 1477 5087 Sanctis
1556 5033 1842 5089 omnibus

168 5134 569 5190 resurgamus
610 5118 688 5174 ad
748 5116 995 5189 gloriam
1046 5119 1486 5192 sempiternam.
1514 5132 1577 5191 Rv.
1629 5126 1839 5178 Amen.

242 5208 355 5267 Per
382 5207 865 5265 misericordiam
897 5212 1083 5265 tuam.

755 5316 933 5389 373
970 5317 1037 5373 In
1058 5316 1382 5375 Laudibus.

244 5423 343 5479 Ad
383 5423 721 5480 Canticum.
758 5424 1127 5494 Antiphona.
1182 5425 1501 5483 Cantemus
1540 5422 1840 5483 Domino:

174 5512 438 5584 gloriose
453 5513 618 5569 enim
646 5513 1077 5581 honoriﬁcatus
1093 5518 1199 5585 est,
1222 5530 1448 5587 equum
1476 5519 1846 5585 etascensm

179 5617 316 5659 rem
354 5602 612 5675 proiecit
637 5603 699 5659 in
718 5617 907 5671 mare,

2020 4587 2247 4644 Lauda.
2284 4584 2546 4644 Surrexit
2574 4584 2842 4641 Christus
2865 4599 2903 4640 a
2924 4550 3175 4641 mortuis
3205 4586 3470 4645 Alleluia.
3538 4589 3607 4646 P.

1950 4680 2056 4733 Per
2083 4676 2336 4748 gloriam
2370 4674 2579 4730 Patris.
2626 4672 2892 4737 Alleluia,
2939 4673 3197 4731 alleluia.
3227 4674 3296 4734 ν.
3362 4677 3607 4733 Cantate

1952 4766 2205 4822 Domino
2227 4763 2524 4820 canticum
2552 4778 2780 4819 novum
2812 4779 2823 4817 :
2856 4763 3000 4834 quia
3025 4762 3319 4820 mirabilia
3350 4763 3502 4821 fecit.
3545 4769 3607 4824 P.

1952 4856 2056 4911 Per
2078 4853 2357 4924 gloriam.
2400 4852 2461 4911 ἲν.
2492 4850 2708 4921 Gloria,
2732 4856 2789 4907 et
2821 4851 3035 4906 honor.
3071 4852 3127 4905 P.
3199 4852 3307 4907 Per
3332 4852 3607 4923 gloriam.

2023 4942 2380 4999 Benedictio.
2416 4940 2680 4997 Christus
2710 4940 3019 5005 Dominus,
3052 4940 3157 5013 qui
3194 4940 3356 4999 diem
3405 4942 3609 5011 istum,

1955 5034 2162 5102 Quare
2180 5032 2295 5101 fol.
2332 5034 2453 5087 372.

2559 5136 2653 5191 Ad
2679 5135 3007 5208 Vesperum.

2026 5247 2246 5304 Lauda.
2290 5244 2706 5302 Laudaverunt
2735 5248 2813 5301 te.
2840 5244 3067 5301 Oratio.
3106 5243 3379 5303 Laudant
3408 5248 3461 5302 te
3502 5245 3612 5303 Do-

1955 5336 2137 5393 mine.
2165 5336 2280 5403 fol.
2318 5334 2441 5390 371.

2026 5427 2205 5481 Sono.
2234 5424 2523 5480 Dominus
2538 5422 2712 5480 Jesus
2730 5422 2995 5480 Christus
3028 5422 3329 5478 surrexita
3361 5420 3613 5475 mortuis

1955 5512 2129 5570 tertia
2157 5513 2254 5569 die
2282 5529 2299 5584 ;
2333 5512 2399 5568 P.
2424 5514 2488 5568 Et
2514 5512 2655 5569 vivit
2692 5527 2765 5569 ex
2805 5512 3014 5581 virtute
3068 5511 3187 5566 Dei.
3217 5507 3483 5564 Alleluia.
3542 5506 3609 5566 llr.

1956 5602 2228 5675 Salvator
2240 5604 2442 5663 noster
2468 5615 2788 5671 resurgens
2808 5614 2846 5671 a
2871 5597 3143 5681 mortuis,
3167 5591 3429 5652 curvavit
3446 5606 3609 5648 ωσι-η
