4194 6488
592 399 698 450 623

1832 389 2282 446 BREVIABIUM
2332 388 2723 446 GOTHICUM.

3884 388 3982 443 624

573 522 809 573 temzet
845 515 1220 571 inluminavit
1261 529 1370 569 nos
1436 514 1571 569 vitm
1635 512 1971 568 aeternitate.
2021 513 2083 568 P.
2152 516 2217 571 Et
2253 516 2293 569 A
2397 514 2620 570 Oratio.
2652 513 2899 569 Domine
2926 513 3065 567 Jesu
3095 509 3340 565 Christe.
3386 507 3647 580 Require
3672 507 3823 576 folio
3862 513 3979 569 369.

573 605 732 662 vivit.

648 693 926 748 Dominus
953 691 1043 746 sit.
1075 703 1136 760 Η.
1170 691 1236 744 Et
1265 705 1411 744 cum.

645 781 1009 848 Antiphona.
1042 782 1159 848 Ego
1189 795 1312 832 sum
1333 777 1648 849 primus,et
1677 792 1788 847 ego
1809 775 2209 843 novissimus;

577 873 634 924 P.
671 873 735 924 Et
759 869 1207 930 fuimortuus,et
1236 882 1369 922 ecce
1384 882 1517 921 sum
1550 867 1756 922 vivens
1778 867 1838 920 in
1864 864 2084 921 saacula
2108 881 2210 920 sas-

574 957 864 1013 culorum.
896 955 1226 1015 \‘KLaudate
1247 970 1464 1010 nomen
1488 954 1720 1010 Domini
1759 953 2030 1008 :laudate
2061 953 2209 1008 servi

575 1044 832 1099 Domini.
873 1045 929 1096 Ι).
974 1046 1038 1097 Et
1076 1041 1162 1097 fui
1192 1041 1558 1100 mortuusJV.
1576 1041 1786 1106 Gloria,
1819 1044 1874 1096 et
1903 1041 2207 1097 honorPa-

567 1133 662 1188 tri.
693 1135 747 1186 P.
783 1134 848 1186 Et
877 1130 978 1185 fui.

641 1219 928 1274 Dominus
953 1218 1044 1274 sit.
1074 1230 1135 1287 Η.
1163 1221 1230 1273 Et
1258 1233 1416 1275 cum.

638 1306 866 1361 Lauda.
880 1305 1156 1360 Dominus
1172 1307 1197 1360 .l
1203 1321 1339 1360 esus
1359 1304 1638 1371 Christus,
1657 1305 1858 1377 quiﬂest
1881 1305 2040 1362 testis
2054 1305 2204 1361 ﬁde-

571 1393 664 1459 lis,
701 1393 1132 1464 primogenitus
1161 1396 1555 1462 mortuorum,
1605 1399 1662 1448 et
1692 1392 1969 1465 princeps
1995 1408 2204 1462 regum

573 1486 772 1538 terrm:
803 1482 864 1536 P.
899 1480 1241 1552 Ipsedilexit
1269 1486 1460 1546 nos,et
1483 1480 1744 1536 lavitnos
1775 1497 1809 1536 a
1831 1481 2086 1553 peccatis
2102 1497 2206 1537 no-

573 1570 703 1626 stris
744 1569 1036 1638 sanguine
1066 1585 1194 1624 suo.
1223 1566 1562 1628 AlleluiaJl’.
1591 1569 1892 1641 Lapidem,
1925 1585 2104 1641 quem
2120 1585 2206 1626 re-

570 1657 977 1728 probaverunt
1005 1657 1387 1722 aediﬁcantes,
1417 1657 1512 1712 hic
1560 1658 1749 1712 factus
1780 1662 1867 1713 est
1920 1658 1981 1713 in
2029 1662 2206 1731 caput

568 1746 790 1816 anguli.
833 1748 896 1802 P.
953 1749 1084 1817 Ipse
1141 1745 1360 1802 dilexit.
1399 1745 1466 1805 ῆν.
1503 1745 1714 1817 Gloria,
1771 1750 1827 1802 et
1869 1747 2082 1803 honor.
2124 1747 2193 1806 P.

565 1835 719 1906 Ipse.

633 1922 922 1992 Hymnus.
941 1922 1040 1977 Hic
1056 1921 1284 1978 estdies
1307 1938 1500 1977 verus.
1521 1923 1907 1992 Supplicatio.
1928 1923 2194 1979 Oremus.

559 2010 675 2078 fol.
702 2015 824 2065 27L

627 2098 915 2165 Capitula.
945 2097 1157 2154 Christe
1204 2099 1356 2154 Deus
1387 2101 1608 2162 noster,
1634 2099 1737 2170 qui
1793 2098 2058 2154 secundo
2099 2097 2194 2154 die

551 2184 966 2240 ﬁrmamentum
987 2184 1263 2254 formans,
1288 2186 1464 2257 quasi
1479 2185 1922 2241 solidamentum
1948 2185 2194 2258 scriptu-

547 2286 754 2330 rarum
793 2273 851 2328 in
883 2272 1139 2328 Ecclesia
1164 2288 1485 2345 prteparas,
1505 2288 1626 2344 quo
1650 2271 1915 2328 ccelestes
1941 2272 2190 2344 populos

547 2360 899 2429 Angelorum
915 2360 987 2416 ab
1008 2362 1340 2417 inﬁrmitate
1353 2360 1690 2417 interiorum
1702 2361 2190 2434 hominum,quasi

549 2462 739 2520 aquas
760 2448 838 2504 ab
859 2450 1049 2522 aquis,
1072 2448 1342 2505 discerne
1366 2449 1607 2504 voluisti
1649 2468 1661 2507 :
1704 2448 1929 2521 quique
1961 2450 2082 2506 duo
2113 2456 2190 2506 te-

550 2541 845 2592 stamenta
865 2538 1247 2603 constituens,
1274 2535 1530 2608 ﬁguram
1559 2537 1767 2593 veteris
1787 2537 2064 2594 sacriﬁcii
2086 2553 2192 2610 per

550 2627 974 2681 testamentum
994 2641 1223 2682 novum
1237 2625 1624 2681 immolatione
1639 2627 1752 2682 tuis
1764 2627 2028 2699 corporis
2040 2642 2190 2683 com-

548 2711 776 2783 plevisti
809 2732 821 2781 ;
848 2713 925 2770 da
941 2714 1130 2780 nobis,
1149 2718 1212 2770 ut
1236 2712 1530 2770 intellectu
1543 2713 1870 2786 prudentia:
1909 2714 2189 2785 angelicis

546 2801 958 2876 potestatibus,
996 2803 1173 2875 quasi
1202 2802 1373 2875 aquis
1399 2802 1804 2874 superioribus
1820 2803 2190 2870 sociemur,et

547 2904 782 2963 semper
807 2889 885 2946 ad
916 2905 1177 2962 superna
1205 2889 1554 2947 tendamus:
1587 2891 1841 2964 qualiter
1866 2891 1947 2948 ita
1971 2891 2184 2948 solida-

543 2983 810 3034 mentum
836 2979 1142 3051 utriusque
1155 2978 1302 3049 legis
1325 2977 1386 3035 in
1405 2978 1581 3036 corde
1599 2983 1804 3036 nostro
1816 2979 2182 3052 praepolleat,

541 3071 605 3122 ut
627 3067 1073 3123 resurrectionis
1092 3071 1210 3124 tua;
1236 3068 1498 3140 potentia
1526 3067 1601 3124 ad
1651 3067 1875 3137 gaudia
1901 3082 2012 3123 nos
2057 3081 2185 3138 per-

553 3154 750 3210 trahat
775 3151 1030 3213 inﬁnita.

619 3241 796 3314 374
821 3242 989 3300 Pater
1017 3247 1239 3301 noster.
1283 3242 1532 3299 Liberati
1565 3258 1602 3298 a
1626 3241 1813 3299 malo.
1845 3243 1957 3310 fol.
2001 3246 2053 3298 2.

612 3331 898 3387 Dominus
924 3333 1013 3389 sit.
1049 3343 1114 3402 ἢ.
1149 3334 1212 3388 Et
1245 3347 1402 3388 cum.

607 3420 1243 3478 Benedictio.Christus
1264 3419 1365 3475 Dei
1396 3417 1785 3490 Filius,qui,in
1813 3433 2058 3491 corpore
2081 3435 2182 3478 no-

541 3511 672 3564 stra-
684 3505 1058 3564 mortalitatis
1073 3505 1306 3562 sustulit
1316 3505 1697 3578 opprobrium
1713 3506 1910 3563 Crucis
1921 3507 2017 3574 ,ab
2029 3510 2184 3566 omni

542 3610 650 3651 vos
675 3594 942 3650 cruciatu
965 3592 1203 3650 nocibili
1228 3594 1438 3665 eripiat
1465 3593 1796 3666 passionis;
1825 3606 1888 3664 Βν.
1905 3595 2184 3655 Amen.Et

544 3682 647 3754 qui
668 3681 731 3737 in
752 3696 897 3738 vera
921 3681 1188 3754 corporis
1205 3683 1391 3738 nostri
1408 3697 1584 3738 carne
1599 3683 1937 3740 surrexitab
1954 3684 2178 3756 inferis,

541 3771 604 3827 in
616 3769 950 3827 omnimoda
959 3771 1077 3826 veri
1085 3775 1198 3828 tate
1211 3770 1691 3828 sanctiﬁcationis
1706 3772 1990 3829 exuscitet
2000 3773 2182 3832 corda

538 3863 732 3915 vestra
765 3858 1198 3931 abomnilapsu
1213 3859 1492 3916 facinoris
1525 3881 1537 3915 :
1571 3871 1634 3931 BI.
1665 3863 1872 3916 Amen.
1911 3863 1977 3916 Ut
2006 3861 2174 3930 ﬁdes,

535 3963 659 4021 qua
677 3946 830 4004 illum
854 3951 910 4004 et
939 3953 1240 4004 mortuum
1257 3947 1453 4014 fuisse,
1478 3952 1534 4004 et
1551 3948 1974 4005 ressurrexisse
1996 3964 2176 4020 agno-

533 4036 950 4104 scitis,aaternte
963 4035 1130 4093 vobis
1143 4042 1434 4110 praeparet
1443 4036 1814 4110 receptacula
1825 4037 2171 4096 mansionis.

528 4136 588 4197 Βι.
615 4129 826 4182 Amen.

589 4215 698 4270 Per
710 4212 1171 4271 misericordiam
1199 4213 1406 4286 ipsius.

589 4303 820 4360 Lauda.
846 4301 1108 4358 Surrexit
1134 4302 1399 4360 Christus
1431 4318 1467 4358 a
1495 4301 1771 4359 mortuis.
1797 4301 2063 4358 Alleluia.
2109 4303 2167 4360 P.

523 4390 634 4446 Per
679 4389 932 4460 gloriam
981 4389 1184 4457 Patris,
1235 4389 1501 4455 Alleluia,
1534 4389 1794 4448 alleluia.
1825 4390 1892 4450 Ψ.
1931 4391 2169 4448 Cantate

523 4477 776 4533 Domino
806 4477 1099 4533 canticum
1137 4493 1362 4535 novum
1389 4480 1563 4550 :quia
1592 4477 1889 4534 mirabilia
1928 4478 2083 4535 fecit.
2107 4482 2164 4538 P.

508 4566 636 4636 _Per
687 4565 960 4638 gloriam.
1006 4565 1067 4624 lt.
1097 4565 1308 4632 Gloria,
1341 4570 1398 4622 et
1421 4565 1638 4622 honor.
1668 4567 1732 4623 P.
1772 4565 2162 4638 Pergloriam.

598 4656 808 4712 Oratio.
841 4657 1132 4711 Mortuum
1155 4659 1210 4711 te
1248 4659 1490 4727 peccato
1529 4655 1711 4710 fuisse
1736 4669 1856 4710 non
1887 4660 2008 4721 tuo,
2060 4657 2167 4714 sed

527 4748 749 4812 nostro,
780 4746 920 4801 Jesu
947 4743 1214 4811 Domine,
1248 4743 1636 4814 conﬁtemur;
1657 4747 1713 4799 et
1729 4741 1885 4808 ideo,
1909 4743 2053 4816 quia
2078 4760 2165 4802 se-

519 4833 638 4890 mel
662 4850 772 4906 pro
808 4833 1009 4906 impiis
1030 4837 1322 4896 mortuus,
1351 4833 1470 4888 Deo
1495 4831 1663 4896 vivis,
1687 4831 1779 4888 fac
1808 4847 1940 4898 nos,
1991 4837 2054 4889 ut
2079 4833 2161 4890 sic

520 4909 702 4976 semel
727 4922 1054 4978 moriamur
1078 4920 1251 4986 vitiis,
1303 4919 1551 4993 qualiter
1575 4919 1916 4978 coronaturi
1967 4936 2162 4978 resur-

514 5014 719 5079 gentes
743 5009 1009 5066 laatemur
1025 5025 1258 5083 semper
1275 5009 1348 5066 de
1370 5009 1722 5066 muneribus
1763 5009 2153 5080 sempiternis.

513 5108 575 5168 Bt.
609 5097 819 5154 Amen.

572 5184 684 5242 Per
707 5185 1177 5245 misericordiam
1206 5191 1393 5252 tuam,
1411 5191 1522 5243 etc.

2395 602 2742 670 Antiphona
2769 605 2814 656 t.
2851 598 3019 664 Quod
3043 601 3212 654 Jesus
3241 601 3518 653 mortuus
3571 599 3664 651 est
3711 603 3978 668 peccato,

2324 694 2594 745 mortuus
2634 693 2722 744 est
2751 687 2966 744 semel:
2993 685 3158 758 quod
3191 691 3392 742 autem
3421 684 3742 752 vivit,vivit
3761 685 3901 740 Deo.
3917 685 3974 740 P.

2321 779 2485 832 Nunc
2513 780 2713 832 autem
2737 776 3086 838 existimate,
3127 789 3235 830 vos
3259 777 3530 828 mortuos
3557 786 3698 827 esse
3713 776 3970 844 peccato.

2315 864 2580 919 viventes
2609 868 2809 920 autem
2832 864 2970 918 Deo.
2997 861 3063 921 ὴν.
3078 862 3298 918 Omnes
3317 864 3524 933 gentes
3563 859 3842 932 plaudite
3857 876 3974 917 ma-

2315 949 2493 1006 nibus
2527 969 2538 1006 :
2556 950 2810 1022 jubilate
2840 951 2958 1006 Deo
2987 950 3048 1006 in
3068 964 3214 1005 voce
3241 947 3652 1005 exultationis.
3719 948 3783 1002 P.
3811 949 3972 1004 Nunc

2315 1044 2514 1096 autem
2545 1038 2965 1098 existimateJV.
2995 1037 3206 1103 Gloria,
3233 1041 3287 1094 et
3316 1037 3515 1094 honor
3546 1036 3971 1094 Patri.P.Nunc

2313 1133 2515 1184 autem
2545 1127 2896 1183 existimate.

2385 1215 2603 1272 Oratio.
2645 1217 2938 1271 Mortuum
2967 1217 3024 1269 te
3049 1218 3318 1286 peccato.
3351 1214 3456 1269 Hic
3483 1228 3704 1283 supra.

2382 1304 2518 1359 Anti
2519 1304 2718 1374 phona
2732 1305 2790 1357 2.
2805 1305 3064 1358 Mortuus
3077 1306 3166 1358 est
3185 1301 3446 1358 Christus
3457 1304 3717 1373 propter
3737 1305 3970 1374 peccata

2311 1396 2534 1457 nostra,
2563 1391 2626 1446 P.
2659 1393 2725 1446 Et
2751 1389 3330 1462 resurrexitpropter
3351 1389 3854 1460 justiﬁcationem
3873 1407 3970 1447 no-

2313 1484 2517 1534 stram.
2557 1477 2618 1538 tt.
2653 1477 2856 1534 Canite
2891 1477 2953 1533 in
2985 1477 3149 1533 initio
3179 1477 3403 1533 mensis
3425 1476 3597 1545 tuba,
3635 1476 3704 1534 in
3733 1477 3826 1534 die
3840 1477 3968 1534 insi-

2313 1566 2444 1637 gnis
2471 1565 2862 1622 solemnitatis
2881 1569 3118 1634 nostras,
3147 1568 3207 1624 P.
3234 1568 3302 1622 Et
3330 1564 3660 1622 resurrexit
3713 1571 3962 1639 propter.

2311 1654 2373 1714 lt.
2408 1653 2624 1720 Gloria,
2656 1658 2713 1710 et
2749 1653 2943 1710 honor
2974 1653 3150 1709 Patri.
3182 1653 3240 1708 P.
3274 1655 3339 1710 Et
3363 1654 3721 1713 resurrexit.

2384 1741 2856 1805 0ratio.Christe,
2874 1740 2969 1797 Dei
2997 1740 3304 1813 Filius,qui
3331 1745 3612 1798 mortuus
3640 1757 3704 1798 es
3733 1745 3963 1814 propter

2234 1840 2278 1894 Β
2308 1833 2852 1902 Ρθοεειιαμοεινδβι
2865 1829 3231 1886 resurrexisti
3246 1833 3479 1901 propter
3483 1829 3505 1901 j
3515 1829 3958 1888 ustiﬁcationem

2305 1925 2566 1977 nostram
2592 1937 2606 1988 ;
2639 1920 2718 1976 da
2747 1919 2946 1984 nobis,
2971 1925 3028 1975 et
3054 1923 3308 1976 mortem
3337 1918 3564 1976 habere
3585 1921 3887 1990 vitiorum,
3904 1926 3957 1979 et

2302 2008 2785 2064 resurrectionem
2812 2007 3076 2063 obtinere
3096 2008 3376 2063 virtutum
3416 2018 3433 2068 :
3471 2011 3539 2063 ut
3567 2009 3655 2066 ita
3687 2011 3886 2067 mortis
3903 2015 3955 2066 et

2300 2095 2746 2152 resurrectionis
2789 2099 2908 2151 tuae
2933 2095 2994 2151 in
3031 2095 3208 2152 nobis
3249 2095 3454 2166 vigeat
3491 2103 3942 2166 sacramentum,

2299 2183 2555 2256 qualiter
2575 2184 2652 2240 ad
2679 2188 2733 2239 te
2763 2183 2888 2238 sine
2914 2183 3262 2240 confusione
3292 2188 3435 2256 post
3450 2189 3720 2242 nostrum
3743 2185 3939 2242 transi-

2299 2276 2431 2329 tum
2452 2272 2734 2329 accedere
2752 2287 3106 2328 mereamur.
3144 2283 3207 2342 3,.
3240 2276 3455 2329 Amen.

2369 2359 2476 2415 Per
2501 2358 2975 2415 misericordiam
3007 2363 3193 2423 tuam,
3225 2363 3341 2416 etc.

2368 2449 2836 2520 Antiphona3.Si
2861 2447 3159 2504 credimus
3174 2447 3344 2521 quod
3369 2450 3398 2504 J
3404 2465 3542 2506 esus
3563 2453 3835 2506 mortuus
3850 2452 3949 2505 est.

2305 2539 2362 2592 et
2390 2536 2754 2593 resurrexit:
2792 2539 2850 2591 P.
2877 2536 2959 2593 ita
2979 2540 3036 2593 et
3067 2539 3224 2592 Deus
3272 2552 3407 2604 eos,
3443 2538 3549 2610 qui
3606 2537 3962 2594 dormierunt

2295 2639 2401 2696 per
2433 2625 2660 2692 Jesum,
2711 2623 2968 2682 adducet
2995 2640 3135 2681 cum
3161 2639 3257 2681 eo.
3296 2625 3362 2686 Ψ.
3405 2628 3660 2684 Cantate
3710 2625 3957 2683 Domino

2297 2713 2598 2770 canticum
2640 2729 2903 2770 novum:
2937 2713 3081 2784 quia
3122 2713 3422 2771 mirabilia
3481 2714 3642 2772 fecit.
3684 2715 3752 2770 P.
3788 2716 3866 2773 Ita
3909 2729 3961 2783 et

2297 2803 2467 2858 Deus.
2501 2801 2562 2862 νῖν.
2591 2801 2803 2869 Gloria,
2837 2806 2892 2858 et
2911 2801 3122 2859 honor.
3148 2802 3211 2855 P.
3238 2804 3326 2859 Ita
3355 2806 3412 2860 et
3444 2803 3623 2861 Deus.

2366 2908 2587 2965 Oratio.
2625 2907 2929 2965 Credimus
2955 2913 3030 2978 te,
3059 2908 3328 2974 Domine,
3359 2909 3763 2984 indebitapro
3789 2909 3956 2968 nobis

2292 3001 2481 3054 morte
2509 2997 2862 3054 damnatum
2883 3002 2939 3054 et
2966 2997 3177 3054 virtute
3198 2999 3439 3071 propria
3469 2999 3836 3057 suscitatam
3863 3016 3876 3066 ;
3905 3002 3956 3055 et

2291 3083 2425 3140 ideo
2449 3085 2769 3154 proﬂuenti
2793 3084 3238 3158 lachrymarum
3269 3086 3676 3144 exundatione
3690 3086 3952 3161 deposci-

2225 3187 2258 3241 ι]
2293 3189 2449 3240 mus,
2479 3179 2543 3229 ut
2569 3175 2672 3246 qui
2689 3177 2742 3230 te
2756 3175 3148 3231 resurrexisse
3161 3189 3270 3247 pro
3295 3175 3736 3246 justiﬁcatione
3758 3181 3956 3235 nostra

2289 3275 2453 3317 nunc
2475 3261 3256 3334 credimus,placabilem,ac
3276 3265 3482 3320 mitem
3500 3265 3558 3320 in
3574 3265 3812 3336 judicio
3832 3280 3957 3323 sen-

2294 3348 2534 3405 tiamus.
2569 3360 2632 3419 It.
2669 3356 2876 3406 Amen.

2363 3437 2469 3493 Per
2488 3437 2975 3495 misericordiam.

2363 3554 2424 3613 ly.
2464 3546 2546 3598 Tu
2577 3560 2658 3611 es,
2679 3545 2850 3610 Deus,
2880 3545 2984 3617 qui
3009 3545 3153 3602 facis
3180 3545 3476 3605 mirabilia
3536 3549 3713 3606 solus
3747 3570 3758 3609 :
3799 3553 3861 3607 P.
3895 3553 3958 3606 Et

2292 3635 2353 3687 tu
2371 3645 2590 3702 regnas
2606 3632 2665 3688 in
2689 3637 2974 3689 aeternum
3007 3634 3282 3691 Domine.
3321 3636 3386 3696 v.
3420 3639 3641 3695 Notam
3673 3639 3873 3696 fecisti
3895 3639 3953 3695 in

2286 3720 2524 3793 populis
2552 3721 2826 3779 virtutem
2854 3728 3017 3780 tuam
3042 3739 3054 3778 :
3077 3722 3343 3780 liberasti
3363 3724 3423 3782 in
3441 3725 3703 3784 brachio
3726 3732 3833 3786 tuo
3851 3744 3955 3802 po-

2285 3807 2498 3880 pulum
2519 3813 2707 3866 tuum.
2761 3811 2823 3866 P.
2876 3814 2940 3868 Et
2969 3814 3056 3868 tu.
3118 3811 3184 3871 ν).
3229 3812 3447 3881 Gloria,
3502 3819 3560 3870 et
3614 3815 3836 3876 honor.
3892 3818 3950 3873 P.

2270 3898 2351 3954 'Et
2373 3900 2456 3954 tu.

2355 4005 2576 4063 Oratio.
2606 4005 2993 4079 Omnipotens
3026 4021 3098 4063 ac
3137 4008 3430 4066 mirabilis
3454 4010 3736 4084 Domine,
3771 4016 3836 4070 tu
3888 4028 3949 4070 es

2281 4092 2386 4165 qui
2406 4093 2554 4149 facis
2582 4093 2880 4151 mirabilia
2896 4095 3059 4151 solus
3079 4114 3091 4166 ;
3111 4101 3168 4154 et
3182 4101 3244 4154 tu
3268 4112 3488 4168 regnas
3504 4098 3569 4155 in
3604 4104 3946 4159 aeternum:

2281 4195 2354 4236 ne
2385 4181 2750 4238 obliviscaris
2791 4182 2996 4249 nostri,
3042 4199 3153 4241 nec
3181 4185 3465 4243 humanis
3495 4186 3864 4258 dejiciamur
3883 4189 3945 4246 in

2280 4267 2559 4326 laudibus
2596 4289 2609 4338 ;
2642 4270 2746 4325 sed
2777 4270 2835 4326 in
2859 4271 2998 4338 te,in
3029 4288 3151 4345 quo
3164 4279 3499 4332 summaest
3531 4275 3943 4347 gloriatio,tui

2278 4372 2575 4414 memores
2598 4357 2978 4414 delectemur.
3009 4369 3072 4429 Β.
3106 4363 3321 4418 Amen.

2350 4449 2453 4502 Per
2477 4445 2968 4513 misericordiam,
2993 4453 3103 4505 etc.

2875 4553 2947 4608 In
2967 4554 3276 4612 Laudibus.

2345 4657 2430 4712 Ad
2450 4658 2750 4715 Canticum
2781 4659 3138 4729 Antiphona.
3159 4661 3412 4733 Adjutor
3440 4665 3496 4719 et
3516 4666 3827 4736 protector
3856 4666 3937 4726 fa-

2271 4751 2402 4803 ctus
2418 4750 2504 4803 est
2523 4743 2672 4803 mihi
2705 4747 2982 4804 Dominus
3013 4749 3076 4806 in
3102 4750 3376 4808 salutem.

2342 4835 2662 4908 Canticum,
2688 4837 3003 4894 Cantemus
3047 4839 3341 4897 Domino:
3384 4841 3670 4913 gloriose.
3722 4846 3935 4914 Quare

2265 4925 2373 4995 fol.
2407 4927 2537 4983 369.

2338 5013 2568 5072 Oratio.
2594 5013 2838 5085 Adjutor
2849 5019 2904 5072 et
2920 5022 3215 5088 protector
3225 5022 3430 5077 noster
3448 5022 3928 5094 Domine,tuam,

2262 5101 2711 5175 qumsumus,ad
2728 5103 3048 5162 salvandos
3069 5121 3180 5162 nos
3206 5121 3447 5180 appone
3477 5111 3821 5181 potentiam
3837 5117 3930 5170 :tu

2262 5207 2323 5246 es
2354 5189 2512 5247 enim
2531 5192 2685 5246 Deus
2710 5194 3035 5266 noster,qui
3056 5195 3469 5253 honoriﬁcaris
3501 5213 3577 5255 ex
3607 5200 3852 5269 debito;
3874 5209 3930 5259 et

566 5274 627 5331 In
657 5276 900 5334 nomine
921 5277 1355 5335 Domininostri
1380 5278 1523 5332 Jesu
1551 5271 2151 5345 Christiperﬁciamus
2259 5278 2531 5336 exaltaris
2561 5295 2632 5335 ex
2658 5280 2904 5338 merito:
2954 5283 3178 5356 quique
3221 5284 3368 5341 dum
3421 5289 3689 5345 conteris
3744 5290 3925 5358 bella,

494 5379 631 5422 cum
657 5380 824 5437 pace.
863 5377 924 5436 BI.
954 5369 1069 5423 Deo
1091 5366 1336 5437 gratias.

1139 5467 1295 5507 FEBIA
1327 5467 1543 5507 TERTIA.

1062 5540 1158 5597 Ad
1199 5540 1582 5597 Matutinum.

575 5631 1058 5702 Antiphona.Ego
1077 5627 1331 5687 dormivi
1351 5647 1365 5690 :
1386 5633 1442 5686 et
1462 5627 2140 5698 resurrexi.Psatmus.m,

2257 5383 2479 5424 nomen
2497 5367 2662 5441 quod
2684 5367 2786 5425 tibi
2803 5369 2997 5426 solum
3021 5371 3190 5439 est,in
3220 5371 3536 5431 virtutibus
3563 5378 3820 5449 pandis,
3838 5378 3926 5435 vel

2254 5455 2314 5511 in
2339 5455 2714 5512 mirabilibus
2733 5457 3054 5515 innotescis
3068 5459 3330 5532 {projice
3351 5477 3565 5520 currus
3585 5465 3926 5525 Pharaonis

2253 5548 2310 5599 et
2333 5545 2657 5602 exercitum
2686 5546 2813 5617 ejus
2834 5547 3058 5604 inmari
3085 5565 3098 5602 :
3131 5551 3198 5605 ut
3233 5549 3332 5621 qui
3364 5553 3535 5622 terga
3577 5560 3926 5628 sequuntur

2249 5636 2474 5703 nostra,
2496 5633 2628 5707 ipso
2653 5633 2734 5691 im
2741 5639 3026 5708 petu,quo
3037 5651 3148 5695 nos
3161 5644 3926 5718 persequuntur,mergan-
