4194 6452
286 334 412 392 625

1528 336 1741 393 FEBIA
1785 338 1853 394 IV
1891 336 2537 399 RESURRECTIONIS.

3641 347 3746 403 626

286 464 429 520 tur:
464 475 582 518 nos
598 462 1972 534 quoquenecumeisimmergasinprofundum
2010 464 2056 518 A
2163 465 2386 520 Lauda.
2412 464 2805 521 Redemitnos
2822 466 3121 530 Dominus,
3149 470 3204 522 P.
3232 470 3295 524 Et
3318 469 3736 526 liberavitnos.

286 554 410 606 aut
446 548 737 623 pelagum
770 550 1157 620 patefactum.
1192 563 1255 619 Ir.
1297 555 1505 607 Amen.

376 639 523 693 Per.

377 726 570 799 375
603 726 689 781 Ad
713 726 1065 783 Benedictus.
1089 727 1455 799 Antiphona.
1475 728 1776 801 Intemplo
1803 745 1973 786 sanc-

293 819 365 872 to
401 815 613 887 glorias
643 817 760 871 tum
788 814 1139 873 benedictus
1188 832 1250 874 es
1276 818 1543 874 Domine.

382 903 722 961 Canticum.
757 904 1103 963 Benedictus
1144 922 1206 963 es
1270 907 1541 963 Domine.
1577 908 1752 977 fot.6.

379 994 569 1051 Sana.
608 995 730 1064 Ego
776 994 1049 1061 dormivi,
1115 1001 1171 1052 et
1226 996 1488 1069 requievi
1517 1002 1607 1052 :et
1653 995 1968 1060 resurrexi,

300 1082 615 1155 quoniam
638 1082 933 1139 Dominus
984 1085 1295 1142 suscitavit
1318 1101 1439 1143 me.

378 1171 624 1228 Lauda.
670 1171 930 1228 Laudate
968 1173 1291 1231 Dominum
1333 1174 1408 1230 de
1464 1174 1648 1231 caelis.
1704 1173 1969 1232 Alleluia.

296 1261 591 1317 Psatmus
611 1275 839 1316 CXLVII].

530 1350 909 1420 Apocalypsis
922 1349 1166 1406 Joannis
1196 1352 1448 1421 Apostoti
1464 1352 1640 1423 (Cap.
1668 1352 1749 1423 ιι).

375 1448 449 1508 Bt.
482 1439 603 1492 Deo
624 1438 863 1509 gratias.

371 1530 505 1596 Ego
536 1528 798 1582 Joannes
830 1544 1038 1583 servus
1067 1530 1645 1586 JesuChristiaudivi
1671 1546 1876 1587 vocem
1891 1531 1965 1587 de

293 1615 464 1671 caelo
508 1616 805 1672 dicentem
862 1616 1045 1671 mihi:
1082 1618 1305 1689 Angelo
1364 1621 1633 1690 Smyrnae
1696 1619 1965 1674 Ecclesim

296 1704 503 1761 scribe
530 1721 540 1759 :
578 1708 712 1760 Haec
741 1705 883 1761 dicit
913 1706 1159 1776 primus,
1194 1711 1251 1762 et
1275 1707 1643 1762 novissimus
1672 1724 1685 1775 ;
1718 1708 1824 1780 qui
1856 1706 1963 1763 fuit

298 1797 610 1859 mortuus,
644 1799 699 1850 et
727 1793 901 1850 vivit:
939 1793 1803 1861 Sciotribulationemtuam,et
1824 1812 1965 1868 pau-

298 1886 629 1954 pertatem,
647 1880 754 1937 sed
769 1882 933 1938 dives
967 1898 1031 1938 es
1058 1882 1593 1955 :etblasphemaris
1622 1883 1701 1940 ab
1726 1884 1841 1951 bis,
1861 1884 1967 1957 qui

307 1986 378 2028 se
399 1971 602 2028 dicunt
627 1972 867 2029 Judmos
905 1987 1056 2043 esse,
1083 1977 1139 2029 et
1167 1988 1291 2029 non
1322 1978 1481 2040 sunt,
1511 1979 1567 2031 et
1595 1976 1965 2048 mentiuntur,

305 2060 422 2118 sed
458 2065 596 2118 sunt
613 2076 928 2134 synagoga
940 2066 1182 2119 satanas.
1203 2062 1806 2121 Nihilhorumtimeas
1833 2080 1969 2136 quae

298 2164 604 2223 passurus
625 2165 714 2207 es.
733 2153 874 2207 Ecce
889 2150 1183 2207 missurus
1210 2155 1297 2208 est
1339 2151 1618 2209 diabolus
1653 2153 1884 2225 aliquos
1899 2169 1972 2209 ex

298 2238 486 2295 vobis
506 2238 569 2295 in
599 2254 918 2308 carcerem,
941 2243 1006 2296 ut
1034 2240 1344 2297 tentemini
1368 2261 1379 2299 :
1402 2246 1466 2297 ut
1494 2242 1764 2299 habeatis
1792 2241 1969 2297 tribu-

294 2326 595 2384 lationem
625 2326 1079 2385 diebusdecem.
1098 2330 1235 2384 Esto
1268 2328 1459 2385 ﬁdelis
1490 2346 1675 2401 usque
1694 2330 1771 2385 ad
1801 2346 1966 2386 mor--

291 2420 450 2483 tem,
474 2420 533 2473 et
556 2416 712 2473 dabo
737 2416 849 2475 tibi
869 2431 1156 2473 coronam
1188 2417 1343 2473 vitae.
1380 2418 1491 2484 Qui
1523 2418 1706 2475 habet
1734 2434 1965 2485 aurem,

291 2504 517 2562 audiat
533 2504 681 2576 quid
709 2504 958 2577 Spiritus
978 2505 1137 2561 dicat
1150 2504 1418 2561 Ecclesiis
1441 2523 1451 2561 :
1470 2507 1578 2573 Qui
1591 2507 1965 2576 venerit,non

289 2592 554 2651 lmdetur
581 2609 619 2649 a
648 2596 837 2650 morte
887 2593 1174 2651 secunda.
1204 2606 1267 2664 13,.
1325 2598 1534 2651 Amen.

364 2682 676 2752 Hymnus.
707 2683 809 2738 Hic
838 2687 929 2739 est
957 2682 1104 2738 dies.
1143 2683 1533 2755 Supplicatio.
1581 2686 1830 2742 Oremus
1860 2687 1965 2741 Re-

287 2771 699 2842 demptorem.
732 2771 971 2842 fot.37l.

371 2860 981 2932 Capitula.Lucidum
1000 2859 1112 2916 diei
1126 2860 1277 2916 tertii
1297 2860 1610 2933 speculum
1636 2877 1965 2932 agnoscen-

288 2954 414 3015 tes,
436 2950 497 3005 in
523 2964 646 3022 quo
666 2964 765 3021 per
791 2948 1101 3005 conditum
1120 2949 1731 3021 ﬁrmamentumlegis
1759 2951 1962 3007 divisae

290 3043 444 3096 sunt
459 3054 633 3111 aqum
658 3038 940 3111 abaquis,
962 3037 1169 3094 ﬁdeles
1192 3038 1395 3111 utique
1414 3038 1493 3095 ab
1509 3038 1850 3096 inﬁdelibus
1870 3055 1961 3096 se-

290 3128 532 3201 gregati
557 3145 571 3195 ;
600 3132 653 3184 te
676 3129 997 3185 Dominum
1025 3143 1313 3199 rogamus
1339 3133 1397 3185 et
1418 3130 1696 3201 petimus,
1717 3133 1781 3185 ut
1816 3146 1959 3186 vera

289 3218 423 3276 ﬁde
453 3232 564 3275 nos
593 3217 874 3281 instruas,
905 3222 961 3273 et
1002 3217 1081 3274 ab
1110 3217 1459 3274 inﬁdelitate
1480 3217 1793 3291 disjungas
1847 3236 1861 3275 :
1897 3223 1961 3276 ut

292 3308 408 3382 qui
436 3306 603 3364 tertia
650 3306 747 3363 die
784 3311 840 3364 te
884 3306 1239 3364 suscitatum
1268 3307 1347 3363 ab
1393 3307 1594 3364 inferis
1636 3308 1956 3374 credimus,

289 3396 451 3454 lucis
470 3400 709 3453 aeternae
739 3395 1016 3468 praesidio
1047 3395 1413 3453 muniamur.

366 3489 543 3543 Pater
572 3491 792 3543 noster.
813 3485 1077 3545 Liberati
1104 3485 1339 3543 amalo.
1380 3487 1492 3556 fol.
1526 3491 1579 3541 2.

365 3575 597 3632 Lauda.
627 3577 888 3632 Surrexit
931 3575 1191 3632 Christus
1213 3591 1250 3632 a
1272 3576 1541 3632 mortuis.
1579 3575 1847 3632 Alleluia.
1886 3577 1950 3633 P.

287 3666 401 3722 Per
424 3664 679 3735 gloriam
710 3664 922 3721 Patris.
976 3664 1243 3727 Alleluia,
1308 3663 1568 3728 alleluia,
1604 3664 1865 3721 alleluia.
1887 3665 1950 3725 ἲν.

291 3756 540 3811 Cantate
562 3753 817 3809 Domino
847 3752 1146 3808 canticum
1176 3768 1404 3808 novum
1433 3769 1446 3807 :
1479 3753 1623 3824 quia
1651 3753 1954 3810 mirabilia

290 3841 451 3898 fecit.
475 3840 540 3894 P.
560 3842 665 3895 Per
693 3838 965 3909 gloriam.
996 3838 1061 3898 v.
1102 3839 1316 3903 Gloria,
1371 3844 1428 3894 et
1466 3840 1680 3895 honor.
1731 3841 1795 3895 Ρ.
1849 3844 1954 3897 Per

296 3929 577 3999 gloriam.

375 4014 734 4071 Benedictio.
766 4015 990 4071 Christe
1004 4014 1108 4071 Dei
1136 4014 1339 4083 Filius,
1372 4014 1549 4087 quiin
1576 4030 1825 4088 corpore
1854 4032 1954 4073 no-

300 4108 441 4161 strae
470 4102 867 4160 mortalitatis.
904 4104 1019 4173 fot.
1043 4104 1167 4160 374.

372 4194 437 4249 In
470 4189 717 4249 nomine
753 4191 989 4248 Domini
1035 4192 1242 4248 nostri.

623 4283 695 4337 In
742 4281 940 4338 eodem
1003 4282 1099 4338 die
1156 4280 1239 4338 ad
1292 4281 1630 4349 Vesperum.

2084 550 2348 615 Alleluia,
2378 552 2709 612 alleluia.\".
2746 553 3005 609 Laudate
3026 556 3194 624 pueri
3220 558 3538 614 Dominum
3567 576 3579 614 :
3611 558 3738 614 lau-

2082 639 2217 695 date
2241 656 2463 695 nomen
2496 641 2750 695 Domini.
2804 643 2866 696 P.
2909 644 2970 697 lit
3016 641 3304 699 liberavit.
3332 646 3389 705 ς’.
3436 647 3650 710 Gloria,
3676 653 3732 703 et

2080 728 2296 785 honor.
2322 728 2383 782 P.
2420 729 2486 784 Et
2505 728 2802 786 liberavit.

2151 817 2436 888 Hymnus.
2459 818 2557 873 Hic
2584 818 2811 874 estdies
2829 834 3028 877 verus.
3068 820 3453 888 Supplicatio.
3481 826 3730 881 Oremus

2083 905 2556 978 lledemptorem.
2582 908 2691 975 fol.
2710 909 2832 963 371.

2155 994 2456 1063 Capitula.
2474 995 2864 1067 Omnipotens
2880 996 3033 1051 Deus
3047 996 3346 1069 Pater,qui
3360 998 3455 1053 die
3474 1001 3640 1056 tertio
3655 1000 3732 1057 al)

2082 1080 2405 1139 inﬁdelium
2418 1082 2977 1157 cordibus,quasiab
2991 1083 3366 1141 inferioribus
3379 1087 3554 1143 salsis
3568 1090 3734 1160 aquis

2083 1159 2336 1237 aridam,
2368 1171 2430 1227 id
2460 1176 2545 1228 est
2557 1173 2849 1244 populum
2868 1172 3094 1228 fontem
3112 1173 3251 1230 ﬁdei
3278 1175 3596 1241 sitientem,
3627 1159 3731 1234 ise-

2083 1274 2329 1330 gregare
2355 1261 2634 1329 dignatus
2660 1278 2754 1329 es;
2776 1261 2854 1317 da
2872 1261 3068 1329 nobis,
3088 1270 3149 1317 ut
3182 1263 3260 1318 ab
3293 1264 3624 1321 inﬁdelium
3648 1267 3734 1323 la-

2080 1350 2247 1421 queis
2260 1351 2571 1420 segregati,
2587 1352 3067 1406 resurrectionem
3097 1351 3219 1406 Filii
3236 1352 3313 1406 tui
3328 1354 3728 1423 praedicamus

2078 1436 2308 1492 indubii
2345 1456 2357 1494 :
2394 1446 2455 1493 ut
2492 1439 2594 1511 qui
2630 1440 2792 1493 tertio
2825 1439 3114 1495 abinferis
3149 1440 3469 1497 suscitatus
3499 1443 3724 1512 esttlie,

2081 1525 2234 1582 trina
2252 1544 2361 1582 nos
2387 1529 2668 1583 virtutum
2682 1528 3060 1592 copulatione
3083 1529 3416 1584 resuscitet:
3447 1532 3720 1602 quoiidc,

2078 1630 2183 1687 spe
2211 1622 2267 1671 et
2296 1616 2576 1671 charitate
2612 1616 2859 1685 robusti,
2900 1616 2974 1671 de
3015 1622 3234 1673 mterno
3283 1620 3725 1676 resurrectionis

2081 1721 2410 1761 mercamur
2444 1722 2686 1763 munere
2726 1705 3045 1761 consolari.

2151 1799 2317 1851 Pater
2345 1800 2564 1852 noster.
2599 1795 2849 1852 Liberati
2872 1812 2908 1851 a
2955 1795 3142 1853 malo.
3174 1796 3284 1866 fol.
3313 1801 3364 1853 2.

2154 1902 2513 1959 Benedictio.
2538 1903 2713 1965 Deus,
2740 1902 2838 1957 Dei
2882 1901 3076 1966 Filius,
3121 1903 3227 1974 qui
3280 1905 3698 1961 resurrectioni

2083 2006 2208 2046 sum
2229 1990 2483 2061 gloriam
2512 1994 2635 2047 toto
2670 1990 2936 2047 dilatavit
2965 1991 3026 2046 in
3067 1992 3316 2059 mundo,
3368 1992 3731 2048 credulitatis

2082 2080 2265 2151 hujus
2287 2079 2687 2150 vosjustiﬁcet
2707 2084 3086 2135 sacramento
3119 2094 3131 2133 :
3166 2091 3229 2147 ἢ.
3279 2084 3487 2135 Amen.
3527 2081 3595 2135 Et
3627 2081 3733 2153 qui

2082 2182 2403 2239 resurgens
2416 2169 2574 2223 ultra
2602 2183 2724 2224 non
2738 2166 3100 2232 moritnr,ab
3118 2167 3364 2223 inﬁnitae
3386 2183 3492 2223 vos
3523 2169 3730 2224 mortis

2084 2257 2290 2329 eripiat
2324 2256 2657 2313 dominatu.
2711 2268 2773 2325 ἢ.
2804 2257 3015 2311 Amen.
3048 2257 3176 2322 Quo
3238 2255 3298 2311 in
3338 2271 3408 2311 eo
3447 2255 3623 2312 nobis
3668 2257 3739 2313 sit

2079 2352 2436 2419 perpetuum
2452 2344 2768 2416 gaudium,
2793 2346 2854 2400 in
2884 2360 3008 2417 quo
3044 2343 3214 2400 nobis
3246 2345 3551 2417 praecessit
3574 2360 3731 2402 verae

2078 2434 2523 2491 resurrectionis
2563 2433 2929 2507 exemplum.
2962 2445 3027 2504 ni.
3055 2435 3266 2489 Amen.

2146 2526 2253 2579 Per
2282 2522 2756 2580 misericordiam
2792 2521 3000 2595 ipsius,
3030 2526 3139 2578 etc.
3195 2522 3479 2578 Dominus
3518 2523 3619 2579 sit.
3663 2535 3725 2593 nn.

2076 2614 2145 2668 Et
2180 2627 2339 2668 cum.

2147 2719 2377 2775 Lauda.
2405 2721 2571 2775 Mane
2585 2717 2900 2774 nobiscum
2913 2717 3183 2787 Domine,
3201 2717 3265 2774 P.
3281 2718 3324 2783 Ο
3335 2716 3577 2774 uoniam
3594 2718 3615 2788 j
3623 2732 3723 2774 am

2075 2806 2332 2863 declinat
2362 2807 2489 2862 dies
2509 2807 2571 2862 in
2598 2821 2941 2877 vesperum.
2990 2804 3259 2872 Alleluia,
3278 2804 3533 2863 alleluia.
3554 2805 3726 2865 Μα-

2076 2896 2262 2951 cedite
2285 2895 2361 2952 ad
2395 2898 2601 2960 Deum,
2634 2900 2690 2950 et
2712 2893 3139 2949 illuminamini
3166 2910 3177 2948 :
3212 2897 3269 2948 et
3324 2893 3521 2948 vultus
3549 2894 3726 2949 vestri

2078 2999 2198 3040 non
2222 2983 2589 3040 erubescant.
2615 2983 2678 3037 Ρ.
2704 2981 3002 3048 Quoniam
3033 2982 3182 3052 jam.
3208 2981 3270 3040 ἲν.
3300 2980 3513 3037 Gloria.
3533 2986 3587 3037 et
3611 2980 3722 3037 ho-

2004 3089 2050 3149 c
2078 3089 2207 3129 nor.
2245 3071 2617 3138 P.Quoniam
2647 3072 2795 3142 jam.

2150 3160 2646 3218 0ratio.Concede
2670 3159 3140 3225 nobis,Dominc,
3176 3165 3238 3215 ut
3278 3159 3487 3216 mortis
3541 3175 3725 3232 opera

2072 3267 2195 3308 non
2217 3267 2492 3321 agamus,
2521 3250 2619 3322 qui
2636 3249 3080 3306 resurrectionis
3099 3254 3214 3304 tuas
3233 3248 3566 3320 triumphos
3602 3248 3725 3319 plc-

2067 3354 2150 3395 na
2186 3339 2306 3394 ﬁde
2328 3338 2612 3395 colimus:
2645 3343 2707 3394 ut
2735 3336 3084 3393 insultantes
3104 3337 3281 3393 morti
3305 3343 3601 3409 perpetuae
3620 3353 3725 3409 per

2064 3427 2295 3485 bonam
2328 3427 2540 3498 vitam,
2573 3442 2742 3483 novre
2784 3425 3128 3483 hereditatis
3158 3425 3469 3499 capiamus
3511 3425 3717 3497 praesi—

2064 3517 2185 3575 dia.
2227 3529 2289 3587 Βί.
2333 3519 2542 3572 Amen.

2135 3610 2240 3663 Per
2278 3603 2780 3662 misericordiam.

2136 3696 2201 3751 In
2219 3694 2466 3753 nomine
2510 3692 2747 3750 Domini
2776 3692 2991 3749 nostri.

2564 3800 2742 3871 376
2783 3816 2939 3855 manu
2972 3816 3209 3863 cum“.

2632 3907 2733 3963 Ad
2774 3908 3146 3965 Matutinum.

2132 4015 2491 4087 Antiphonti.
2515 4016 2633 4083 Ego
2658 4013 2938 4069 dormivi.
2970 4014 3227 4070 Psalmus
3260 4028 3342 4070 ιιι.
3378 4013 3717 4070 0ratz'o.Do—

2062 4103 2226 4162 mine
2246 4104 2387 4159 Jesu
2411 4102 2658 4158 Christe.
2687 4102 2805 4170 fol.
2837 4106 2962 4157 369.

2136 4190 2654 4263 Antiphona.l.De
2702 4205 2883 4244 manu
2922 4188 3128 4244 mortis
3177 4187 3449 4245 liberabo
3500 4189 3720 4257 eos,de

2064 4284 2255 4338 morte
2277 4278 2574 4336 redimam
2602 4276 2764 4333 illos:
2798 4277 2859 4331 P.
2889 4278 2999 4333 Ero
3024 4292 3205 4340 mors,
3230 4280 3334 4332 tua
3356 4292 3392 4332 o
3416 4291 3709 4341 mors,ero

368 4371 601 4428 Lauda.
632 4369 1049 4428 Laudaverunt
1066 4374 1120 4428 te
1134 4368 1407 4428 Domine.
1435 4369 1654 4429 Oratio.
1685 4368 1957 4427 Laudant
2064 4386 2301 4427 morsus
2342 4366 2750 4424 tuusinferne.
2772 4366 2840 4427 νιν.
2864 4369 3104 4438 Propter
3147 4365 3422 4422 miserias
3444 4366 3717 4437 inopum,

295 4465 351 4519 te
366 4460 635 4519 Domine.
666 4461 778 4531 fol.
832 4461 955 4517 371.

366 4552 547 4609 Sono.
576 4550 795 4615 Venite,
833 4556 887 4606 et
918 4548 1110 4606 videte
1154 4566 1166 4605 :
1214 4547 1475 4620 Angelus
1518 4548 1823 4621 quomodo
1867 4566 1951 4606 re-

295 4638 765 4712 volvitlapidem
792 4639 884 4709 ;P.
948 4638 1152 4697 Milites
1199 4638 1598 4695 custodientes
1640 4640 1948 4707 Sanctum;

299 4729 568 4796 Alleluia,
590 4728 851 4787 alleluia.
872 4728 935 4790 7V.
962 4729 1228 4787 Mulieres
1256 4728 1723 4801 lachrymantes,
1758 4729 1951 4788 salva-

300 4822 491 4876 torem
511 4821 870 4891 queerentes.
897 4818 1088 4875 Mariae
1105 4817 1367 4889 Angelus
1381 4817 1527 4874 dixit
1542 4836 1553 4876 :
1578 4820 1708 4875 Non
1723 4822 1811 4876 est
1823 4818 1921 4877 hic
1938 4836 1951 4876 :

301 4906 555 4965 surrexit
573 4907 732 4963 enim
763 4906 1067 4963 Dominus.
1100 4907 1165 4961 P.
1230 4907 1450 4964 Milites.

374 4996 666 5052 Dominus
696 4994 769 5053 sit
793 5009 1056 5066 semper.
1115 5007 1178 5065 Bg.
1202 4998 1269 5052 Et
1293 5012 1451 5052 cum.

1985 4438 2034 4496 D
2064 4466 2121 4518 et
2140 4458 2428 4531 gemitum
2456 4470 2993 4529 pauperum,nunc
3015 4469 3329 4525 exurgam,
3352 4454 3495 4511 dicit
3516 4454 3718 4510 Domi-

2063 4549 2437 4608 nus.Ponam
2449 4546 2510 4602 in
2527 4545 2769 4603 salutari
2787 4559 2921 4601 meo
2938 4563 2951 4604 :
2972 4543 3328 4601 fiducialiter
3344 4558 3523 4615 agam
3543 4543 3604 4599 in
3623 4560 3716 4601 eo.

2064 4640 2135 4695 P.
2169 4641 2279 4695 Ero
2307 4652 2486 4694 mors.
2520 4634 2583 4695 ν.
2624 4634 2844 4704 Gloria,
2869 4638 2925 4691 et
2953 4634 3165 4691 honor.
3200 4636 3258 4689 P.
3281 4636 3392 4689 Ero
3420 4648 3603 4690 mors.

2137 4728 2357 4785 Oratio.
2388 4723 2657 4782 Concede
2696 4724 2871 4781 nobis
2916 4724 3178 4781 Domine.
3202 4724 3310 4779 Hic
3338 4739 3530 4795 supra.

2136 4815 2543 4886 Antiphona2.
2564 4813 2819 4870 Absorta
2839 4819 2927 4869 est
2939 4828 3101 4868 mors
3117 4810 3475 4885 praevalens:
3501 4816 3557 4867 et
3588 4828 3716 4869 ma-

2063 4906 2348 4965 ledictum
2365 4902 2573 4976 populi
2595 4902 2838 4959 abstulit
2875 4901 3164 4958 Dominus
3187 4900 3265 4957 ab
3314 4900 3480 4956 omni
3509 4917 3630 4965 ore,
3662 4906 3721 4958 et

2066 4995 2284 5053 delevit
2306 4993 2619 5065 lachymas
2640 4991 2718 5047 ab
2749 4991 2913 5047 omni
2947 4990 3116 5047 facie.
3165 4989 3228 5046 P.
3291 4990 3391 5045 Hic
3430 4994 3519 5046 est
3569 4993 3723 5047 Deus

373 5085 742 5153 Antiphona.
773 5083 1108 5156 Consepulti
1136 5083 1296 5140 enim
1316 5101 1528 5141 sumus
1561 5101 1701 5142 cum
1727 5086 1956 5143 Christo
2068 5089 2268 5143 noster
2302 5081 2696 5145 :exultemus,
2733 5084 2789 5137 et
2811 5078 3125 5152 epulemur
3152 5078 3214 5135 in
3240 5079 3497 5136 salutare
3512 5080 3723 5153 ipsius.

303 5190 410 5247 per
436 5173 741 5246 baptisma
755 5172 820 5230 in
841 5177 1136 5230 montem:
1158 5177 1221 5230 ut
1235 5173 1755 5246 quemadmodum
1767 5192 1960 5233 resur-

304 5262 740 5320 rexitChristus
768 5279 806 5319 a
837 5262 1088 5319 mortuis
1117 5276 1225 5335 per
1254 5262 1506 5332 gloriam
1537 5264 1747 5329 Patris,
1778 5264 1843 5320 P.
1876 5268 1961 5324 lta

307 5359 364 5410 et
381 5368 494 5411 nos
519 5352 778 5410 novitate
810 5352 943 5409 vitae
983 5351 1389 5409 ambulemus.
1423 5352 1635 5426 VJpse
1660 5353 1796 5411 fecit
1825 5370 1956 5421 nos,

308 5447 366 5501 et
389 5458 513 5500 non
538 5441 654 5515 ipsi
676 5457 805 5499 nos.
831 5441 949 5498 Nos
981 5445 1183 5498 autem
1227 5441 1488 5514 populus
1516 5443 1663 5515 ejus,
1713 5447 1771 5501 et
1818 5460 1961 5502 oves

308 5546 553 5605 pascuae
583 5529 730 5600 ejus.
774 5530 959 5587 P.1ta
1011 5532 1068 5586 et
1119 5544 1250 5585 nos.

388 5617 685 5677 Dominus
711 5616 784 5675 sit
802 5633 1053 5690 semper.
1098 5629 1162 5689 BI.
1193 5620 1257 5675 Et
1308 5633 1468 5674 cum.

2068 5175 2131 5237 ir.
2164 5173 2655 5242 Prmoccupemus
2684 5169 2885 5226 faciem
2911 5169 3039 5239 ejus
3062 5168 3122 5224 in
3156 5168 3566 5225 confessione:
3597 5171 3731 5224 etin

2074 5258 2656 5336 psalmisjubilemus
2692 5258 2764 5315 ei.
2798 5258 2858 5312 P.
2884 5258 2985 5314 Hic
3008 5261 3116 5314 est.
3178 5257 3238 5319 ἲν.
3275 5257 3488 5321 Gloria,
3546 5260 3602 5313 et
3628 5257 3733 5313 ho-

2074 5368 2205 5409 nor.
2237 5351 2299 5405 P.
2333 5350 2433 5405 Hic
2466 5354 2572 5405 est.

2150 5441 2381 5498 Oratio.
2415 5443 2588 5503 Deus,
2623 5439 2721 5495 Dei
2752 5438 2947 5502 Filius,
2976 5438 3149 5508 cujus
3170 5453 3335 5493 mors
3352 5442 3604 5491 mortem
3626 5432 3733 5487 ob-

2082 5529 2334 5595 sorbuit,
2355 5532 2411 5585 et
2439 5528 2828 5584 maledictum
2844 5525 3090 5583 abstulit
3136 5523 3347 5580 mundi
3366 5541 3382 5591 ;
3403 5521 3495 5575 {ac
3520 5533 3631 5572 nos
3655 5519 3735 5572 ita

2086 5633 2325 5691 semper
2352 5618 2412 5675 in
2440 5621 2540 5674 tua
2554 5614 3005 5674 resurrectionis
3037 5611 3283 5670 victoria
3302 5602 3629 5666 conlmtari,
3670 5608 3731 5657 ut
