4194 6480
522 385 627 440 627

1783 355 2238 448 BREVIAamil
2277 373 2667 432 GOTHICUM.

3820 361 3941 422 628

525 505 666 562 dum
689 504 1087 577 pradicamus
1111 505 1360 576 gloriam
1390 503 1606 568 Crucis,
1632 501 2032 559 indesinenter
2067 516 2172 573 po-
2200 503 2246 556 A
2273 499 2503 556 calculo
2530 514 2751 556 nomen
2775 511 3002 554 novum
3031 494 3340 568 scriptum,
3365 491 3526 565 quod
3555 505 3749 548 nemo
3794 490 3934 562 scit,

522 595 742 651 tiamur
772 592 1018 665 praemio
1048 591 1326 648 veritatis.
1358 602 1422 661 13;.
1455 596 1663 647 Amen.

585 682 694 737 Per
718 680 1195 737 misericordiam
1229 683 1412 735 tuam.

594 770 928 839 Antiphona
956 769 1008 822 3.
1031 769 1134 823 Ubi
1157 772 1241 823 est
1280 783 1440 821 mors
1473 767 1719 822 victoria
1772 767 1917 822 tua?
1960 766 2024 819 P.
2054 762 2168 819 Ubi

526 861 614 913 est
641 873 806 912 mors
833 855 1074 912 aculeus
1094 859 1228 911 tuus
1250 854 1276 908 ‘l
1299 855 1607 910 Resurrexi
1638 871 1650 908 :
1678 853 1826 910 dicit
1856 854 2162 909 Dominus.

524 945 588 1005 7!.
618 943 1149 1016 Proptermiserias
1170 943 1441 1014 inopum,
1489 946 1545 996 et
1601 942 1888 1011 gemitum
1936 955 2165 1013 paupe-

527 1049 664 1089 rum
690 1050 704 1099 ;
737 1048 896 1087 nunc
922 1047 1226 1102 exurgam,
1259 1030 1397 1085 dicit
1417 1030 1711 1085 Dominus.
1739 1031 1960 1085 Ponam
1980 1029 2044 1084 in
2075 1045 2165 1082 sa-

527 1119 701 1176 lutari
726 1135 861 1174 meo
893 1117 1269 1173 :ﬁducialiter
1298 1133 1475 1188 agam
1495 1117 1556 1173 in
1593 1133 1683 1174 eo.
1717 1117 1890 1174 P.Ubi
1929 1120 2039 1172 est.
2072 1115 2116 1176 ἵ
2148 1129 2164 1172 :

533 1208 749 1270 Gloria,
784 1212 839 1261 et
865 1206 1076 1261 honor.
1095 1206 1157 1259 P.
1190 1205 1297 1260 Ubi
1315 1210 1422 1260 est.

603 1293 824 1349 Oratio.
851 1293 1071 1349 Christe
1085 1294 1256 1358 Deus,
1279 1309 1314 1348 a
1331 1308 1448 1364 quo
1471 1309 1633 1349 mors
1663 1293 2041 1348 invictoriam
2065 1291 2170 1347 ab-

534 1384 694 1437 sorta
719 1383 804 1436 est
827 1422 839 1435 .
871 1379 977 1452 qui
1008 1379 1212 1435 mortis
1250 1379 1560 1435 victoriam
1616 1379 1794 1435 simul
1815 1383 1872 1435 et
1891 1380 2166 1435 aculeum

533 1469 870 1536 dextruens,
886 1483 1155 1538 magnum
1169 1468 1386 1523 mundo
1397 1467 1810 1540 redemptionis
1832 1467 2166 1540 prasidium

537 1555 861 1626 contulisti;
880 1555 959 1612 da
969 1555 1523 1627 nobis,utvitiorum
1541 1557 1714 1611 morti
1734 1555 2018 1611 virtutum
2035 1570 2167 1626 pro-

538 1645 788 1701 fectibus
817 1644 1186 1712 insultantes,
1213 1644 1291 1700 ad
1321 1649 1537 1699 aterna
1584 1643 1804 1714 gaudia
1834 1659 2173 1700 mereamur
2247 1691 2254 1701 ι

537 1732 784 1805 perduci
805 1731 1164 1804 quandoque
1175 1730 1489 1787 beatiores.
1510 1731 1571 1791 in
1600 1735 1807 1787 Amen.

611 1821 722 1875 Per
750 1819 1237 1875 misericordiam.

611 1919 677 1978 By.
707 1911 939 1978 Magna,
965 1913 1021 1963 et
1041 1907 1335 1963 mirabilia
1350 1911 1666 1980 operatua.
1688 1909 1932 1964 Domine
1950 1911 2172 1978 :justa,

543 2003 771 2054 etvera
797 1997 1055 2051 suntvia
1086 2000 1224 2054 tua.
1258 1997 1334 2052 P.
1372 1999 1493 2053 Rex
1518 1997 1790 2053 omnium
1822 1997 2175 2067 gentiumJ'.

547 2085 691 2151 Quis
705 2099 826 2140 non
839 2083 1006 2140 timet
1017 2085 1345 2149 Domine,et
1361 2085 1707 2154 magniﬁcai
1727 2101 1947 2140 nomen
1961 2091 2130 2140 tuum
2154 2085 2181 2139 ἵ

546 2171 836 2245 quoniam
867 2171 1027 2227 solus
1047 2171 1243 2242 justus
1274 2189 1357 2229 es.
1394 2175 1463 2228 P.
1499 2177 1616 2228 Rex
1638 2171 1928 2228 omnium.
1961 2173 2024 2234 ν.
2057 2175 2184 2230 Glo-

545 2260 657 2326 ria,
687 2265 742 2317 et
770 2261 977 2316 honor.
1010 2261 1072 2314 P.
1101 2263 1220 2316 Rex
1247 2261 1542 2316 omnium.

620 2350 832 2405 Oratio.
867 2349 1097 2418 Magna,
1131 2352 1187 2404 et
1214 2348 1511 2405 mirabilia
1539 2363 1724 2420 opera
1751 2353 1855 2405 tua
1915 2349 2182 2414 Domine,

549 2438 693 2511 quia
713 2452 873 2499 vera,
889 2441 945 2491 et
955 2436 1116 2506 justa
1128 2443 1267 2490 sunt
1272 2436 1293 2506 j
1305 2435 1498 2491 udicia
1514 2441 1636 2491 tua.
1666 2436 1863 2492 Subde
1880 2453 1992 2492 nos
2013 2439 2188 2493 vesti-

551 2526 662 2596 giis
690 2525 825 2592 tuis,
855 2529 920 2580 ut
947 2523 1096 2579 ﬁdes
1122 2523 1391 2579 Ecclesia
1417 2528 1533 2579 tua
1562 2525 1744 2595 pedes
1763 2529 1898 2581 tuos
1916 2525 2144 2582 ambiat
2173 2545 2185 2594 ;

549 2617 965 2684 mereaturque
994 2613 1056 2667 in
1073 2612 1166 2667 his
1181 2611 1435 2681 gratiam
1448 2612 1933 2683 complectendis,
1961 2613 2023 2669 in
2053 2614 2190 2685 qui-

551 2702 670 2758 bus
694 2700 1036 2771 evangelica
1050 2699 1266 2756 mulier
1281 2699 1522 2756 veniam
1543 2701 1756 2758 meruit
1785 2701 2187 2773 osculandm.

553 2792 761 2845 Amen.

625 2881 731 2933 Per
759 2875 1256 2934 misericordiam.

1151 2966 1224 3021 In
1261 2966 1585 3023 Laudibus.

625 3053 716 3107 Ad
727 3053 1094 3110 Canticum.A
1105 3053 1408 3122 ntiphona.
1428 3053 1540 3108 Iste
1555 3053 1710 3108 Deus
1727 3056 1978 3120 meus,et
2006 3053 2195 3108 hono-

557 3141 804 3231 riﬁcabo
832 3157 1005 3196 eum:
1031 3144 1186 3197 Deus
1217 3141 1402 3231 Patris
1449 3141 1586 3231 mei,
1617 3140 1980 3231 etexaltabo
2011 3155 2192 3231 eum.
2217 3129 2269 3231 ‘C

631 3227 947 3284 Canticum.
978 3231 1297 3284 Cantemus
1319 3227 1560 3282 Domino
1588 3243 1602 3280 :
1636 3226 1910 3294 gloriose.
1931 3227 2043 3295 fol.
2068 3231 2194 3284 369.

627 3315 1082 3388 OratioJlepelle
1103 3314 1327 3370 anobis
1350 3313 1600 3368 Domine
1614 3313 1973 3369 mortiferam
1998 3315 2196 3383 perni-

558 3402 707 3458 ciem
729 3403 899 3474 impii
927 3402 1252 3458 Pharaonis
1273 3417 1285 3457 z
1309 3405 1374 3456 ut
1393 3398 1765 3456 comminuto
1777 3401 1926 3472 jugo
1955 3404 2195 3459 servitu-

555 3491 596 3546 ti
603 3491 946 3562 s’Egyptia;
975 3489 1306 3545 serviamus
1318 3487 1423 3543 tibi
1437 3487 1497 3542 in
1511 3487 1729 3556 gaudio
1739 3487 2022 3546 libertatis
2036 3495 2196 3547 ater-

554 3593 674 3634 na.
713 3589 778 3647 Br.
821 3579 1027 3632 Amen.

625 3666 736 3719 Per
763 3663 1252 3719 misericordiam.

624 3753 711 3806 Ad
739 3751 1101 3806 Benedictus.
1123 3750 1496 3820 Antiphona.
1514 3752 1580 3806 1n
1601 3751 1822 3824 templo
1837 3757 2045 3809 sancto
2071 3753 2196 3823 glo-

553 3839 654 3894 ria
688 3843 806 3894 tua
834 3838 1183 3894 benedictus
1204 3854 1266 3894 es
1289 3839 1556 3895 Domine.

627 3926 1319 3983 Canticum.Benedictus
1348 3943 1412 3983 es
1459 3927 1730 3985 Domine.
1757 3929 1872 3998 fol.
1923 3933 1976 3995 6,
2017 3931 2188 3987 Sono.

554 4017 676 4084 Ego
699 4014 980 4072 dormivi.
1005 4017 1114 4085 fol.
1155 4017 1276 4071 370.

623 4103 848 4160 Lauda.
865 4102 1122 4159 Laudate
1137 4104 1454 4159 Dominum
1468 4104 1541 4160 de
1563 4104 1743 4160 caelis.
1761 4103 2027 4175 Alleluia,
2053 4105 2191 4166 alle-

553 4188 691 4246 luia.
724 4189 980 4246 Psalmus
1015 4207 1233 4247 chvm.

830 4277 1216 4350 Apocalypsis
1249 4280 1494 4336 Joannis
1517 4279 1786 4349 Apostoli
1811 4282 1986 4353 (Cap.
2018 4296 2104 4357 ιι).

625 4375 689 4434 ἢ.
721 4367 840 4420 Deo
871 4365 1111 4435 gratias.

623 4451 850 4522 Angelo
885 4453 1152 4521 Pergami
1190 4455 1456 4510 Ecclesia
1487 4455 1682 4512 scribe
1708 4473 1720 4512 :
1743 4457 1867 4514 hac
1904 4458 2048 4515 dicit
2090 4459 2190 4530 qui

2273 589 2387 643 nisi
2415 589 2519 660 qui
2547 588 2776 658 accipit.
2808 597 2871 656 B'.
2922 588 3128 640 Amen.

2343 677 2630 746 Hymnus.
2660 675 2759 730 Hic
2797 678 2883 729 est
2908 673 3054 730 dies.
3086 669 3782 741 Supplicatio.0remus.
3807 667 3934 736 fol.

2274 765 3423 919 37:3.apilula.Luminosadieiquartilux
3437 845 3738 900 matutina
3751 843 3938 898 reful-

2273 943 2388 1009 get,
2415 941 2475 994 in
2495 955 2617 1011 qua
2653 943 2735 1004 tu,
2760 940 2912 994 Deus
2939 937 3351 1008 Omnipotens,
3401 948 3630 1003 magna
3664 931 3941 988 lumina-

2272 1028 2359 1083 ria
2402 1027 2462 1082 in
2519 1028 2896 1083 ﬁrmamento
2953 1025 3084 1080 cali
3131 1023 3521 1086 constituens,
3572 1019 3937 1093 quadriﬂuo

2273 1116 2724 1184 Evangeliorum
2750 1129 2993 1170 omnem
3031 1112 3329 1168 mundum
3347 1111 3602 1165 visitans
3644 1108 3939 1179 inrigasti

2274 1218 2412 1257 cum
2437 1218 2573 1257 eum
2592 1201 2850 1273 pretioso
2871 1216 2980 1256 suo
3001 1200 3292 1268 sanguine
3313 1197 3619 1252 redemisti
3645 1213 3659 1262 ;
3688 1196 3937 1266 daergo

2273 1289 2467 1353 nobis,
2497 1290 2576 1345 ita
2601 1289 2794 1344 lucere
2817 1290 2875 1343 in
2905 1288 3284 1343 ﬁrmamento
3309 1285 3608 1349 Ecclesia,
3637 1289 3701 1340 ut
3759 1289 3938 1339 ater-

2275 1392 2418 1433 nam
2447 1392 2784 1432 mereamur
2813 1377 2984 1447 377
3036 1374 3341 1446 pervenire
3394 1372 3469 1429 ad
3497 1373 3812 1443 requiem:
3869 1376 3938 1427 ut

2275 1466 2378 1538 qui
2403 1465 2834 1534 Primogenitus
2855 1480 2928 1520 ex
2940 1464 3191 1520 mortuis
3218 1460 3935 1532 crederis,indultorquo—

2276 1570 2394 1627 que
2423 1555 2738 1610 criminum
2760 1554 2817 1608 in
2845 1552 3072 1624 judicio
3120 1551 3416 1606 sentiaris.

2349 1643 2521 1698 Pater
2545 1647 2764 1698 noster.
2795 1641 3041 1697 Liberati
3079 1657 3115 1696 a
3145 1639 3326 1695 malo.
3355 1639 3472 1708 fol.
3510 1642 3562 1693 2.

2350 1731 2583 1787 Lauda.
2617 1730 2872 1786 Surrexit
2895 1729 3154 1785 Christus
3186 1743 3222 1783 a
3260 1727 3541 1794 mortuis,
3572 1724 3848 1781 Alleluia.
3874 1729 3938 1781 P.

2209 1840 2254 1894 Β
2284 1819 2394 1874 Per
2414 1817 2660 1887 gloriam
2719 1819 2918 1873 Patris.
2965 1815 3228 1879 Alleluia,
3267 1815 3529 1870 alleluia.
3560 1813 3623 1874 ἵ.
3691 1816 3946 1871 Cantate

2286 1907 2533 1964 Domino
2564 1905 2862 1962 canticum
2908 1919 3130 1961 nOVum
3164 1905 3368 1976 :quia,
3421 1902 3728 1958 mirabilia
3786 1903 3944 1959 fecit.

2287 1997 2350 2051 Ρ.
2380 1999 2482 2051 Per
2520 1994 2787 2065 gloriam.
2840 1995 2900 2054 77.
2934 1993 3148 2059 Gloria,
3179 1998 3235 2049 et
3263 1994 3478 2048 honor.
3550 1992 3613 2046 P.
3656 1992 3766 2048 Per
3813 1993 3951 2061 glo-

2288 2085 2461 2142 riam.

2361 2173 2717 2230 Benedictio.
2748 2175 2900 2227 Deus
2928 2172 3028 2228 Dei
3077 2171 3278 2228 Filius.
3295 2172 3411 2240 fol.
3449 2175 3570 2226 375.

2365 2264 2426 2316 ln
2448 2261 2690 2316 nomine
2725 2259 2981 2316 Domini.

2715 2347 2923 2403 Eodem
2944 2348 3038 2403 die
3065 2346 3141 2402 ad
3179 2349 3514 2416 Vesperum.

2364 2438 2582 2494 Lauda.
2621 2437 3101 2492 Laudaveruntte
3141 2437 3417 2492 Domine.
3455 2437 3568 2504 fol.
3603 2439 3726 2491 371.

2365 2525 2540 2581 Sono.
2564 2524 2704 2589 Quis
2734 2526 2883 2579 Deus
2907 2539 3183 2592 magnus,
3235 2523 3386 2580 sicut
3415 2525 3573 2578 Deus
3605 2521 3859 2577 noster?
3880 2523 3948 2576 P.

2294 2616 2375 2669 Tu
2391 2629 2452 2669 es
2473 2614 2645 2681 Deus,
2673 2613 2776 2684 qui
2797 2612 2940 2668 facis
2971 2612 3265 2668 mirabilia
3296 2612 3478 2668 solus.
3512 2611 3787 2674 Alleluia,
3812 2610 3955 2666 alla-

2295 2701 2434 2757 luia.
2465 2701 2526 2762 tl.
2557 2699 2919 2756 Honoriﬁcus
2945 2700 3004 2756 in
3028 2701 3280 2764 Sanctis,
3311 2700 3605 2756 mirabilis
3633 2701 3694 2755 in
3728 2697 3954 2769 majes-

2297 2789 2530 2856 tatibus,
2562 2789 2786 2844 faciens
2820 2789 3109 2858 prodigia.
3141 2789 3180 2841 P
3209 2805 3220 2844 :
3245 2791 3329 2844 Tu
3350 2805 3413 2843 es
3444 2791 3620 2844 Deus.

2368 2877 2654 2932 Dominus
2678 2877 2771 2933 sit.
2803 2887 2864 2942 av.
2905 2879 2970 2931 Et
3005 2891 3167 2933 cum.

2369 2966 2729 3034 Antiphona.
2762 2965 3022 3021 Tradidit
3039 2966 3102 3020 in
3125 2968 3380 3020 mortem
3399 2965 3672 3020 animam
3696 2968 3966 3030 suam,et

2297 3060 2438 3108 cum
2464 3053 2684 3124 iniquis
2696 3052 3012 3124 deputatus
3024 3063 3131 3108 est.
3148 3052 3207 3106 P.
3228 3054 3290 3106 Et
3318 3053 3450 3123 ipse
3467 3057 3717 3124 peccata
3741 3052 3967 3108 multo-

2300 3156 2436 3196 rum
2465 3141 2634 3198 tulit:
2669 3147 2726 3198 et
2747 3141 3089 3212 iniquitates
3121 3146 3357 3196 nostras
3389 3142 3449 3195 in
3487 3155 3550 3195 se
3577 3141 3861 3212 portavit.
3888 3141 3961 3201 ν.

2305 3231 2546 3286 Cantate
2569 3229 2819 3284 Domino
2839 3228 3137 3284 canticum
3168 3243 3398 3284 novum
3432 3245 3445 3283 :
3481 3229 3627 3300 quia
3650 3228 3970 3285 mirabilia

2302 3316 2454 3373 fecit.
2522 3317 2592 3374 P-
2637 3319 2704 3372 Et
2749 3316 2894 3388 ipse.
2963 3316 3024 3374 IV.
3104 3316 3322 3384 Gloria,
3393 3323 3448 3372 et
3513 3316 3736 3373 honor.
3771 3316 3836 3372 P.
3893 3319 3965 3372 Et

2301 3405 2447 3476 ipse.

2373 3492 2661 3548 Dominus
2695 3492 2784 3548 sit.
2814 3504 2873 3555 R».
2900 3493 3144 3548 Etcum.

2371 3580 2591 3636 Lauda.
2625 3582 2767 3636 Ecce
2796 3582 3140 3637 recordatus
3165 3585 3257 3636 est
3284 3581 3578 3636 Dominus
3609 3580 3822 3652 populi
3842 3583 3968 3646 sui,

2301 3669 2566 3735 Alleluia,
2595 3676 2650 3724 et
2680 3670 2957 3726 misertus
2987 3673 3073 3725 est
3117 3669 3430 3725 hereditati
3486 3685 3631 3724 sua.
3679 3669 3968 3727 Alleluia.
4055 3657 4060 3664 ’

2301 3757 2364 3811 Ρ.
2397 3760 2463 3814 Et
2491 3757 3209 3814 observabhnturdiesisti
3225 3772 3466 3812 summo
3490 3757 3714 3824 studio,
3737 3763 3795 3813 et
3811 3773 3971 3828 gau-

2301 3843 2401 3900 dio
2427 3860 2658 3914 magno.
2692 3843 2954 3909 Alleluia,
2979 3843 3242 3900 alleluia.
3267 3843 3334 3904 7V.
3357 3846 3400 3900 0
3450 3844 3705 3899 Domine
3752 3844 3971 3901 salvos

2300 3948 2414 3989 nos
2444 3933 2537 3989 fac
2572 3950 2584 3988 :
2617 3948 2650 3988 ο
2681 3931 2928 3988 Domine
2978 3932 3130 3988 bene
3175 3947 3557 4003 prosperare.
3614 3935 3675 3986 P.
3730 3933 3801 3988 Et
3849 3932 3969 3988 ob-

2304 4021 2718 4077 servabuntur.
2751 4019 2814 4080 V.
2841 4019 3054 4088 Gloria,
3110 4027 3164 4075 et
3195 4018 3412 4075 honor.
3444 4018 3510 4076 P.
3554 4021 3622 4076 Et
3675 4019 4000 4077 observa-.

2299 4108 2548 4166 buntur.

2371 4198 2652 4253 Dominus
2684 4198 2782 4251 sit.
2821 4207 2886 4266 BI.
2912 4197 2978 4251 Et
3026 4211 3184 4252 cum.

2370 4285 2588 4342 Lauda.
2619 4287 2837 4341 Omnes
2866 4283 3202 4340 benedicite
3245 4284 3567 4340 Dominum
3595 4299 3608 4338 :
3634 4287 3693 4338 et
3743 4300 3975 4343 omnes

2301 4373 2654 4431 conlaudata
2680 4373 3052 4443 majestatem
3103 4373 3344 4444 ejus.P.
3391 4371 3560 4441 Agite
3586 4372 3753 4428 diem
3807 4375 3972 4431 lati-

2298 4462 2413 4518 tia.
2468 4461 2733 4526 Alleluia,
2794 4460 3045 4526 alleluia,
3097 4459 3353 4516 alleluia.
3413 4459 3478 4519 ἡ.
3543 4462 3674 4515 Vox
3739 4459 3969 4519 latitia

549 4539 726 4594 habet
748 4539 1160 4612 rhomphaam
1175 4557 1246 4598 ex
1270 4547 1516 4615 utraque
1556 4550 1722 4616 parte
1745 4551 1984 4603 acutam
2017 4565 2030 4603 :
2061 4548 2190 4605 Scio
2223 4539 2268 4594 D
2299 4553 2356 4606 et
2379 4547 2586 4605 salutis
2613 4549 2672 4604 in
2695 4548 3090 4604 tabernaculis
3125 4549 3445 4618 justomim.
3476 4548 3738 4616 P.Agite
3769 4553 3968 4608 diem.

549 4627 654 4683 ubi
682 4626 934 4692 habitas,
965 4625 1065 4684 ubi
1093 4629 1262 4685 sedes
1275 4635 1364 4686 est
1407 4636 1662 4689 satana:
1690 4641 1746 4690 et
1773 4640 1936 4690 tenes
1967 4645 2190 4692 nomen

546 4729 769 4782 meum,
802 4721 856 4771 et
872 4731 992 4771 non
1004 4719 1233 4785 negasti
1246 4717 1421 4775 ﬁdem
1447 4736 1665 4777 meam.
1685 4723 1826 4777 Etin
1847 4721 2060 4778 diebus
2078 4723 2190 4779 illis

545 4803 789 4874 Antipas
800 4805 961 4859 testis
989 4819 1157 4860 meus
1175 4805 1387 4878 ﬁdelis,
1403 4808 1503 4880 qui
1520 4810 1751 4864 occisus
1762 4814 1850 4864 est
1872 4809 2038 4880 apud
2061 4827 2186 4878 vos,

545 4890 652 4945 ubi
681 4897 923 4948 satanas
945 4891 1192 4949 habitat.
1227 4895 1336 4952 Sed
1355 4896 1548 4952 habeo
1569 4896 1854 4952 adversus
1869 4904 1923 4952 te
1946 4913 2140 4969 pauca
2171 4917 2183 4953 :

543 4977 683 5048 quia
697 4977 1288 5038 habesillictenentcs
1301 4984 1630 5039 doctrinam
1650 4985 1916 5053 Balaam,
1949 4986 2052 5056 qui
2081 4987 2187 5044 do-

545 5064 715 5120 cebat
737 5065 904 5121 Balac
931 5068 1157 5124 mittere
1187 5071 1543 5126 scandalum
1573 5087 1775 5126 coram
1818 5071 1954 5128 ﬁliis
1982 5076 2180 5142 Israel,

544 5153 740 5222 edere,
770 5158 823 5208 et
841 5154 1116 5211 fornicari
1147 5176 1156 5212 :
1190 5158 1272 5213 ita
1301 5159 1480 5212 habes
1511 5163 1568 5213 et
1593 5163 1656 5213 tu
1686 5163 1948 5214 tenentes
1973 5160 2185 5218 doctri-

542 5254 683 5295 nam
698 5241 1402 5301 Nicolaitarum.Similiter
1415 5246 1824 5316 paenitentiam
1839 5248 2181 5319 age,siquo-

541 5328 995 5397 minus,veniam
1012 5332 1261 5395 tibicito,
1281 5338 1337 5386 et
1357 5332 1646 5401 pugnabo
1667 5348 1802 5388 cum
1829 5333 1939 5389 illis
1966 5336 2022 5390 in
2055 5337 2179 5405 gla-

540 5414 638 5470 dio
668 5419 784 5470 oris
798 5419 932 5472 mei.
969 5417 1733 5486 Quihabetaurem,audiat
1757 5422 1903 5492 quid
1923 5421 2177 5493 Spiritus

537 5503 694 5558 dicat
719 5505 987 5560 Ecclesiis
1015 5522 1030 5558 :
1056 5505 1324 5559 Vincenti
1355 5506 1510 5561 dabo
1563 5507 1734 5562 edere
1778 5525 2004 5566 manna
2040 5513 2175 5569 abs-

534 5591 858 5657 conditum,
891 5598 948 5647 et
976 5591 1136 5648 dabo
1179 5591 1230 5646 ei
1263 5592 1556 5650 calculum
1610 5596 1937 5654 candidum
1971 5615 1983 5653 :
2017 5606 2073 5656 et
2109 5602 2170 5658 in

2297 4639 2362 4699 ἵ.
2387 4638 2599 4707 Gloria,
2631 4642 2687 4693 et
2700 4636 2911 4692 honor.
2929 4637 2993 4691 P.
3024 4637 3192 4707 Agite
3214 4635 3386 4694 diem.

2369 4727 2655 4782 Dominus
2685 4725 2779 4780 sit.
2803 4733 2864 4794 ἢ.
2898 4728 2962 4781 Et
2999 4739 3156 4780 cum.

2371 4816 2591 4870 Lauda.
2620 4812 2748 4867 Vidi
2765 4829 2986 4884 aquam
3003 4813 3408 4883 egredientem
3435 4814 3510 4870 de
3543 4819 3776 4889 templo
3808 4835 3847 4875 a
3879 4819 3964 4876 la-

2295 4907 2416 4958 tere
2433 4903 2659 4967 dextro,
2676 4899 2938 4955 Alleluia.
2965 4902 3105 4956 P.Et
3127 4915 3356 4964 omnes,
3384 4901 3462 4957 ad
3486 4904 3654 4974 quod
3679 4909 3965 4977 pervenit

2296 5006 2455 5062 aqua
2492 4990 2623 5052 ista,
2659 4988 2803 5043 salvi
2822 4988 2960 5043 facti
2990 4997 3146 5054 sunt,
3193 4994 3250 5044 et
3283 4991 3525 5046 dicent:
3555 4990 3832 5060 Alleluia,
3867 4996 3961 5050 al-

2295 5078 2471 5134 leuia.
2500 5078 2560 5137 V.
2583 5078 2826 5131 Dextera
2874 5077 3109 5132 Domini
3156 5077 3293 5134 fecit
3334 5079 3618 5136 virtutem
3649 5100 3666 5136 :
3699 5082 3967 5141 dextera

2295 5166 2528 5222 Domini
2554 5164 2832 5220 exaltavit
2850 5181 2953 5220 me.
2981 5166 3056 5220 P.
3087 5167 3153 5221 Et
3179 5180 3410 5222 omnes.
3447 5167 3740 5240 inGloria,
3772 5177 3833 5228 et
3858 5172 3971 5230 ho-

2292 5269 2421 5309 nor.
2455 5255 2522 5307 P.
2557 5255 2622 5307 Et
2668 5265 2902 5306 omnes.

2361 5343 2658 5411 Hymnus.
2691 5341 2790 5394 Hic
2815 5347 2903 5396 est
2927 5341 3075 5398 dies.
3109 5343 3494 5412 Supplicatio.
3554 5347 3964 5419 Oremusfol.

2289 5434 2414 5484 371.

2355 5517 2656 5584 Capitula.
2677 5518 3408 5586 Ecce,Domine,vesperum
3424 5523 3620 5591 quarti
3637 5524 3755 5581 diei
3771 5527 3965 5598 hujus

2275 5603 2534 5658 ofﬁciosis
2573 5603 2866 5658 luminarib
2883 5619 2953 5658 us
2977 5603 3468 5676 frequentamus,in
3501 5626 3610 5680 quo
3663 5610 3888 5671 lumina
3905 5616 3985 5671 ria
