4194 6416
210 327 324 383 629

1430 327 1646 385 FEHIA
1685 327 1732 385 V
1770 327 2419 390 RESUHREGTIONIS.

3535 328 3647 390 630

209 452 278 508 in
295 452 680 509 ﬁrmamento
697 451 828 508 cali
848 451 1414 524 constituens,quasi
1437 452 1493 507 in
1515 452 1873 510 solidamen-
1902 459 1948 513 Λ
2062 459 2353 514 Dominus
2385 458 2483 514 sit.
2517 468 2580 527 ﬁ.
2604 459 2852 514 Etcum.

212 546 276 598 to
308 541 455 612 legis
480 542 755 612 inﬁgens,
781 547 1040 615 quatuor
1071 541 1344 597 videlicet
1365 542 1874 613 Evangelistarum

210 646 343 686 una
371 637 424 686 te
444 647 588 686 voce
616 631 956 686 canentium
987 630 1170 686 corda
1230 629 1542 686 inlustrare
1594 631 1872 700 dignatus

208 736 280 774 es
328 736 338 773 :
369 736 492 791 quo
523 725 575 775 te
597 721 657 774 in
679 726 939 791 quatuor
969 719 1180 774 mundi
1213 724 1411 791 partes
1431 725 1748 776 etmortem
1765 737 1872 792 pro

207 808 396 863 nobis
427 817 718 878 gustasse,
751 813 806 863 et
858 824 893 864 a
933 808 1182 862 mortuis
1225 808 1637 874 resurrexisse,
1700 809 1873 864 unitis

201 896 469 952 vocibus
494 897 870 952 nuntiarent:
908 900 981 952 Te
1014 911 1156 965 ergo
1192 897 1473 967 petimus,
1508 901 1680 968 teque
1703 912 1870 965 roga-

204 1000 376 1050 mus,
411 989 476 1040 ut
503 985 563 1040 in
589 985 771 1056 hujus
804 986 937 1040 vita
970 985 1358 1048 obscuritate,
1391 985 1473 1040 ita
1500 986 1871 1040 resurrectio-

204 1074 312 1129 nis
338 1079 456 1129 tua
497 1075 557 1129 in
599 1073 774 1130 nobis
820 1074 1174 1146 prafulgeat
1209 1074 1421 1143 gratia,
1472 1077 1534 1130 ut
1580 1089 1872 1131 resurrec-

205 1163 335 1219 turi
366 1178 706 1218 mereamur
734 1163 1067 1234 pertingere
1105 1179 1411 1219 coronam.

287 1254 458 1307 Pater
487 1257 709 1309 nostei.
735 1251 984 1307 Liberali
1015 1267 1051 1307 a
1078 1251 1263 1308 malo.
1301 1251 1414 1319 fol.
1447 1256 1506 1307 2.

289 1341 661 1396 Benedictio.
696 1341 878 1394 Verus
909 1340 1010 1395 Dei
1031 1343 1254 1410 Agnus,
1283 1341 1386 1412 qui
1412 1357 1518 1412 pro
1565 1340 1738 1396 nobis
1780 1344 1870 1397 est

207 1429 570 1484 immolatus
595 1429 654 1481 in
685 1427 962 1492 cruce,ab
993 1429 1156 1483 omni
1178 1444 1288 1485 nos
1317 1428 1728 1484 concluvionis
1747 1445 1866 1486 ma-

209 1518 358 1574 cula
387 1519 636 1588 purget;
669 1526 737 1585 ἢ.
777 1520 984 1570 Amen.
1017 1519 1082 1571 Et
1112 1517 1213 1588 qui
1244 1517 1479 1573 occisus
1522 1534 1592 1573 ex
1620 1518 1868 1573 inﬁrmi-

200 1611 336 1662 tate
362 1603 612 1659 surrexit
641 1603 1333 1674 potenter,potentialiter
1355 1605 1633 1663 devincat
1652 1621 1866 1662 omnes

198 1694 416 1751 libitus
442 1691 639 1747 carnis
661 1696 908 1757 vestra;
943 1703 1008 1762 It.
1058 1697 1268 1748 Amen.
1328 1695 1578 1764 Quique,
1633 1694 1867 1752 devicta

2054 550 2388 620 Λητίριιοηα
2420 551 2469 602 3.
2506 546 2770 602 Christus
2801 560 3119 616 resurgens
3162 548 3468 605 emortuis
3509 547 3640 618 jam

1983 655 2106 696 non
2139 639 2405 692 moritur.
2431 635 2487 688 P.
2524 636 2674 688 Mors
2730 633 2811 689 illi
2845 633 2997 689 ultra
3044 649 3168 689 non
3209 634 3636 692 dominabitur.

1982 729 2045 788 ἢν.
2070 727 2278 782 Audite
2333 724 2459 778 hac
2501 737 2712 776 omnes
2775 720 3286 791 genteszauribus
3331 723 3636 794 percipite,

1983 816 2085 886 qui
2112 811 2393 868 habitatis
2427 809 2658 866 orbem.
2688 810 2752 864 P.
2795 812 2962 866 Mors.
3003 808 3067 870 ἡ.
3093 807 3308 878 Gloria,
3329 813 3388 866 et
3409 809 3628 866 honor.

1981 903 2040 957 P.
2084 905 2256 958 Mors.

2056 991 2286 1047 Oratio.
2311 988 2656 1059 Christe,qui
2685 1002 2996 1057 resurgens
3021 1002 3058 1042 a
3083 985 3489 1056 mortuis,jam
3515 999 3638 1040 non

1979 1081 2233 1137 moreris
2259 1097 2273 1145 ;
2315 1077 2596 1140 concede,
2623 1081 2685 1133 ut
2713 1076 2878 1132 nulla
2907 1076 2969 1132 in
2997 1075 3173 1132 nobis
3201 1075 3448 1131 ulterius
3474 1088 3639 1129 mors

1980 1169 2304 1243 pravaleat
2327 1167 2593 1224 criminis
2628 1183 2639 1222 :
2675 1170 2737 1222 ut
2761 1165 2866 1238 qui
2895 1163 3345 1221 resurrectionis
3373 1168 3487 1220 tua
3503 1177 3641 1234 my-

1980 1258 2223 1314 sterium
2269 1256 2387 1312 ﬁde
2415 1254 2864 1327 promptissima
2922 1267 3300 1323 veneramur,
3330 1267 3367 1310 a
3394 1247 3636 1308 nocibili

1982 1347 2181 1402 mortis
2211 1345 2479 1401 dominio
2507 1344 2848 1400 liberemur.
2876 1353 2940 1412 ﬁ.
2969 1341 3176 1398 Amen.

2052 1436 2162 1489 Per
2191 1433 2684 1498 misericordiam,

2051 1535 2114 1594 [31.
2144 1526 2225 1577 Tu
2256 1538 2318 1576 es
2343 1525 2492 1576 Deus
2519 1522 2620 1592 qui
2648 1521 2793 1577 facis
2828 1519 3121 1575 mirabilia
3141 1519 3335 1585 solus;
3360 1520 3417 1573 P.
3444 1519 3510 1574 Et
3529 1530 3634 1572 no-

1980 1615 2101 1666 tam
2132 1611 2318 1666 fecisti
2340 1609 2400 1665 in
2445 1609 2687 1680 populis
2739 1609 3018 1663 virtutem
3038 1612 3225 1663 tuam.
3253 1606 3316 1667 1V.
3344 1603 3631 1662 Liberasti

1976 1701 2037 1756 in
2067 1699 2314 1757 brachio
2347 1702 2448 1754 tuo
2479 1698 2764 1768 populum
2801 1701 2990 1760 tuum,
3037 1696 3191 1752 ﬁlios
3221 1695 3419 1760 lsrael,
3452 1698 3509 1750 et
3535 1693 3630 1749 Jo-

199 1787 422 1846 morte,
448 1779 656 1836 mortis
676 1780 889 1836 devicit
916 1785 1242 1847 auctorem,
1289 1780 1539 1837 devictis
1606 1783 1864 1839 crimini-
1893 1791 1937 1858 'B
1977 1791 2144 1862 seph.
2206 1793 2262 1845 P.
2321 1791 2388 1844 Et
2445 1793 2671 1844 notam.
2722 1786 2784 1847 ἲν.
2850 1785 3062 1850 Gloria,
3113 1791 3169 1841 et
3214 1785 3432 1842 honor.
3471 1784 3534 1839 P.
3562 1785 3631 1840 Et

196 1872 326 1927 bus
353 1868 590 1934 vestris,
635 1867 698 1923 in
724 1885 785 1925 se
807 1873 914 1924 vos
935 1869 1114 1926 faciat
1173 1870 1365 1926 vivere
1418 1869 1545 1926 sine
1597 1870 1741 1928 ﬁne.
1797 1883 1860 1943 1}.

195 1963 418 2015 Amen.

276 2052 384 2104 Per
410 2045 913 2102 misericordiam.

275 2139 506 2196 Lauda.
544 2135 808 2192 Christus
831 2153 940 2208 pro
965 2136 1142 2193 nobis
1162 2151 1385 2209 passus
1407 2138 1861 2210 est,relinquens

188 2228 384 2284 nobis
404 2228 912 2301 exemplum,P.Ut
943 2243 1268 2298 sequamur
1293 2226 1541 2296 vestigia
1578 2229 1740 2298 ejus:
1767 2228 1860 2285 Al-

190 2319 404 2388 leluia,
437 2320 692 2376 alleluia.
729 2318 791 2378 V.
823 2320 1062 2373 Cantate
1121 2317 1380 2374 Domino
1424 2319 1724 2374 canticum
1757 2335 1860 2376 no-

194 2423 389 2463 vum:
423 2409 567 2480 quia
597 2405 896 2463 mirabilia
918 2405 1053 2461 fecit
1087 2406 1393 2462 Dominus.
1452 2410 1509 2461 P.
1547 2409 1614 2463 Ut
1649 2423 1858 2480 sequa-

195 2512 369 2552 mur.
399 2497 460 2557 V.
494 2497 706 2560 Gloria,
731 2499 789 2550 et
811 2494 1021 2549 honor.
1048 2497 1105 2548 P.
1140 2496 1208 2550 Ut
1229 2510 1574 2565 sequamur.

283 2585 500 2640 Oratio.
537 2585 782 2650 Christe,
814 2581 912 2637 Dei
940 2581 1136 2648 Filius,
1173 2598 1295 2654 quo
1321 2583 1634 2647 moriente,
1656 2588 1861 2654 optata

196 2674 441 2729 mundo
460 2675 596 2736 vita,
623 2673 903 2742 salusque
957 2669 1181 2726 donata
1207 2676 1297 2725 est
1340 2670 1534 2736 ;dona
1582 2671 1774 2738 nobis,
1801 2673 1860 2728 in

193 2763 318 2817 hoc
343 2760 791 2818 resurrectionis
816 2765 928 2814 tua
952 2758 1098 2814 festo
1137 2759 1376 2828 copiose
1429 2758 1614 2814 lateri
1639 2765 1731 2815 :ut
1758 2761 1862 2832 qui

195 2856 404 2906 tecum
434 2867 546 2905 nos
577 2850 762 2904 fuisse
794 2852 1060 2902 mortuos
1084 2847 1404 2912 credimus,
1453 2847 1630 2903 simul
1679 2849 1860 2904 etiam

196 2945 402 2995 tecum
427 2940 554 2994 sine
585 2938 704 2992 ﬁne
736 2936 1050 3000 vivamus;
1079 2941 1134 2991 et
1162 2936 1263 3007 qui
1307 2942 1563 2992 mortem
1616 2936 1861 2992 ulterius

195 3028 268 3083 in
302 3033 353 3082 te
383 3027 682 3082 dominari
711 3041 833 3080 non
869 3025 1188 3086 credimus,
1217 3041 1252 3081 a
1292 3025 1606 3081 dominatu
1654 3027 1860 3081 mortis

1973 1884 2202 1936 notam.

2045 1968 2266 2024 Oratio.
2301 1968 2383 2024 Tu
2413 1981 2478 2020 es
2504 1963 2783 2034 Deus,qui
2801 1962 2946 2018 facis
2986 1961 3283 2016 mirabilia
3313 1960 3625 2016 solus:oc-

1971 2071 2140 2111 curre
2159 2053 2482 2111 animabus
2508 2051 2726 2108 nostris
2753 2050 3018 2122 optimus
3053 2048 3392 2105 consolator
3420 2065 3435 2102 :
3458 2051 3515 2104 et
3542 2047 3630 2103 in-

1970 2142 2322 2215 dulgentiali
2351 2142 2554 2198 favore
2587 2140 2767 2196 existe
2793 2139 3172 2210 Redemptor:
3196 2141 3253 2194 et
3281 2136 3382 2209 qui
3401 2150 3512 2192 nos
3527 2150 3623 2191 ac-

1968 2231 2498 2303 quisistipassione
2529 2227 2886 2291 voluntaria,
2939 2241 3079 2281 erue
3104 2240 3215 2282 nos
3270 2224 3344 2281 de
3403 2223 3621 2297 laqueo

1969 2320 2240 2376 venantis
2271 2319 2490 2374 invicta
2518 2316 2800 2388 potentia.
2841 2326 2905 2386 ﬁ.
2947 2317 3160 2369 Amen.

2038 2410 2144 2466 Per
2163 2406 2669 2466 misericordiam.

2573 2495 2645 2549 In
2689 2492 3013 2550 Laudibus.

2039 2587 2130 2642 Ad
2156 2587 2490 2644 Canticum.
2552 2583 2920 2652 Antiphona.
2953 2584 3273 2638 Cantemus
3321 2580 3574 2638 Domino
3605 2596 3618 2636 :

1966 2676 2229 2746 gloriose
2246 2675 2406 2732 enim
2427 2672 2856 2730 honoriﬁcatus
2885 2675 2994 2738 est,
3036 2687 3282 2744 equum,
3316 2674 3374 2727 et
3401 2686 3468 2729 as
3489 2684 3623 2728 cen-

1970 2780 2167 2821 sorem
2191 2763 2441 2836 projecit
2474 2763 2534 2817 in
2581 2775 2766 2816 mare.

2044 2854 2375 2912 Canticum.
2410 2853 2734 2906 Cantemus
2768 2847 3043 2904 Domino.
3088 2849 3194 2916 fol.
3217 2851 3343 2904 369.

2039 2941 2396 3010 Antiphone.
2430 2941 2498 2997 In
2562 2936 2785 3008 templo
2840 2939 3046 2993 sancto
3076 2935 3279 3006 gloria
3303 2940 3422 2992 tua
3441 2935 3620 2992 bene-

1970 3030 2162 3086 dictus
2194 3045 2255 3084 es
2278 3027 2549 3084 Domine.

195 3120 510 3188 perpetua
566 3115 917 3172 liberemur.
959 3125 1022 3184 ἣν.
1061 3118 1277 3170 Amen.
1362 3114 1471 3170 Per
1527 3115 1858 3172 misericor-
1895 3142 1934 3198 ο
2042 3120 2368 3175 Canticum.
2399 3115 2745 3172 Benedictus
2770 3129 2832 3170 es
2861 3111 3135 3169 Domine.
3186 3113 3297 3184 fol.
3328 3113 3390 3170 6.
3426 3112 3609 3170 Sono.

197 3203 393 3261 diam.

279 3295 342 3347 ln
376 3291 622 3348 nomine
649 3291 918 3346 Domine.

810 3394 968 3435 FERIA
1024 3394 1247 3446 cum“.

774 3469 871 3523 Ad
894 3469 1280 3524 Matutinum.

277 3561 643 3628 Antiphona.
675 3561 795 3627 Ego
826 3557 1393 3614 dormivi.Psalmus
1412 3573 1491 3613 ιιι.
1517 3557 1856 3615 0ratio.Do-

199 3648 370 3704 mine
399 3650 539 3702 Jesu
567 3649 808 3704 Christe.
838 3648 952 3716 fol.
995 3647 1119 3702 369.

280 3738 632 3805 Antiphona
657 3739 705 3790 1.
739 3738 794 3792 Si
821 3737 1036 3790 mortui
1070 3752 1280 3790 sumus
1308 3752 1444 3790 cum
1468 3737 1860 3792 Christozcre-

204 3826 412 3882 dimus
456 3827 599 3895 quia
648 3825 820 3880 simul
863 3827 1041 3878 etiam
1093 3825 1363 3879 vivemus
1422 3841 1560 3880 cum
1613 3826 1713 3881 illo
1743 3844 1754 3880 :
1788 3830 1848 3882 P.

207 3911 670 3983 Scientes,quod
687 3913 954 3966 Christus
985 3928 1235 3981 surgens
1252 3929 1286 3966 a
1314 3915 1717 3982 mortuis,jam
1738 3933 1856 3971 nou

203 4002 651 4065 moritur,mors
667 4000 746 4054 illi
773 4000 924 4053 ultra
946 4015 1066 4052 non
1088 3999 1515 4054 dominabitur.
1532 4001 1591 4060 ii.
1614 4005 1857 4072 Magnus

198 4092 493 4147 Dominus
524 4095 742 4157 noster,
771 4094 828 4143 et
857 4102 1080 4157 magna
1116 4088 1295 4142 virtus
1327 4090 1454 4155 ejus
1491 4107 1502 4143 :
1528 4096 1584 4144 et
1623 4092 1856 4162 sapien-

198 4181 299 4236 tia
326 4181 456 4250 ejus
483 4195 605 4234 non
637 4183 724 4234 est
759 4192 1070 4232 numerus.
1106 4177 1168 4230 P.
1216 4177 1496 4232 Scientes.
1527 4178 1586 4238 ἵ.
1639 4180 1853 4250 Gloria,

200 4273 263 4325 et
284 4268 496 4322 honor.
529 4267 592 4323 P.
629 4265 916 4323 Scientes.

278 4355 501 4412 Oratio.
536 4354 780 4418 Christe,
805 4353 906 4408 Dei
931 4351 1138 4407 Filius.
1178 4353 1385 4420 Quare
1408 4358 1567 4408 retro
1607 4353 1670 4409 in
1733 4357 1856 4412 Ves-

196 4445 360 4516 peris
376 4444 860 4513 praecedentibus.

276 4529 1213 4601 Antiphona2.Siresurrexistis
1235 4545 1374 4585 cum
1420 4529 1669 4596 Christo,
1723 4547 1858 4603 qua

204 4638 448 4677 sursum
473 4627 608 4676 sunt
631 4620 1000 4692 quarite,ubi
1025 4619 1286 4673 Christus
1302 4624 1392 4672 est
1413 4619 1472 4673 in
1494 4618 1735 4674 dextera
1759 4620 1860 4676 Dei

205 4711 423 4768 sedens
449 4727 462 4765 :
489 4709 549 4763 P.
595 4709 800 4764 Mortui
849 4709 1009 4763 enim
1037 4708 1203 4775 estis,
1238 4708 1417 4778 378
1444 4714 1500 4762 et
1525 4708 1643 4762 vita
1667 4714 1861 4765 vestra

203 4797 562 4856 abscondita
585 4802 675 4851 est
706 4813 842 4851 cum
877 4797 1121 4853 Christo.
1153 4795 1214 4856 1V.
1243 4797 1477 4851 Psallite
1507 4798 1625 4851 Deo
1658 4804 1858 4852 nostro

201 4889 264 4944 in
289 4887 542 4947 cithara,
583 4886 642 4939 in
671 4885 897 4939 cithara
936 4890 992 4940 et
1020 4901 1164 4940 voce
1208 4884 1442 4955 psalmi.
1504 4885 1566 4938 P.
1615 4886 1848 4942 ltlortui.

198 4978 268 5039 ῒ.
306 4975 525 5038 Gloria,
549 4980 605 5028 et
631 4973 852 5028 honor.
892 4972 948 5027 Ρ.
975 4974 1205 5028 Mortui.

277 5067 508 5122 Oratio.
545 5066 760 5119 Tecum
793 5077 927 5126 nos,
955 5062 1200 5130 Christe,
1227 5062 1353 5132 jam
1387 5079 1492 5134 per
1518 5063 1698 5118 ﬁdem
1721 5079 1858 5120 con-

197 5155 528 5210 surrexisse
551 5169 618 5208 ex
629 5149 1182 5206 undantihilaritate
1201 5150 1400 5207 latam
1411 5169 1476 5207 ur
1497 5157 1584 5217 ;et
1604 5152 1738 5208 ideo
1763 5152 1855 5208 fac

197 5259 314 5299 nos
346 5258 581 5314 semper
614 5257 704 5305 ea,
738 5256 872 5311 qua
903 5255 1146 5294 sursum
1179 5245 1336 5305 sunt,
1396 5257 1688 5314 quarere:
1733 5247 1856 5297 uta

201 5332 274 5387 ﬂe
287 5332 561 5401 gitiorum
585 5335 928 5385 nostrorum
950 5327 1228 5400 nequitiis
1273 5335 1669 5399 resurgentes,
1695 5329 1850 5393 illuc,

200 5420 308 5476 ubi
329 5424 390 5474 tu
422 5419 485 5475 in
511 5419 755 5474 dextera
785 5417 968 5473 Patris
998 5416 1190 5481 sedes,
1221 5432 1558 5475 mereamur
1587 5417 1857 5490 aliquan-

203 5509 284 5566 do
311 5508 618 5580 pervenire
643 5507 862 5564 felices.
894 5517 956 5579 ti.
984 5510 1191 5563 Amen.

278 5598 392 5654 Per
418 5595 921 5654 misericordiam.

1969 3208 2090 3278 Ego
2112 3207 2393 3264 dormivi.
2416 3207 2529 3274 fol.
2559 3209 2663 3260 370

2040 3299 2273 3355 Lauda.
2298 3295 2567 3352 Alleluia.
2619 3294 2893 3352 Laudate
2922 3292 3244 3348 Dominum
3281 3291 3357 3348 de
3404 3292 3569 3349 caelis
3601 3311 3618 3351 :

1967 3387 2232 3453 Alleluia,
2266 3386 2522 3451 alleluia,
2555 3384 2814 3440 alleluia.
2852 3383 3121 3438 Psalmus
3142 3397 3377 3440 CXLVlll.

2144 3476 2520 3546 Apocalypsis
2548 3474 2798 3530 Joannis
2852 3472 3122 3542 Apostoli
3152 3470 3313 3542 (Cap.
3344 3472 3433 3542 u).

2041 3577 2104 3635 ἢ.
2139 3565 2260 3619 Deo
2287 3563 2534 3632 gratias.

2039 3653 2263 3722 Angelo
2289 3651 2582 3723 Thyatira
2602 3651 2872 3706 Ecclesia
2894 3649 3088 3704 scribe
3108 3667 3120 3705 :
3139 3652 3269 3704 Hac
3287 3649 3430 3704 dicit
3448 3649 3621 3704 Filius

1969 3743 2089 3806 Dei,
2114 3741 2217 3812 qui
2246 3739 2738 3804 habetoculos,ut
2765 3739 3016 3794 ﬂamma
3042 3737 3622 3809 ignis,etpedesejus

1969 3829 2188 3886 similes
2221 3827 2562 3884 aurichalco
2585 3845 2596 3878 :
2620 3828 2762 3882 Novi
2785 3842 2970 3898 opera
3012 3831 3133 3891 tua,
3168 3831 3225 3880 et
3249 3826 3615 3891 charitatem,

1967 3925 2021 3973 et
2048 3917 2250 3982 ﬁdem,
2274 3923 2328 3970 et
2347 3913 3390 3985 ministerium,etpatientiamtuam,
3413 3919 3622 3985 etope-

1967 4024 2033 4062 ra
2066 4013 2165 4062 tua
2191 4005 2520 4060 novissima
2567 4003 2738 4075 plura
2788 4002 3101 4073 prioribus.
3154 4003 3267 4058 Sed
3297 4002 3492 4059 habeo
3522 4003 3621 4059 ad-

1967 4111 2206 4150 versum
2231 4100 2282 4149 te
2305 4111 2316 4148 :
2337 4092 2478 4164 quia
2504 4091 2791 4164 permittis
2821 4089 3130 4145 mulierem
3151 4090 3620 4157 Jezabel,quase

1966 4183 2103 4239 dicit
2137 4183 2510 4255 prophetam,
2543 4180 2776 4244 docere,
2802 4185 2858 4234 et
2887 4177 3168 4233 seducere
3191 4194 3391 4234 servos
3428 4194 3618 4246 meos,

1967 4270 2267 4334 fornicari,
2292 4275 2348 4324 et
2377 4268 2743 4324 manducare
2765 4267 2839 4322 de
2862 4265 3224 4337 idolothytis.
3265 4269 3330 4321 Et
3350 4265 3512 4320 dedit
3535 4265 3619 4320 illi

1967 4365 2201 4431 tempus
2226 4366 2287 4414 ut
2305 4356 2713 4431 panitentiam
2733 4361 2934 4426 ageret
2953 4371 2964 4408 ;
2981 4359 3039 4410 et
3053 4369 3175 4410 non
3191 4353 3318 4410 vult
3335 4355 3620 4426 panitere

1968 4449 2414 4505 afornicatione
2435 4465 2562 4505 sua.
2598 4451 2742 4504 Ecce
2783 4446 2952 4501 mitto
3006 4461 3142 4500 eam
3186 4445 3246 4500 in
3276 4444 3497 4500 lectum
3523 4462 3538 4497 :
3564 4447 3621 4499 et

1968 4537 2072 4608 qui
2097 4537 2430 4592 moechatur
2455 4553 2594 4592 cum
2619 4551 2708 4601 ea,
2742 4535 2802 4590 in
2829 4533 3206 4590 tribulatione
3237 4533 3618 4598 maxima,ni-

1971 4625 2021 4679 si
2044 4625 2455 4695 paenitentiam
2479 4623 2661 4693 egerit
2677 4623 2757 4678 ab
2774 4622 3056 4694 operibus
3073 4620 3194 4675 suis
3218 4639 3232 4674 :
3252 4626 3308 4676 et
3323 4620 3475 4676 ﬁlios
3492 4619 3620 4690 ejus

1969 4712 2320 4767 interﬁciam
2339 4713 2399 4765 in
2454 4717 2707 4766 mortem
2760 4716 2817 4765 et
2851 4711 3036 4765 scient
3083 4725 3292 4765 omnes
3327 4707 3616 4772 Ecclesia,

1968 4801 2107 4871 quia
2143 4815 2254 4867 ego
2283 4815 2412 4853 sum
2467 4805 2742 4854 scrutans
2799 4814 2970 4854 renes
3029 4803 3085 4853 et
3133 4797 3342 4852 corda:
3373 4802 3429 4852 et
3457 4795 3618 4850 dabo

1968 4887 2285 4958 unicuique
2317 4885 2648 4940 secundum
2680 4901 2864 4956 opera
2887 4886 3211 4943 sua.Vobis
3238 4892 3437 4941 autem
3459 4885 3615 4949 dico,

1966 4983 2022 5032 et
2047 4978 2291 5040 caeteris,
2322 4974 2426 5046 qui
2450 4974 2744 5045 Thyatira
2765 4973 2941 5030 estis:
2966 4974 3340 5047 Quicumque
3365 4989 3488 5029 non
3513 4973 3616 5028 ha-

1964 5065 2108 5121 bent
2132 5065 2467 5119 doctrinam
2479 5063 2657 5130 hanc,
2691 5067 2747 5116 et
2770 5077 2891 5116 non
2930 5069 3343 5132 cognoverunt
3365 5061 3620 5118 altitudi-

1965 5171 2102 5210 nem
2119 5150 2888 5223 satana,quemadmodum
2905 5150 3259 5215 dicunt,non
3272 5151 3507 5207 mittam
3525 5166 3620 5205 su-

1963 5258 2070 5314 per
2089 5258 2193 5297 vos
2211 5241 2372 5296 aliud
2387 5239 2625 5311 pondus
2651 5259 2663 5298 :
2699 5244 2922 5304 tamen,
2947 5237 3112 5311 quod
3136 5237 3392 5304 habetis,
3426 5243 3618 5294 tenete

1964 5331 2156 5386 donec
2179 5326 3043 5400 veniam.thuivicerit,etqui
3068 5326 3412 5383 custodierit
3428 5341 3618 5397 usque

1964 5419 2026 5474 in
2051 5420 2234 5473 ﬁnem
2265 5434 2448 5489 opera
2506 5433 2655 5481 mea,
2701 5415 2856 5472 dabo
2917 5416 2998 5471 illi
3042 5419 3394 5487 potestatem
3439 5426 3617 5481 super

1967 5511 2437 5576 Gentes,etreget
2461 5521 2566 5563 eas
2586 5506 2647 5561 in
2668 5507 2838 5578 virga
2851 5504 3061 5570 ferrea,
3093 5509 3472 5572 ettamquam
3507 5511 3614 5553 vas

1964 5593 2133 5667 ﬁguli
2161 5593 2788 5666 confringentur,sicut
2804 5597 2860 5650 et
2872 5607 2984 5664 ego
2997 5590 3200 5663 accepi
3213 5605 3248 5646 a
3261 5589 3421 5644 Patre
3438 5598 3574 5639 meo
3594 5600 3606 5637 :
