4194 6426
552 344 650 399 631
1791 333 2242 394 BREVIARIUM
2285 335 2674 394 GOTHICUM.
3866 332 3987 386 632

555 470 611 522 et
637 464 796 521 dabo
825 464 908 520 illi
938 463 1174 520 stellam
1196 462 1577 519 matutinam.
1621 460 1730 525 Qui
1757 460 1940 518 habet
1966 476 2196 530 aurem,
2227 461 2274 516 A
2307 460 2519 518 mabus
2551 460 2768 518 nostris
2797 460 3084 516 invictum
3106 459 3181 514 de
3211 462 3313 514 tua
3340 457 3786 514 resurrectione
3819 448 3989 513 sola'

558 551 758 607 audiat
783 550 931 622 quid
977 549 1228 621 Spiritus
1259 549 1416 603 dicat
1443 547 1731 603 Ecclesiis.
1765 560 1830 616 Br.
1869 551 2080 603 Amen.
2307 549 2449 604 tium
2480 566 2492 604 :
2523 553 2587 604 ut
2613 564 2720 620 per
2745 552 2798 603 te
2819 546 3085 603 renovati
3106 560 3494 614 resurgamus
3551 545 3632 600 ad
3682 544 3978 614 gloriam,

624 639 910 709 Hymnus.
971 638 1069 692 llic
1116 641 1208 692 est
1263 637 1413 692 dies.
1494 636 1887 704 Supplicatio.
1948 638 2196 691 Oremus
2305 652 2405 708 per
2430 652 2607 708 quem
2647 635 3307 704 regeneratisumusad
3328 635 3534 688 vitam.

553 727 667 797 fol.
689 726 815 782 371.
2377 727 2542 779 Pater
2566 729 2781 779 noster.
2829 723 3076 779 Liberali
3105 739 3141 778 a
3178 721 3359 778 malo.
3397 723 3508 792 fol.
3541 726 3596 776 2.

565 839 570 846 -
633 814 929 884 Capitula.
956 814 1154 869 Lucidi
1175 815 1414 869 exortus
1436 811 1553 868 diei
1579 811 1770 884 quinti
1806 811 2200 884 primordium
2375 813 2736 868 Benedictio.
2756 812 2969 875 Gratia,
2989 827 3111 883 qua
3122 825 3232 865 vos
3247 825 3351 882 per
3365 810 3552 865 ﬁdem
3570 809 3813 866 Christo
3831 825 3982 866 con-

563 906 925 969 contuentes,
957 902 1018 957 in
1043 917 1164 974 quo
1188 901 1456 957 vivarum
1483 899 1714 972 reptilia
1751 900 2112 966 animarum,
2143 909 2201 956 et
2306 900 2565 972 sepultos
2583 916 2711 955 esse
2729 898 3338 969 gaudetis,mortiﬁcet
3363 914 3468 953 vos
3487 897 3566 954 ab
3578 898 3981 954 omniconta-

562 989 822 1048 volatilia
843 995 923 1059 tu,
966 993 1116 1046 Deus
1137 994 1357 1059 noster,
1389 988 1648 1045 formare
1698 988 1979 1058 dignatus
2020 1004 2103 1056 es,
2145 994 2199 1046 te
2307 987 2942 1060 gioneiniquitatism.
2969 991 3176 1042 Amen.
3225 989 3291 1041 Et
3346 986 3447 1057 qui
3511 986 3984 1043 resurrectionis

563 1078 895 1152 poscimus,
924 1081 1098 1151 teque
1127 1080 1509 1148 rogamus,ut
1522 1092 1676 1149 quos
1707 1076 2016 1134 viviﬁcans
2029 1091 2203 1136 reno-
2306 1075 2460 1132 illius
2472 1077 2694 1147 gaudia
2721 1080 2841 1133 toto
2871 1075 3138 1132 dilatavit
3161 1075 3224 1130 in
3254 1073 3506 1141 mundo,
3541 1074 3982 1132 sanctiﬁcatio-

563 1169 718 1224 vasti
743 1167 1115 1239 Baptismatis
1137 1166 1320 1231 unda,
1351 1181 1463 1222 nos
1510 1165 1923 1222 resuscitando
1961 1181 1998 1222 a
2021 1165 2198 1237 vitiis,
2309 1178 2448 1218 nem
2460 1162 2876 1220 omnimodam
2902 1162 3176 1219 exhibeat
3211 1162 3376 1218 cordi
3402 1166 3602 1219 vestro
3626 1179 3639 1217 :
3663 1175 3732 1234 ﬁ.
3756 1167 3981 1220 Amen.

564 1255 873 1328 pertrahas
902 1255 980 1311 ad
1009 1269 1272 1327 superna
1284 1272 1303 1326 ;
1327 1254 1501 1327 etqui
1545 1257 1599 1310 te
1646 1253 1820 1310 valde
1867 1253 2129 1310 diluculo
2167 1269 2205 1310 a
2312 1253 2380 1307 Ut
2398 1251 2498 1322 qui
2523 1251 2691 1306 illum
2719 1250 3025 1307 suscitavit
3053 1250 3376 1320 emortuis,
3402 1265 3509 1306 vos
3532 1267 3788 1324 quoque
3812 1268 3986 1308 resu-

569 1343 816 1400 mortuis
845 1343 1232 1398 resurrexissc
1275 1342 1629 1412 gaudemus,
1688 1357 1800 1398 nos
1843 1356 2079 1414 semper
2127 1341 2205 1398 ad
2311 1339 2479 1395 scitet
2507 1339 2582 1394 ad
2623 1339 2873 1409 gloriam
2900 1344 3132 1394 aeternae
3148 1338 3981 1409 remunerationis.ﬁ.Amen.

570 1430 829 1487 caelestia
848 1430 1122 1487 evolasse
1165 1430 1612 1487 resurrectionis
1647 1435 1767 1485 tua;
1797 1445 2042 1486 munere
2077 1445 2208 1502 gra-
2383 1428 2487 1483 Per
2513 1427 3006 1483 misericordiam.

569 1519 856 1576 tulemur.’
2382 1516 2614 1572 Lauda.
2647 1515 2876 1572 Gratias
2893 1515 3145 1588 Deo,qui
3165 1514 3332 1571 dedit
3353 1515 3522 1572 nobis
3542 1517 3884 1574 victoriam.
3913 1519 3982 1575 P.

643 1607 817 1663 Pater
853 1611 1072 1663 noster.
1102 1606 1356 1663 Liberati
1378 1622 1413 1663 a
1439 1606 1619 1665 malo.
1645 1607 1756 1676 fol.
1779 1610 1833 1662 2.
2313 1604 2423 1660 Per
2446 1604 2762 1660 Dominum
2790 1608 3062 1660 nostrum
3110 1606 3310 1659 Iesum
3343 1602 3670 1661 Christum.
3699 1606 3981 1674 Alleluia,

641 1695 870 1752 Lauda.
901 1696 1160 1752 Surrexit
1202 1695 1463 1751 Christus
1492 1711 1528 1752 a
1561 1695 1810 1752 mortuis
1840 1693 2110 1752 Alleluia.
2147 1697 2206 1751 P.
2314 1692 2569 1750 alleluia.
2625 1693 2687 1753 ll.
2749 1695 2988 1750 Cantate
3033 1691 3288 1748 Domino
3341 1693 3651 1749 canticum
3703 1710 3980 1752 novum:

569 1784 674 1839 Per
695 1782 946 1853 gloriam
969 1782 1176 1838 Patris.
1201 1781 1465 1848 Alleluia,
1523 1783 1781 1839 alleluia.
1835 1782 1897 1843 ἴ.
1967 1785 2209 1840 Cantate
2237 1800 2282 1856 Β
2315 1781 2458 1853 quia
2480 1779 2774 1836 mirabilia
2795 1780 2946 1836 fecit.
2988 1779 3051 1834 P.
3085 1783 3191 1836 Per
3239 1779 3591 1837 Dominum.
3626 1782 3690 1843 γ.
3754 1782 3979 1851 Gloria,

569 1872 823 1928 Domino
847 1871 1142 1927 canticum
1166 1886 1392 1928 novum
1415 1888 1432 1926 :
1453 1871 1599 1944 quia
1618 1871 1915 1928 mirabilia
1943 1871 2106 1928 fecit.
2139 1872 2204 1928 P.
2315 1874 2372 1926 et
2398 1869 2609 1925 honor.
2640 1869 2702 1924 P.
2734 1869 2862 1924 Per.

567 1961 678 2016 Per
705 1959 975 2029 gloriam.
1032 1959 1096 2019 ll.
1131 1959 1344 2030 Gloria,
1408 1965 1466 2016 et
1509 1959 1724 2018 honor.
1790 1959 1856 2015 P.
1918 1959 2026 2015 Per
2085 1959 2209 2030 glo—
2389 1958 2611 2013 Oratio.
2646 1959 2756 2013 Fac
2784 1972 2913 2023 nos,
2945 1958 3098 2012 Deus
3128 1959 3314 2018 Pater,
3341 1956 3428 2012 ita
3465 1956 3573 2013 tibi
3599 1956 3987 2030 fructiﬁcare,

565 2047 762 2105 riam.‘
2317 2049 2384 2102 ut
2409 2047 2539 2117 ejus
2567 2050 2794 2102 tantum
2826 2046 3036 2111 simus,
3068 2060 3252 2118 quem
3273 2060 3348 2101 ex
3377 2047 3632 2103 mortuis
3671 2050 3976 2105 suscitasti

636 2135 998 2192 Benedictio.
1028 2136 1210 2191 Verus
1232 2135 1333 2192 Dei
1357 2138 1581 2207 Agnus.
1607 2136 1722 2205 fol.
1757 2139 1883 2191 377.
2316 2135 2537 2192 Christe
2567 2134 2786 2190 scilicet
2806 2133 2927 2189 Filii
2944 2133 3058 2189 tui:
3079 2134 3574 2206 quo,suscitando
3591 2152 3699 2192 nos
3718 2136 3971 2193 tandem

638 2227 702 2279 ln
732 2223 959 2279 nomini
1001 2224 1254 2280 Domini.
2315 2221 2390 2278 de
2418 2221 2573 2278 vitiis
2603 2222 2678 2277 ad
2712 2221 3324 2294 virtutem,pervenire
3353 2237 3468 2278 nos
3498 2222 3677 2281 facias
3707 2225 3789 2281 ad
3805 2229 3986 2282 mter—

1158 2313 1256 2368 Ad
1289 2314 1613 2380 Vesper-um.
1931 2305 1933 2308 ⁴
2315 2326 2459 2366 nam
2491 2309 2902 2366 hereditatem.
2936 2321 2999 2380 Bg.
3025 2311 3235 2365 Amen.

641 2399 868 2456 Lauda.
893 2398 1304 2456 Laudaverunt
1333 2404 1390 2456 te
1417 2400 1684 2456 Domine.
1716 2399 1793 2455 Et
1817 2399 2036 2455 Oratio.
2069 2401 2209 2456 Lau-
2387 2400 2494 2453 Per
2523 2397 3016 2452 misericordiam.

571 2487 718 2544 dant
736 2491 794 2542 te
823 2487 1088 2543 Domine.
1114 2487 1228 2557 fol.
1255 2491 1380 2542 371.
2386 2488 2453 2542 In
2481 2484 2723 2542 nomine
2751 2484 3003 2541 Domini.

570 2600 576 2604 -
644 2575 822 2631 Sana.
855 2577 1072 2631 Omnes
1102 2580 1305 2646 gentes
1331 2574 1596 2649 plaudite
1638 2575 1944 2632 manibus:
1959 2575 2210 2646 jubilate
2943 2587 3102 2628 ream
3134 2587 3335 2629 sexu.

575 2665 714 2720 Deo.
749 2664 926 2735 379
948 2664 1009 2718 P.
1039 2667 1103 2720 In
1145 2679 1292 2720 voce
1348 2663 1752 2722 exultationis.
1824 2663 2091 2722 Alleluia.
2143 2663 2207 2725 ῒ.

1824 2663 2091 2722 Alleluia.
2143 2663 2207 2725 ῒ.
2885 2660 2979 2716 Ad
3026 2661 3419 2718 Matutinum.

572 2751 802 2808 Psallite
832 2753 950 2808 Deo
975 2757 1200 2819 nostro,
1222 2751 1452 2824 psallite
1484 2751 1752 2824 :psallite
1788 2753 1926 2822 Regi
1981 2757 2206 2820 nostro,
2385 2748 2752 2820 Antiphone.
2777 2751 2898 2818 Ego
2919 2748 3193 2805 dormivi.
3229 2751 3519 2807 Psalmus
3548 2751 3718 2809 1i1.Et
3743 2753 3982 2812 Oratio.

571 2839 1149 2911 psallite.-Quoniam
1175 2856 1277 2896 rex
1315 2841 1512 2898 omnis
1542 2847 1710 2897 terra
1737 2839 2198 2912 Deuszpsallite.
2316 2835 2566 2893 Domine
2589 2841 2724 2893 Jesu
2766 2837 3007 2893 Christe.
3038 2839 3148 2906 fol.
3182 2841 3306 2894 369.

571 2927 636 2985 P.
668 2930 731 2982 ln
762 2943 921 2983 voce.
2382 2925 2732 2996 Antiphona
2755 2923 3148 2997 l.Consepulti
3173 2926 3333 2981 enim
3356 2943 3570 2984 sumus
3586 2944 3732 2985 cum
3745 2930 3992 2988 Christo

641 3015 930 3071 Dominus
959 3015 1053 3073 sit.
1085 3027 1147 3087 ἢ.
1182 3019 1247 3072 Et
1275 3032 1437 3073 cum.
2314 3029 2420 3085 per
2456 3015 2756 3087 baptisma
2779 3015 2838 3069 in
2888 3018 3177 3070 mortem:
3205 3019 3269 3070 ut
3316 3017 3849 3087 quemadmodum
3892 3035 3992 3077 re-

639 3103 1007 3199 Antipaena.
1037 3108 1114 3160 De
1143 3121 1329 3161 manu
1353 3105 1558 3160 mortis
1600 3103 1894 3160 liberabo:
1920 3101 1995 3157 de
2015 3106 2206 3158 morte
2237 3143 2278 3199 Ο
2316 3103 2567 3158 surrexit
2593 3103 2853 3158 Christus
2874 3118 2910 3158 a
2940 3101 3188 3158 mortuis
3237 3118 3346 3175 per
3374 3103 3630 3173 gloriam
3657 3107 3873 3170 Patris,
3912 3107 3987 3163 P.

569 3187 859 3247 redimam
873 3191 1102 3249 illos.P.
1129 3193 1240 3249 Ero
1257 3209 1420 3248 mors
1449 3198 1548 3247 tua
1573 3207 1610 3246 ο
1640 3207 1802 3246 mors
1823 3207 1836 3257 ;
1855 3205 2208 3246 eromorsus
2241 3187 2277 3199 "
2317 3192 2400 3245 ita
2419 3196 2475 3245 et
2503 3206 2614 3244 nos
2641 3190 2704 3244 in
2726 3190 2986 3245 novitate
3013 3190 3145 3246 vitae
3176 3189 3649 3254 ambulemusw.
3680 3195 3820 3266 Ipse
3840 3194 3995 3253 fecit

564 3277 976 3346 tuus,inferne.
999 3279 1060 3341 γ.
1092 3282 1329 3348 Pr0pter
1351 3278 1622 3334 miserias
1646 3279 1920 3348 inopum,
1953 3277 2208 3348 etgemi-
2315 3292 2445 3344 nos,
2479 3281 2676 3334 etnon
2704 3277 2818 3349 ipsi
2861 3293 2990 3333 nos.
3024 3279 3142 3334 Nos
3163 3283 3366 3336 autem
3417 3280 3685 3352 populus
3739 3283 3906 3354 ejus,
3938 3291 3998 3341 et

569 3371 696 3423 tum
725 3384 1078 3439 pauperum,
1106 3383 1266 3422 nunc
1289 3365 1745 3436 exurgam,dicit
1765 3365 2074 3422 Dominus.
2105 3366 2210 3422 Po-
2315 3381 2457 3422 oves
2495 3381 2737 3438 pascuae
2762 3366 2909 3436 ejus.
2943 3366 3006 3422 P.
3056 3368 3160 3423 Ita.
3193 3366 3256 3430 ἡ.
3290 3367 3508 3438 Gloria,
3541 3373 3601 3426 et
3629 3368 3860 3428 honor.
3920 3372 3990 3428 P.

571 3471 710 3511 nam
738 3456 795 3511 in
830 3456 1072 3511 salutari
1103 3453 1638 3510 meozﬁducialiter
1681 3468 1864 3524 agam
1899 3454 1959 3508 in
2007 3468 2096 3509 eo.
2147 3456 2207 3512 P.
2315 3457 2423 3512 Ita.

573 3545 683 3597 Ero
710 3559 870 3597 mors
901 3549 1019 3597 tua.
1045 3541 1106 3602 ir.
1136 3542 1351 3612 Gloria,
1383 3546 1439 3597 et
1459 3541 1671 3597 honor.
1701 3543 1758 3596 P.
1796 3543 1905 3597 Ero
1952 3557 2135 3598 mors.
2386 3542 3309 3616 0ratio.Christe,cuiconsepulti
3331 3561 3542 3602 sumus
3566 3545 3630 3602 in
3686 3553 3988 3618 mortem,

644 3630 931 3685 Dominus
962 3631 1052 3684 sit.
1090 3641 1152 3699 ﬂ.
1178 3636 1386 3686 Amen.
2316 3635 2382 3688 ut
2411 3646 2852 3701 resurgeremus
2880 3632 2988 3688 tibi
3019 3647 3125 3704 per
3144 3632 3329 3690 ﬁdem
3349 3635 3810 3692 resurrectionis
3830 3644 3993 3706 tum;

643 3718 872 3773 Lauda.
910 3721 970 3772 In
992 3722 1186 3773 mente
1214 3717 1428 3774 habete
1453 3717 1613 3774 diem
1633 3717 1832 3783 istum,
1861 3718 1922 3774 in
1944 3733 2066 3790 quo
2093 3717 2213 3774 exi-
2315 3723 2454 3779 lava
2478 3737 2636 3779 nosa
2666 3723 2923 3795 peccatis
2941 3723 3156 3780 nostris
3167 3725 3230 3779 in
3257 3726 3554 3795 sanguine
3574 3730 3682 3784 tuo
3706 3744 3720 3783 :
3741 3733 3995 3802 utquos

571 3804 646 3860 tis
673 3804 748 3860 de
785 3807 1054 3877 Egypto.
1080 3806 1143 3862 P.
1174 3805 1384 3862 Mensis
1425 3821 1720 3862 novorum
1764 3811 1853 3862 est
1898 3805 2040 3862 iste:
2067 3805 2212 3862 cele-
2316 3809 2547 3867 dudum
2570 3811 2874 3868 mundasti
2911 3827 3074 3884 aqua
3119 3811 3519 3885 baptismatis,
3561 3815 3997 3876 indesinenter

573 3891 736 3948 brate
765 3893 989 3948 Pascha
1024 3894 1296 3950 Domino.
1344 3893 1618 3950 Alleluia.
1672 3894 1735 3955 γ.
1795 3894 2018 3951 Sumite
2057 3894 2212 3966 psal-
2317 3900 2594 3974 puriﬁces
2613 3900 2983 3969 indulgentia
3013 3900 3270 3972 pietatis.
3302 3913 3368 3974 Β).
3392 3904 3608 3960 Amen.

569 3995 760 4048 mum,
792 3984 848 4037 et
883 3981 1014 4038 date
1070 3982 1830 4055 tympanum:psalterium
1875 3981 2210 4052 jocundum
2387 3988 2492 4046 Per
2517 3989 3011 4046 misericordiam.

563 4085 703 4126 cum
721 4069 967 4126 cithara.
1000 4073 1060 4126 P.
1091 4069 1302 4126 Mensis
1334 4086 1647 4128 novorum.
1674 4069 1740 4132 ῒ.
1774 4069 1968 4128 Gloria
2015 4073 2070 4126 et
2103 4069 2210 4127 ho-
2387 4078 2722 4149 Antiphona
2758 4078 3262 4137 2.Fructiﬁcemus
3286 4080 3712 4148 Deo,utsimus
3725 4085 3896 4156 ejus,
3929 4088 3996 4144 P.

566 4172 697 4215 nor.
729 4161 788 4214 P.
813 4158 1025 4216 Mensis
1054 4173 1371 4215 novorum.
2317 4167 2428 4232 Qui
2455 4181 2526 4222 ex
2556 4167 2807 4222 mortuis
2871 4167 3210 4224 resurrexit.
3241 4167 3304 4230 llr.
3353 4169 3651 4227 Dominus
3682 4177 3997 4247 regnavit,

629 4247 918 4304 Dominus
939 4247 1028 4304 sit.
1083 4259 1146 4319 ἢ.
1178 4249 1427 4304 Etcum.
2316 4253 2592 4310 decorem
2610 4253 3060 4310 induitzinduit
3084 4255 3376 4312 Dominus
3426 4256 3884 4331 fortitudinem,
3943 4271 4004 4322 et

635 4333 1004 4392 Lauda.Vidi
1022 4335 1262 4391 turbam
1285 4333 1645 4422 Angelorum
1662 4335 1988 4392 multorum
2017 4335 2080 4390 in
2093 4349 2206 4390 οω·
2314 4342 2622 4415 ριιωοίηχὶι
2642 4342 2955 4398 se.Etenim
2977 4343 3240 4400 ﬁrmavit
3255 4343 3466 4401 orbem
3491 4351 3688 4411 terrae,
3712 4350 3820 4422 qui
3861 4368 4002 4411 non

565 4423 1388 4494 lodicentiumvocemagna:
1422 4421 1641 4493 Dignus
1656 4423 2106 4496 estquioccisus
2123 4427 2211 4480 est
2238 4483 2281 4506 ἢ
2315 4430 3009 4497 commovebitur.L.Qui.
3043 4430 3104 4492 Ψ.
3138 4432 3354 4498 Gloria,
3388 4441 3445 4490 et
3473 4435 3694 4492 honor.
3731 4421 3800 4494 P.
3840 4442 3993 4506 Qui.

568 4512 772 4581 Agnus
793 4510 1064 4583 accipere
1096 4483 1521 4579 fortitudinem:
1548 4515 1604 4567 et
1635 4483 1906 4582 gloriam,
1938 4518 1994 4568 et
2029 4511 2208 4568 hono-
2238 4483 2282 4538 D
2941 4483 3445 4587 Dumre'relroyin‘
3473 4483 3766 4597 Vesperi;
3787 4483 3800 4494 '
3828 4483 4001 4598 57;;

569 4615 716 4655 rem.
746 4601 811 4655 Et
829 4613 1038 4655 omnes
1069 4599 1538 4657 audividicentes
1561 4599 1843 4658 ?Sedenti
1882 4602 1943 4655 in
1973 4601 2205 4668 throno,
2316 4607 2668 4663 cedentibus.

570 4695 627 4745 et
653 4691 820 4778 Agno
918 4687 1290 4778 Benedictio,
1312 4694 1380 4778 et
1404 4689 1611 4755 honor,
1646 4692 1702 4745 et
1731 4689 1936 4758 gloria,
1968 4693 2025 4745 et
2047 4695 2210 4778 pote-
2386 4695 2735 4763 Antiphona
2764 4698 2817 4750 3.
2851 4695 3113 4752 Christus
3142 4698 3314 4752 Jesus
3358 4704 3700 4758 secundum
3728 4708 3997 4778 tempus

570 4775 986 4841 stas.Alleluia,
1005 4776 1264 4834 alleluia.
1293 4777 1353 4838 7.
1387 4782 1632 4848 Magnus
1653 4778 1965 4847 Dominus,
1999 4782 2057 4833 et
2085 4777 2209 4834 lau-
2316 4797 2425 4856 pro
2454 4781 2653 4854 impiis
2692 4789 2958 4838 mortuus
2993 4789 3097 4850 est,
3122 4786 3324 4856 justus
3352 4803 3463 4859 pro
3515 4789 3766 4860 injustis
3801 4775 3997 4852 :ldeo

565 4863 784 4954 debilis
804 4864 982 4954 nimis
1003 4881 1016 4920 :
1041 4869 1097 4954 et
1120 4865 1684 4936 magnitudinisejus
1700 4881 1822 4922 non
1838 4870 1928 4921 est
1953 4865 2110 4921 finis.
2143 4868 2202 4921 P.
2311 4872 2697 4928 commendat
2724 4874 3067 4929 charitatem
3101 4892 3272 4931 suam
3297 4877 3356 4932 in
3387 4878 3591 4934 nobis.
3622 4882 3782 4938 P.Ut
3805 4883 4000 4954 justi-

563 4953 910 5046 Benedictio.
946 4952 1255 5046 {:AGloria,
1285 4961 1341 5046 et
1367 4956 1578 5046 honor.
1613 4956 1698 5046 Ρ.Δ
1735 4955 2085 5046 Benedictio.
2313 4961 2469 5016 ﬁcati
2503 4960 2562 5014 in
2599 4963 2886 5031 sanguine
2917 4963 3067 5031 ejus,
3099 4963 3248 5018 salvi
3270 4963 3348 5020 ab
3384 4964 3474 5021 ira
3504 4967 3702 5024 simus
3739 4952 3848 5042 per
3890 4975 3997 5046 ip-

629 5041 930 5109 Hymnus.
972 5041 1071 5096 Hic
1127 5047 1217 5098 est
1269 5043 1425 5099 dies.
1494 5042 1882 5113 Supplicatio.
1932 5043 2200 5098 Oremus.
2314 5065 2466 5104 sum.
2509 5048 2572 5107 ἲν.
2607 5048 2853 5115 Eloquia
2879 5049 3132 5117 Domini,
3175 5051 3414 5124 eloquia
3433 5041 3994 5128 castazargentum

547 5129 640 5199 fol
679 5133 806 5185 37g,
1865 5217 1870 5218 γ
1914 5217 1947 5218 Η
2312 5137 2446 5206 igne
2469 5138 2871 5192 examinatum
2901 5145 3084 5203 terrae,
3117 5147 3440 5211 purgatum
3491 5146 3880 5218 septuplum.
3931 5155 3996 5207 P.

627 5218 924 5289 Capitula.
957 5220 1308 5290 Deus,quiin
1329 5217 1672 5291 operatione
1686 5217 2008 5299 quintidiei
2025 5219 2202 5290 repti-
2313 5227 2384 5281 Ut
2408 5224 2731 5295 justiticati.
2777 5224 2837 5283 ἴ.
2881 5225 3095 5292 Gloria,
3125 5232 3182 5282 et
3210 5227 3423 5284 honor.
3459 5234 3517 5286 P.
3547 5233 3637 5289 Ut.

563 5306 642 5362 lia
670 5307 1002 5363 animarum
1036 5305 1602 5374 vivarum,homines
1633 5305 1848 5360 scilicet
1884 5311 2200 5362 renovatos
2381 5314 2598 5370 Oratio.
2635 5313 2858 5368 Christe
2879 5314 3032 5370 Deus
3054 5321 3277 5382 noster,
3312 5324 3368 5374 et
3396 5320 3676 5389 Domine,
3700 5326 3809 5397 qui
3836 5344 4000 5386 con-

551 5404 1108 5485 persacramentum
1127 5395 1519 5485 DaAptismatis,
1565 5393 1970 5485 condidistizet
1994 5394 2198 5451 volati-
2305 5401 2557 5457 ﬁrmasti
2583 5417 2694 5456 nos
2721 5403 3002 5473 mysterio
3019 5404 3244 5476 Crucis,
3280 5412 3335 5462 et
3363 5408 3612 5477 signasti
3655 5393 3992 5485 mjrsterio,

553 5481 634 5582 lia
653 5481 1693 5582 cmli,ani.masvidelicetSanctorum
1707 5482 1790 5582 ad
1803 5499 2067 5582 superna
2100 5503 2199 5582 vo-
2307 5490 3159 5582 potentiatuae-resurrectionis
3187 5495 3365 5566 380
3388 5496 3543 5553 dans
3583 5481 3812 5571 pignus
3851 5481 3993 5578 spis

556 5569 1078 5632 lantesmaniiesta
1099 5568 1817 5640 virtutumluce,formasti
1839 5574 2199 5646 :praabeani-
2304 5576 2450 5636 ritus
2469 5578 2531 5636 in
2549 5577 2828 5636 cordibus
2839 5580 3080 5637 nostris:
3099 5579 3194 5640 fac
3215 5597 3326 5640 nos
3347 5583 3451 5649 ita,
3483 5568 3857 5658 quaesumus
3887 5568 3962 5653 re
