4118 6184
112 166 3594 210 ὼ
536 198 543 203 .
2786 205 3036 211 .___.____
3066 207 3153 213 __._
3208 206 3589 214 ,Μ

118 202 371 210 Μ

824 572 1486 637 ARCHIEPISCOPUS
1541 576 2014 646 TOLETANUS,
2066 575 2600 641 I-IISPANIARUM
2645 580 2953 657 PRIMAS,

1356 760 1851 853 LECTORI
1926 760 2464 857 SALUTEM

232 992 337 1047 Ab
368 992 551 1063 hujus
588 990 771 1047 nostri
806 988 1123 1060 pastoralis
1143 988 1408 1044 muneris
1438 989 1681 1044 exordio
1699 989 1845 1054 nihil
1880 991 1925 1043 A
1958 1004 2056 1045 mo
2072 990 2145 1045 de
2169 992 2537 1063 Etymologia
2560 993 2743 1063 hujus
2775 1000 2959 1053 sancti
2987 998 3405 1071 ofﬁcii,postea
3425 1002 3498 1060 de
3511 1020 3596 1060 re-

137 1080 355 1137 altius
370 1079 478 1136 fuit
492 1080 695 1137 animo
709 1079 1160 1149 insitum,quam
1176 1079 1467 1148 majorum
1483 1079 1653 1150 sequi
1670 1078 1842 1133 vesti-

142 1170 283 1241 gia,
308 1171 607 1241 praecipue
627 1166 936 1224 clarissimi
954 1166 1267 1221 cardinalis
1294 1166 1586 1221 Francisci
1610 1166 1843 1221 Ximenii

143 1258 231 1313 de
274 1258 581 1321 Cisneros,
605 1256 709 1328 qui
736 1270 888 1328 pene
929 1254 1334 1310 oblitteratum
1386 1254 1710 1318 Cothicum,
1737 1269 1842 1308 seu

150 1345 625 1401 Mozarabicum
645 1344 819 1399 ritum
838 1342 995 1415 typis
1018 1342 1345 1401 mandavit.
1378 1346 1443 1397 ut
1472 1343 1719 1413 posteris
1733 1344 1841 1397 Go-

160 1433 429 1488 thorum
450 1434 675 1487 Patrum
695 1430 1231 1495 memoriarediret,
1251 1430 1841 1501 etquasirevisvisce-

146 1523 247 1575 ret
273 1520 480 1575 honos
500 1520 735 1575 debitus
753 1519 912 1583 Osio,
933 1518 1221 1582 Leandro,
1252 1518 1577 1586 Fulgentio,
1594 1518 1836 1583 lsidoro,

152 1609 503 1675 Braulioni,
526 1608 813 1678 Eugenio,
830 1608 1377 1677 Helladio,.luliano,
1402 1607 1843 1678 lldephonso,et

153 1698 302 1753 aliis
320 1698 597 1753 Patribus
610 1698 683 1752 de
699 1703 901 1751 nostra
916 1697 1190 1767 Hesperia
1206 1697 1427 1766 optime
1444 1695 1685 1760 meritis,
1703 1701 1839 1752 stre-

164 1786 316 1839 nuis
346 1785 758 1850 ﬁdeialbletis,
786 1784 1176 1839 licclesiarum
1209 1784 1499 1854 Hispaniae
1523 1783 1837 1848 columnis,

176 1874 455 1928 Gothiae
488 1874 681 1943 gentis
709 1872 926 1937 decori,
951 1878 1005 1927 et
1053 1871 1406 1942 praesidibus
1429 1872 1838 1927 conciliorum.

242 1962 397 2017 lluic
416 1963 579 2034 operi
594 1962 813 2017 obnixe
832 1961 1266 2021 incumbentes,
1290 1977 1408 2032 prm
1430 1960 1615 2015 oculis
1632 1960 1840 2015 habui-

167 2066 315 2105 mus
347 2050 729 2122 propriisque
744 2048 1024 2105 manibus
1045 2049 1452 2119 pervolvimus
1471 2053 1841 2119 pervetustos

170 2138 470 2194 Gothicos
504 2139 745 2194 Codices
771 2137 1351 2206 veteremliturgiam
1380 2137 1843 2202 redolentes,oc-

166 2228 473 2296 tingentis
498 2228 715 2283 abhinc
746 2227 928 2281 ferme
961 2227 1131 2281 annis
1148 2242 1333 2281 manu
1356 2231 1648 2288 exaratos,
1672 2226 1841 2298 quin-

1953 1078 2066 1133 bus
2097 1078 2176 1133 ad
2201 1080 2331 1149 ejus
2352 1080 2765 1152 antiquitatem
2792 1086 3197 1155 spectantibus
3220 1103 3486 1159 agemus.

2026 1168 2277 1236 Etymon
2292 1167 2468 1237 igitur
2490 1169 3028 1228 Mozarabiciofﬁcii
3044 1180 3365 1246 ursupatur
3386 1195 3595 1236 secun-

1952 1252 2098 1307 dum
2115 1254 2631 1312 denominationes
2664 1259 2975 1315 nationum
3005 1260 3154 1317 inter
3184 1279 3335 1333 quas
3359 1265 3597 1334 Hispani

1949 1341 2549 1401 victitabant.Revera
2562 1361 2809 1418 namque
2840 1349 3042 1404 ordine
3082 1350 3498 1422 chronologico
3525 1352 3595 1408 ri-

1950 1432 2062 1495 tus,
2090 1430 2223 1486 licet
2246 1431 2317 1486 sit
2348 1434 2679 1489 secundum
2710 1439 3048 1507 temporum
3082 1438 3517 1494 vicissitudines
3540 1447 3597 1497 et

1951 1517 2325 1587 praelatorum
2353 1520 2755 1577 ordinationes
2794 1524 3076 1591 variatus,
3109 1526 3301 1597 primo
3332 1527 3619 1582 denomiw

1950 1606 2079 1660 nari
2094 1606 2263 1662 debet
2279 1610 2568 1665 Romanus
2582 1611 3342 1680 etIlispamcus,traditione
3360 1615 3596 1670 descen-

1951 1694 2100 1749 dens
2123 1701 2514 1752 asanctorum
2544 1698 2694 1752 Petri
2728 1699 3284 1772 etPaulidiscipulis
3306 1702 3481 1773 primi
3500 1707 3596 1758 Ec-

1951 1782 2141 1837 clesiae
2170 1783 2465 1855 Hispaniae
2480 1785 2895 1841 laudatoribus
2910 1794 2965 1843 et
2986 1790 3358 1859 praasulibus,
3378 1792 3599 1847 scilicet

1949 1874 2267 1941 Torquato,
2321 1874 2713 1945 Ctesiphonte,
2765 1875 3070 1945 lndaletio,
3130 1879 3439 1948 Hesychio,
3482 1882 3598 1933 Eu-

1951 1959 2217 2030 phrasio,
2250 1963 2542 2029 Secundo,
2572 1963 2887 2032 etCaecilio,
2917 1964 3018 2037 qui
3047 1965 3124 2021 ad
3152 1968 3442 2038 Hesperiae
3460 1983 3597 2023 nos-

1951 2053 2053 2103 trae
2079 2065 2216 2104 oras
2239 2051 2668 2121 pervenientes,
2698 2068 2833 2107 eam
2878 2053 3014 2108 ﬁdei
3065 2055 3291 2109 lumine
3338 2055 3598 2111 illustra-

1950 2142 2087 2192 runt
2110 2156 2121 2204 ;
2140 2138 2352 2193 deinde
2370 2141 2671 2208 Got/zicus,
2691 2146 2826 2211 post
2844 2143 3155 2197 Reccaredi
3174 2143 3496 2199 Gothorum
3509 2160 3597 2200 re-

1953 2225 2040 2295 gis
2070 2226 2149 2280 ad
2179 2226 2535 2282 catholicam
2558 2229 2741 2284 tidem
2765 2230 3239 2296 conversionem,
3267 2232 3601 2302 publicam-

166 2318 371 2385 gentis
399 2316 477 2372 ad
494 2317 697 2371 minus
729 2321 864 2371 ante
894 2316 1259 2369 tristenatale
1294 2314 1544 2377 Lutheri,
1596 2314 1836 2378 Calvini,
1876 2342 1919 2395 B
1953 2313 3600 2389 queinconcil.11Tolet.Arianaehaereseos,abjurationem

167 2406 594 2470 sectariorum,
625 2413 680 2460 et
719 2410 1077 2459 novatorum
1110 2403 1391 2458 adversus
1446 2407 1838 2469 sacramenta,

168 2496 349 2565 queis
385 2500 594 2550 sancta
624 2496 801 2549 Mater
838 2492 1096 2547 Ecclesia
1145 2490 1491 2546 mirabiliter
1515 2491 1767 2559 fovetur,
1786 2495 1842 2547 et

86 2588 89 2589 ⁷
174 2582 459 2649 nutritur,
481 2580 910 2635 utﬁdeihostes
950 2579 1025 2633 ad
1059 2576 1367 2634 meliorem
1412 2579 1646 2647 frugem
1703 2594 1840 2634 con-

172 2678 503 2738 vertantur,
532 2669 618 2725 vel
646 2669 853 2725 saltem
888 2684 1057 2723 sacra
1084 2666 1365 2739 mysteria
1394 2667 1455 2721 in
1488 2672 1610 2722 tam
1628 2682 1839 2739 perau-

177 2764 359 2833 tiquis
400 2759 789 2829 autographis
841 2757 1233 2829 perlegentes,
1289 2756 1726 2811 obmutescant.

256 2850 517 2905 Ecclesia
532 2852 809 2913 Romana,
835 2848 1086 2902 omnium
1105 2852 1292 2899 mater
1305 2850 1359 2899 et
1376 2845 1668 2913 magistra,
1690 2860 1837 2897 sum-

190 2956 437 3011 mopere
453 2938 828 2994 insudavitut
844 2936 1259 3005 sacraliturgia
1274 2950 1377 3006 per
1391 2934 1731 2987 universum
1747 2948 1838 2988 or-

186 3030 329 3081 bem
360 3028 565 3081 eodem
596 3026 709 3078 ritu
728 3024 1141 3085 celebraretur,
1175 3021 1326 3077 etsic
1378 3038 1497 3076 una
1528 3024 1680 3075 esset
1709 3036 1836 3075 om-

188 3115 353 3169 nium
386 3113 647 3167 tidelium
663 3112 848 3167 oratio
874 3130 884 3177 ;
913 3118 1317 3167 verumtamen
1346 3110 1598 3165 Missalia
1624 3114 1679 3165 et
1705 3110 1835 3163 Bre-

189 3201 371 3257 viaria
389 3200 633 3271 antiqua
650 3215 768 3254 non
784 3199 1041 3255 abolevit
1062 3218 1072 3262 ;
1091 3201 1213 3253 imo
1246 3204 1534 3269 tanquam
1559 3198 1617 3252 in
1634 3200 1837 3253 Sacra-

187 3292 271 3346 rio
286 3288 629 3344 Psalterium
648 3289 979 3343 secundum
996 3293 1251 3343 veterem
1278 3288 1610 3343 versionem
1626 3286 1835 3341 Italam

187 3379 260 3435 ab
292 3378 618 3447 Augustino
647 3376 1582 3447 etaliisl’atribusprzelaudatam
1610 3376 1835 3436 retinet;

199 3468 254 3523 in
280 3466 561 3521 Vaticana
590 3464 815 3537 capella
831 3465 1116 3536 praecinit,
1141 3464 1385 3535 ejusque
1402 3463 1647 3519 Codices
1672 3463 1732 3518 in
1752 3463 1835 3518 bi-

201 3555 487 3611 bliotheca
540 3559 829 3625 tanquam
868 3553 928 3608 in
986 3554 1199 3607 scrinio
1246 3552 1497 3624 pectoris
1549 3552 1834 3607 recondit.

266 3648 829 3715 lpsummetsacrum
842 3642 1051 3697 concil.
1073 3641 1566 3710 Trid.,maximam
1584 3640 1719 3695 inde
1736 3640 1838 3695 uti-

198 3729 411 3789 litatem
434 3733 742 3803 provenire
766 3746 1123 3801 agnoscens,
1158 3730 1359 3784 statuit
1380 3749 1389 3787 :
1407 3730 1719 3798 religiosos
1750 3744 1840 3783 or—

202 3821 365 3877 dines
392 3820 659 3876 ducentis
677 3826 809 3875 ante
829 3818 1024 3892 ipsum
1041 3818 1214 3873 annis
1237 3818 1519 3888 peculiari
1536 3818 1843 3873 Rituuten-

210 3914 306 3978 tes,
341 3926 474 3965 eum
502 3910 753 3965 retinere
784 3924 958 3980 posse
1008 3915 1129 3963 tam
1178 3908 1237 3961 in
1299 3907 1589 3962 sacriﬁcio
1636 3907 1841 3961 missae

204 3999 445 4072 quamin
459 3998 661 4052 divino
675 3997 871 4051 officio
885 3995 1303 4067 persolvendo.
1323 3994 1408 4050 Oh
1422 3994 1483 4049 id
1500 3995 1845 4063 longissima

204 4086 479 4159 temporis
501 4084 963 4156 praescriptione,
980 4087 1041 4136 ut
1060 4081 1845 4137 immemorabiliconsuetu-

202 4175 329 4231 dine
348 4172 567 4228 sutfulti
585 4171 1019 4232 Cistercienses,
1042 4169 1411 4222 Carthusiani
1426 4168 1704 4234 ,eremitae
1724 4169 1844 4226 Cal-

203 4263 343 4320 ceati
363 4260 579 4316 montis
594 4256 865 4322 Carmeli,
885 4261 938 4312 et
956 4255 1374 4328 prmdicatores
1392 4256 1614 4311 ordinis
1653 4258 1842 4314 sancti

204 4346 791 4419 Dominici,proprios
813 4346 959 4400 ritus
979 4351 1033 4401 et
1065 4345 1452 4401 caeremonias
1499 4346 1839 4414 observant,

207 4446 266 4496 ut
297 4436 533 4494 insimul
556 4436 669 4491 hoc
684 4434 867 4489 modo
889 4435 946 4489 in
965 4433 1221 4489 Ecclesia
1242 4433 1338 4489 Dei
1358 4435 1550 4490 unitas
1568 4436 1843 4490 sacriﬁcii

207 4526 564 4600 resplendeat
588 4543 605 4592 ;
628 4529 684 4579 et
705 4524 884 4578 veteri
897 4524 1010 4579 ritu
1031 4527 1297 4579 Romano
1320 4539 1445 4578 cum
1460 4524 1843 4595 politioricol-

211 4617 341 4684 lato,
371 4617 597 4685 Sponsa
624 4611 1103 4668 Christimirabili
1125 4611 1519 4667 circumdetur
1539 4613 1838 4667 varietate.

277 4704 397 4760 Zelo
417 4701 553 4757 ﬁdei
586 4715 873 4756 accensus
909 4700 1162 4756 eximius
1193 4700 1285 4755 ille
1318 4700 1634 4756 cardinalis
1658 4702 1846 4756 Xime-

136 4846 137 4861 χ
216 4796 358 4858 nius,
376 4789 736 4849 Christianus
749 4788 1087 4861 etpoliticus
1100 4788 1301 4857 heros,
1317 4803 1556 4860 sparsos
1580 4787 1843 4859 undique

136 4876 139 4917 ί
219 4884 487 4946 Gothicos,
522 4880 903 4946 lsidorianos,
938 4895 1044 4935 seu
1073 4877 1469 4934 Mozarabicos
1514 4877 1757 4932 Codices
1784 4878 1845 4932 in

138 4958 139 4987 ³
218 4988 384 5028 unum
401 4969 632 5037 collegit
655 4968 843 5031 ;viros
867 4967 1245 5022 doctissimos
1276 4964 1673 5033 undequaque
1691 4966 1845 5021 acci-

2025 2406 2171 2459 Cum
2202 2404 2671 2475 Leanderetcjus
2703 2406 2879 2461 frater
2906 2408 3168 2463 Isidorus
3215 2408 3402 2463 multa
3429 2408 3493 2463 in
3510 2424 3600 2463 sa-

1952 2508 2051 2547 cra
2071 2492 2306 2561 liturgia
2333 2498 2387 2547 et
2416 2493 2609 2548 ofﬁcio
2640 2494 2984 2565 depravata,
3036 2501 3335 2568 corrupta,
3361 2501 3415 2551 et
3439 2497 3600 2551 Aria-

1950 2597 2167 2636 norum
2190 2582 2441 2652 perﬁdia
2464 2582 2718 2653 inversa,
2751 2586 3182 2655 comperissent
3234 2584 3600 2651 (incredibile

1950 2685 2212 2741 namque
2238 2674 2343 2737 est,
2372 2686 2406 2725 a
2434 2674 2699 2741 tempore
2720 2673 2977 2728 Athaulﬁ
3006 2690 3191 2745 usque
3210 2674 3285 2729 ad
3326 2677 3600 2729 Reccare-

1949 2758 2117 2822 dum,
2140 2757 2474 2826 vigentibus
2505 2759 2735 2813 Arianis
2765 2761 3080 2824 erroribus,
3116 2762 3419 2817 exsulibus
3445 2763 3601 2832 epis-

1950 2846 2113 2916 00pis
2135 2845 2460 2910 catholicis,
2494 2846 2753 2914 plurima
2778 2847 2837 2899 in
2863 2864 3032 2902 sacra
3073 2850 3446 2920 autographa
3476 2864 3596 2904 non

1951 2932 2257 3003 irrepsisse
2288 2932 2464 2999 vitia),
2498 2948 2568 2987 ea
2594 2949 2630 2987 a
2660 2934 2891 2988 mendis
2948 2951 3296 3006 expurgare,
3356 2938 3598 3007 puriora

1950 3020 2216 3087 reddere,
2250 3024 2305 3075 ct
2334 3020 2393 3075 in
2426 3020 2731 3076 meliorem
2757 3022 3026 3077 ordinem
3060 3023 3326 3093 redigere
3375 3026 3594 3094 cogita-

1948 3115 2101 3175 runt;
2118 3110 2287 3180 cujus
2304 3126 2487 3165 causa
2500 3110 2764 3165 Leander
2781 3117 2835 3166 et
2851 3111 3123 3168 Isidorus
3151 3113 3217 3168 de
3232 3114 3454 3169 divinis
3476 3115 3598 3169 otii-

1948 3200 2055 3255 ciis
2088 3199 2469 3269 scripserunt,
2494 3203 2548 3253 te
2577 3203 2730 3255 totus
2756 3201 2873 3255 fere
2906 3218 3123 3273 scopus
3176 3204 3382 3267 concil.
3414 3222 3466 3259 1v
3496 3209 3598 3261 To-

1948 3288 2069 3350 let.,
2096 3286 2349 3359 praeside
2380 3294 2585 3343 sancto
2619 3288 2859 3357 Isidore,
2892 3290 2998 3346 fuit
3028 3292 3294 3346 ordinem
3331 3293 3392 3347 iu
3422 3295 3599 3348 sacri-

1948 3377 2085 3432 ﬁcio
2118 3376 2317 3431 missa:
2338 3382 2389 3431 et
2422 3378 2479 3430 in
2512 3377 2726 3432 divinis
2761 3378 2973 3433 officiis
3007 3379 3291 3444 stabilire,
3326 3396 3431 3450 per
3464 3381 3592 3434 uni-

1947 3480 2183 3521 versam
2214 3465 2558 3535 llispaniam
2589 3470 2643 3519 et
2666 3465 2914 3521 Galliam
2946 3468 3286 3533 extendere,
3312 3467 3593 3523 deturba«

1948 3558 2195 3625 tamque
2218 3553 2427 3608 faciem
2454 3552 2531 3608 ad
2550 3554 2867 3624 pristinum
2892 3558 3114 3609 statum
3158 3556 3481 3611 restituere.

2022 3641 2109 3697 0b
2137 3646 2327 3696 tantos
2360 3640 2691 3696 exantlatos
2718 3640 2953 3697 labores
2975 3648 3031 3697 et
3058 3642 3371 3699 diuturnas
3402 3644 3599 3699 elucu-

1949 3731 2249 3786 brationes
2282 3730 2467 3785 sancti
2499 3730 2705 3785 lsidori
2735 3730 2911 3802 coepit
2939 3732 3149 3788 merito
3178 3733 3324 3789 ritus
3362 3750 3593 3789 nuncu-

1950 3819 2083 3892 pari
2106 3819 2498 3881 Isz'dorianus,
2522 3819 2883 3875 Breviarium
2900 3827 2951 3875 cl
2975 3822 3237 3890 o/fzcium
3276 3824 3597 3879 secundum

1952 3908 2202 3977 regulam
2232 3907 2546 3963 beatissimi
2560 3908 2794 3972 Isz'dorz',
2816 3908 2928 3964 hoc
2960 3913 3063 3975 est,
3081 3910 3600 3966 secundumcano-

1952 4011 2059 4051 nes
2079 3994 2285 4050 concil.
2311 4010 2363 4047 ιν
2380 3993 2557 4049 Tolet.
2574 3994 2651 4049 ab
2683 3994 2818 4067 ipso
2850 3997 3149 4068 praecipue
3172 3997 3599 4061 elaboratos,ut

1954 4088 2090 4156 pote
2116 4081 2369 4155 praeside
2391 4083 2643 4147 concilii,
2672 4088 2729 4138 et
2755 4083 2911 4139 sedis
2957 4085 3303 4155 apostolicae
3353 4086 3597 4151 vicario,

1951 4174 2100 4229 ritus
2138 4176 2191 4227 et
2219 4171 2550 4243 disciplinae
2573 4171 2981 4228 ecclesiasticae
2996 4173 3428 4239 moderatione,
3445 4178 3497 4230 et
3514 4178 3600 4230 to-

1952 4262 2069 4318 tius
2096 4260 2256 4316 orbis
2304 4259 2737 4329 fulgentissimo
2791 4261 2999 4317 sidere.

2025 4353 2338 4420 Postquam
2361 4348 2571 4403 misere
2598 4364 2632 4403 a
2654 4350 2865 4405 Mauris
2922 4350 3203 4421 Hispania
3240 4354 3445 4407 nostra
3494 4351 3601 4406 fuit

1952 4443 2260 4509 occupata,
2295 4436 2729 4508 Christianique
2760 4437 3054 4493 Arabibus
3081 4438 3261 4505 victu,
3290 4440 3523 4504 vestitu,
3546 4442 3601 4494 et

1952 4524 2171 4597 pluries
2200 4523 2502 4579 connubio
2532 4524 2696 4588 misti,
2725 4525 2889 4579 initio
2921 4525 3086 4595 pacis
3109 4526 3350 4591 foedere,
3382 4542 3418 4581 a
3447 4528 3601 4581 Mau-

1951 4629 2157 4668 rorum
2187 4612 2424 4681 regibus
2438 4610 2735 4682 quasdam
2753 4612 3448 4682 obtinueruntecclesias,
3476 4613 3602 4667 suis

1954 4700 2257 4756 catholicis
2284 4700 2497 4755 ritibus
2510 4700 2769 4767 retentis,
2797 4700 3024 4756 Missale
3055 4706 3107 4757 et
3132 4700 3400 4761 (fﬁcium
3426 4703 3604 4756 Maza-

1954 4790 2155 4845 rabz’ca
2176 4788 2332 4843 fuere
2386 4788 2688 4859 appellata

2028 4878 2169 4943 Quis
2198 4877 2289 4932 vel
2308 4876 2486 4948 lippis
2512 4876 2701 4932 oculis
2726 4892 2848 4932 non
2878 4877 3038 4933 videt
3067 4892 3172 4948 per
3201 4877 3606 4949 quadringen-

1956 4970 2046 5023 tos
2067 4966 2251 5021 ferme
2278 4980 2467 5021 annos
2494 4964 2728 5020 Arabici
2750 4966 2997 5021 dominii
3019 4965 3078 5020 in
3092 4966 3371 5021 Toletana
3403 4965 3606 5023 civita-

222 5059 604 5132 vit;peritiores
634 5057 692 5111 in
716 5055 1088 5112 Mozarabico
1106 5056 1218 5109 ritu
1242 5058 1577 5109 sacerdotes
1604 5053 1805 5124 selegit
1828 5073 1845 5125 ;
1881 5048 1925 5101 Ι)
1956 5058 2013 5111 te
2040 5053 2268 5110 occulte
2300 5069 2519 5109 sacraa
2541 5053 2882 5109 Christianis
2898 5052 3194 5109 multoties
3208 5054 3329 5109 sine
3350 5055 3604 5126 prtesule

228 5149 389 5220 iisque
404 5146 621 5202 divitiis
638 5150 905 5208 onustus,
929 5143 1279 5198 Breviarium
1319 5142 1649 5197 secundum
1676 5158 1849 5211 regu-

230 5234 334 5290 lam
349 5236 518 5291 sancti
536 5233 745 5290 lsidori
763 5232 1004 5287 tandem
1018 5246 1176 5287 anno
1206 5233 1340 5284 1502
1354 5231 1519 5302 prelo
1534 5231 1847 5287 commisit.

296 5323 483 5379 Verum
496 5339 569 5378 ne
588 5328 781 5377 metas
798 5320 939 5375 recti
955 5318 1180 5374 ordinis
1194 5317 1723 5388 transgrediamur,
1742 5318 1855 5389 pri-

484 5409 720 5465 PATROL.
760 5405 1055 5462 LXXXVI.

161 6000 167 6007 .
227 5842 437 6040 “6V

1960 5149 2017 5199 et
2036 5142 2459 5214 sineepiscopo
2482 5140 2609 5196 ﬁeri
2632 5141 2811 5206 ?Quis
2827 5156 2949 5197 non
2984 5142 3233 5198 miratur
3246 5142 3405 5197 hunc
3428 5143 3607 5198 ritum

1962 5231 2077 5286 hac
2110 5235 2459 5300 tempestate
2493 5228 2726 5300 penitus
2749 5245 2870 5284 non
2900 5229 3606 5301 deperiisse,regiisacer-

1966 5318 2106 5375 dotii
2120 5317 2423 5374 deﬁciente
2437 5318 2674 5373 virtute?
2685 5321 2740 5372 et
2752 5317 2800 5372 si
2813 5317 3119 5388 aliquoties
3134 5319 3340 5381 furtim,
3359 5315 3599 5376 secreto,

3334 5404 3353 5451 1
