4118 6184
452 185 512 244 11
1359 174 1798 233 FRANCISCUS
1836 157 2194 228 ANTONIUS
2234 161 2658 229 LOHENZANA
2693 161 3005 228 LECTORI.
3784 178 3840 233 12

451 311 556 365 aut
580 321 804 376 magno
827 303 1016 377 pretio
1041 296 1351 359 Saracenis
1381 300 1417 357 ὰ
1443 297 1794 358 Christicolis
1824 293 2095 367 persolu-
2123 285 2170 347 Α
2201 294 2483 364 (ruimus;
2513 297 2940 355 etoblevamen
2960 279 3307 366 legentium,
3326 293 3577 354 maxime
3599 299 3840 356 recitan-

450 400 531 463 to,
561 393 874 466 episcopus
895 393 1074 460 hujus
1096 389 1255 444 sedis
1284 387 1577 444 Toletanae
1603 381 1965 454 eligebatur;
1984 396 2092 436 nec

451 483 666 540 scholis
679 482 890 539 clausis
913 497 927 543 ;
950 477 1305 550 peritiorem,
1334 492 1442 532 nec
1464 475 1840 534 sanctiorem,
1869 469 2094 550 amissa

447 571 712 628 libertate
737 543 996 624 invenire
1021 566 1254 629 licebat;
1285 557 1595 620 interdicto
1625 543 1995 634 praedicandi
2038 560 2094 612 et

448 658 699 715 docendi
731 671 992 718 munere,
1028 657 1084 708 et
1108 652 1258 709 barb
1271 654 1391 707 arie
1422 655 1667 706 cunctos
1681 645 2090 704 obnubilante.

519 743 748 798 Affulsit
776 741 1017 797 tandem
1044 740 1248 795 oblata
1273 739 1532 809 diesqua
1554 734 1810 807 inclytus
1835 731 2089 804 Alphon-

450 849 549 887 sus
580 835 778 886 sextus
803 830 1067 884 Toletum
1097 829 1476 898 expugnavit,
1505 841 1797 896 suamque
1823 824 1883 877 in
1930 825 2088 891 pote-

450 926 661 976 statem
686 919 931 988 redegit.
961 934 997 989 a
1036 915 1221 972 sacris
1253 932 1534 970 exsorsus
1565 934 1575 970 :
1604 911 1890 986 Mezquita
1921 909 2084 975 olim,

448 1024 618 1064 sacra
645 1006 892 1064 basilica
921 1003 1129 1060 effecta
1156 1010 1278 1071 est;
1314 1021 1343 1057 e
1372 1001 1558 1059 Gallia
1614 993 1993 1056 doctissimos
2035 992 2091 1051 et

445 1095 921 1166 religiosissimos
939 1094 1095 1149 viros
1117 1091 1403 1157 evocavit,
1431 1091 1584 1147 utad
1604 1088 1972 1162 episcopales
1996 1102 2088 1141 ca-

444 1184 686 1240 thedras
703 1185 969 1239 eveheret
995 1181 1441 1248 ;Cluniacenses
1457 1179 1807 1242 monachos,
1823 1181 1949 1231 tum
1967 1183 2090 1229 ma-

442 1271 602 1328 xime
627 1271 920 1336 ﬂorentes,
945 1269 1022 1326 ad
1043 1269 1432 1325 canonicatus
1461 1272 1516 1323 et
1545 1265 1859 1336 dignitates
1893 1255 2088 1317 Eccle-

445 1360 546 1414 siae
571 1361 863 1415 Toletanae
891 1357 1173 1420 adduxit;
1219 1354 1581 1410 Bernardum
1637 1351 1816 1408 Toleti
1870 1364 2090 1420 prmsu-

441 1461 564 1516 lem
615 1445 946 1510 constituit;
981 1449 1252 1499 sanctum
1301 1445 1533 1497 Petrum
1591 1441 1866 1504 Oxomte;
1906 1436 2090 1494 alium

2203 380 2370 448 tium,
2386 399 2881 457 unamquamque
2903 383 3232 439 dictionum
3249 399 3360 439 suo
3381 386 3622 457 proprio
3650 402 3840 443 accen-

2202 469 2714 556 tuinsignivimus.
2734 477 2797 528 ln
2819 470 3032 527 Missali
3058 475 3260 526 autem
3272 476 3328 527 et
3341 473 3614 530 Breviaro
3641 477 3840 532 Roma-

2201 559 2280 612 no
2306 553 2520 616 cuncta
2569 559 2725 616 r'éc'te‘
2756 560 2900 616 satis
2932 553 3242 630 disp‘bsitd,
3272 561 3586 632 perpolita,
3609 578 3646 618 a
3673 563 3840 635 pluri-

2200 643 2313 699 bus
2339 649 2571 703 mendis
2588 654 2860 721 purgata,
2883 648 3141 717 etvigilis
3156 648 3622 706 clarissimorum
3659 651 3838 707 cardi-

2200 732 2426 791 nalium
2458 729 2708 802 Batonii,
2740 736 3097 802 Bellarmini,
3131 742 3186 791 et
3232 737 3506 804 aliorum,
3537 738 3599 794 in
3638 739 3836 795 melius

2199 824 2461 890 redacta;
2486 825 2694 896 hymni
2719 827 2937 880 etenim
2960 825 3147 881 sancti
3180 826 3497 892 Ambrosii,
3515 833 3571 882 et
3591 827 3836 883 aliorum

2198 911 2457 976 Patrum,
2475 914 2552 968 ad
2572 915 2880 970 meliorem
2900 920 3256 970 concentum
3271 920 3326 969 et
3346 931 3692 972 mensuram
3722 933 3838 973 ver-

2198 1015 2297 1052 sus
2323 998 2561 1057 fuerunt
2586 1004 2831 1071 reducti,
2861 1003 3218 1074 suisquique
3245 1001 3388 1059 locis
3410 1004 3590 1075 aptati
3621 1021 3634 1069 ;
3667 1003 3750 1060 ita
3782 1008 3839 1060 ut

2197 1085 2254 1140 et
2280 1101 2522 1143 sensum
2549 1081 2880 1160 retinerent,
2903 1095 2957 1144 et
2981 1089 3058 1145 ab
3090 1090 3423 1146 oratoribus
3445 1096 3500 1146 et
3521 1091 3708 1162 poetis
3740 1081 3840 1148 La-

2196 1173 2332 1228 tinis
2362 1191 2483 1232 non
2523 1177 2848 1234 deviarent.
2896 1179 3213 1250 Hucusque
3261 1178 3335 1233 de
3386 1161 3840 1235 nomienclaturis

2196 1261 2376 1333 hujus
2425 1269 2612 1321 sancti
2643 1267 2838 1322 ofﬁcii.

2270 1353 2422 1406 lnter
2451 1370 2541 1407 res
2572 1355 2647 1408 ad
2669 1355 3080 1425 antiquitatem
3103 1354 3349 1424 liturgiae
3369 1347 3837 1427 Gothico-Hispa-

2200 1441 2347 1492 nicae
2379 1447 2734 1510 spectantes,
2788 1443 2979 1497 versio
3013 1441 3275 1513 primum
3343 1441 3540 1496 locum
3586 1443 3838 1499 vindicat

443 1535 783 1590 Bernadum
810 1533 1099 1602 Segontire
1130 1548 1142 1596 ;
1175 1536 1230 1586 et
1263 1536 1538 1586 sanctum
1597 1527 1915 1583 Geraldum
1959 1520 2090 1579 Bra-
2124 1543 2166 1596 Β
2200 1523 2333 1579 sibi.
2354 1529 2519 1583 Tanti
2546 1530 2704 1584 cnim
2734 1529 2936 1585 habita
2966 1529 3071 1584 fuit
3101 1529 3260 1600 apud
3283 1535 3505 1584 veteres
3519 1534 3574 1584 et
3603 1530 3839 1586 neoteri-

446 1640 616 1680 carae.
649 1625 765 1678 lloc
796 1640 864 1676 ex
910 1629 1170 1692 tempore
1211 1619 1643 1675 Mozarabicum
1699 1615 1963 1672 ofﬁcium
1988 1629 2091 1668 no-

443 1712 738 1768 minatum
769 1710 876 1766 fuit
899 1712 1268 1775 Totetanum,
1301 1707 1446 1778 quia
1493 1706 1672 1761 Toleti
1730 1701 2089 1760 commorari

446 1799 710 1856 Castellae.
735 1803 791 1854 et
823 1797 1087 1867 Legionis
1125 1811 1314 1866 reges,
1349 1792 1854 1863 magniﬁcarequc
1877 1791 2088 1846 urbem

446 1892 502 1942 et
515 1887 826 1943 ecclesiam
839 1890 1165 1957 creperum,
1179 1883 1257 1939 ob
1269 1883 1385 1938 loci
1399 1882 1792 1946 securitatem,
1814 1897 1869 1935 m
1880 1878 2089 1934 unitio—

442 1990 585 2031 nem
613 1977 668 2030 et
695 1973 1019 2030 faciliorem
1035 1987 1343 2028 accessum
1373 1975 1429 2026 et
1449 1975 1662 2025 caetera
1683 1965 2090 2040 expugnanda

443 2063 670 2136 oppida
695 2079 732 2119 a
757 2061 973 2118 Mauris
1004 2063 1330 2132 occcupata
1360 2078 1373 2127 ;
1401 2063 1457 2114 et
1490 2058 1703 2114 exinde
1729 2057 1872 2112 urbs
1903 2071 2089 2128 parva

442 2151 675 2208 munita
701 2150 836 2206 loco
856 2149 1020 2221 regia
1063 2147 1267 2203 civitas
1319 2145 1802 2217 nuncupabatur.

514 2243 848 2311 Atempore
877 2237 1164 2309 Alphonsi
1197 2236 1341 2290 sexti
1399 2251 1590 2306 usque
1628 2233 1706 2290 ad
1770 2231 2090 2290 catholicos

441 2343 610 2399 reges
641 2317 1080 2384 Ferdinandum
1105 2322 1590 2390 etElisabetham,
1614 2320 1877 2378 cumfrui
1897 2319 2090 2394 quiete

444 2433 515 2473 ac
543 2433 690 2488 pace
712 2414 977 2472 Castellae
1003 2429 1171 2483 reges
1195 2428 1316 2468 non
1335 2412 1635 2483 potuerint
1672 2409 1958 2465 hincinde
1977 2409 2092 2464 dis-

445 2504 759 2561 currebant
782 2502 971 2574 ;bello
999 2501 1241 2566 assueti,
1274 2499 1348 2555 de
1369 2499 1736 2572 expellendis
1759 2499 1972 2555 Mauris
1992 2497 2093 2553 ab-

446 2592 726 2649 universa
738 2591 1020 2664 Hispania
1032 2589 1238 2644 sedulo
1251 2587 1612 2658 cogitabant.
1632 2586 1922 2643 Tenebras
1936 2578 2094 2656 igno‘

446 2680 656 2737 rantiee
669 2680 760 2736 fas
780 2696 901 2734 non
919 2677 1286 2748 eratpenitus
1301 2676 1615 2742 discutere,
1631 2691 1942 2747 quousque
1957 2675 2094 2728 Gra-

445 2769 676 2825 natensi
694 2767 926 2823 civitate
947 2769 1311 2836 expugnata,
1327 2762 1599 2818 catholici
1613 2764 1851 2831 regesin
1882 2759 2093 2816 melius

2197 1629 2299 1668 cos
2331 1617 2517 1672 versio
2535 1626 2698 1673 vetus
2733 1619 2890 1683 Itala,
2924 1626 2982 1673 ut
3004 1619 3076 1673 de
3103 1635 3172 1674 ea
3205 1625 3446 1672 sanctus
3473 1618 3830 1687 Augustinus

2195 1718 2455 1759 asserere
2491 1723 2610 1762 non
2641 1707 3016 1771 dubitaverit,
3041 1707 3098 1761 in
3123 1702 3705 1776 inferpretationibus
3732 1723 3836 1762 caa-

2195 1790 2330 1845 teris
2354 1793 2808 1862 praeferendam,
2843 1811 2980 1850 nam
3009 1801 3090 1850 est
3114 1794 3352 1850 verbum
3403 1795 3666 1851 tenacior
3709 1811 3836 1850 cum

2191 1881 2619 1947 perspicuitate
2635 1884 2954 1952 sentcntiae,
2989 1882 3224 1954 hocque
3261 1881 3560 1954 praecipue
3601 1869 3838 1938 utuntur

2194 1967 2544 2026 Mozarabici
2602 1971 2964 2027 sacerdotes.

2275 2055 2374 2111 Hic
2390 2059 2538 2115 scitu
2562 2059 2813 2128 dignum
2837 2059 3121 2132 estquod,
3151 2075 3221 2115 ne
3239 2059 3471 2132 antiqui
3482 2059 3627 2116 ritus
3645 2060 3840 2117 Gothi-

2195 2149 2540 2220 co-Hispani
2569 2149 2862 2221 deperiret
2885 2149 3181 2206 memoria
3193 2149 3548 2216 Editionem,
3568 2149 3838 2207 Breviarii

2197 2238 2496 2295 commisit
2525 2237 2928 2308 praelaudatus
2958 2238 3252 2294 Ximenius
3281 2235 3509 2294 doctori
3538 2238 3839 2310 Alphonso

2198 2328 2432 2392 Ortizio,
2461 2327 2751 2381 canonico
2777 2325 3075 2392 Toletano,
3095 2326 3199 2398 qui
3222 2326 3284 2382 in
3309 2326 3683 2384 dedicatione
3708 2343 3844 2400 ope-

2196 2415 2281 2472 ris
2315 2417 2524 2472 fatetur
2557 2413 2806 2482 :Ofﬁcia
2832 2421 3127 2470 nocturna
3155 2416 3505 2486 pariterque
3531 2417 3758 2473 diurna
3783 2416 3842 2472 in

2197 2503 2392 2560 lucem
2419 2503 2577 2558 edita
2608 2502 2901 2571 dignitate
2919 2502 3164 2574 quidem
3210 2504 3464 2574 egregia,
3527 2507 3844 2574 cognitione

2200 2599 2254 2648 et
2267 2598 2384 2647 cast
2393 2591 2641 2660 igatione
2649 2590 2830 2658 fuisse
2844 2590 3254 2658 difﬁciliaﬂiu
3274 2593 3629 2661 multumque
3647 2607 3844 2660 opero-

2198 2695 2262 2735 so
2282 2680 2477 2734 studio
2498 2681 2793 2748 recognita
2818 2697 2837 2731 :
2877 2683 3053 2733 antea
3083 2694 3339 2748 namque
3357 2694 3505 2747 pene
3547 2681 3742 2736 omnia
3782 2679 3843 2734 in

2203 2768 2367 2822 libris
2397 2767 2682 2822 veteribus
2713 2761 3179 2837 confusa,atque
3207 2768 3500 2836 incognita
3525 2783 3703 2835 penes
3716 2783 3846 2824 eru-

447 2871 542 2913 res
567 2853 977 2912 ordinaresuis
1007 2851 1260 2920 egregiis
1301 2848 1658 2942 consiliariis
1693 2849 1929 2918 magnis
1973 2863 2097 2902 car-
2128 2889 2166 2942 C
2203 2857 2665 2923 az'tosjacuisse;
2698 2855 2972 2920 impensis
3026 2871 3163 2909 vero
3195 2863 3245 2909 et
3300 2857 3629 2912 cardinalis
3663 2872 3845 2926 opera

445 2943 750 2999 dinalibus
766 2946 928 2997 Petro
943 2939 1226 2995 Gonzalez
1240 2938 1307 2992 de
1321 2936 1597 2992 Mendoza
1609 2939 1822 3007 (eoque
1835 2935 1954 2990 vita
1968 2934 2097 2990 fun-

445 3036 582 3102 cto),
613 3031 915 3086 Fransisco
968 3026 1227 3081 Ximenio
1283 3025 1355 3079 de
1384 3026 1672 3088 (Jisneros,
1715 3024 2094 3079 commenda-

446 3125 603 3176 runt.
635 3122 746 3173 lsta
775 3114 1106 3171 clarissima
1136 3111 1404 3167 Ecclesiae
1433 3110 1682 3177 lumina,
1740 3110 2093 3166 universita-

447 3214 556 3274 tes,
586 3205 852 3274 collegia,
867 3200 1258 3266 xenodochia,
1274 3197 1744 3271 orphanolrofia,
1777 3197 2092 3254 cathedra-

447 3297 558 3367 les,
573 3299 630 3351 et
658 3292 999 3363 collegiatas
1020 3288 1302 3345 ecclesias
1329 3286 1477 3356 erigi
1507 3286 1568 3342 in
1623 3285 1909 3352 Hispania
1947 3291 2002 3342 et
2034 3287 2094 3342 in

446 3384 631 3441 lndiis
656 3385 956 3447 curarunt,
989 3381 1046 3435 et
1073 3376 1354 3449 quaedam
1369 3376 1468 3446 pia
1488 3375 1725 3444 egregia
1738 3390 2094 3430 monumen-

448 3479 511 3531 ta
549 3471 668 3527 suis
700 3469 1040 3540 sumptibus
1072 3463 1320 3538 posteris
1351 3461 1647 3517 imitanda
1675 3459 1984 3533 reliquere.

524 3557 849 3617 Cardinalis
883 3555 1201 3619 Ximenius,
1261 3550 1435 3624 quasi
1465 3549 1596 3621 apis
1645 3556 2090 3620 argumentosa,

451 3644 982 3719 citoselegitBiblia
1028 3659 1216 3707 sacra,
1253 3638 1481 3698 Missale
1533 3641 1589 3694 et
1615 3637 1877 3694 ofﬁcium
1907 3638 2094 3696 Isido-

449 3738 640 3804 riana,
665 3741 730 3792 ut
759 3732 1114 3806 quantocius
1139 3730 1323 3802 prelo,
1356 3743 1546 3800 nuper
1573 3727 1633 3783 in
1693 3727 1979 3800 Hispania
2010 3729 2095 3785 in-

448 3823 741 3892 troducto,
773 3821 1314 3884 committerentur;
1342 3816 1487 3872 nihil
1511 3816 1669 3872 enim
1712 3816 1935 3886 utilius,
1965 3832 2094 3888 gra-

451 3915 566 3971 tius
585 3917 639 3970 et
659 3910 927 3981 religioni
957 3905 1331 3965 commodius
1342 3904 1653 3976 judicavit,
1691 3920 1879 3976 quam
1893 3921 2093 3962 sacros

449 4003 632 4059 libros
661 3997 987 4071 vegetiores
1039 3999 1096 4052 et
1149 3993 1417 4066 puriores
1473 3992 1756 4048 omnibus
1817 3991 2088 4049 fenerari.

537 4093 601 4146 In
623 4089 888 4145 Editione
916 4083 1161 4140 Missalis
1175 4083 1230 4138 et
1259 4079 1536 4136 Breviarii
1567 4079 1870 4136 Isidoriani
1899 4081 2090 4137 nulla-

2201 2945 2319 2998 suis
2348 2944 2485 2997 locis
2503 2957 2742 3012 quzeque
2768 2943 3044 3008 reposita,
3073 2942 3519 2998 characteribus
3548 2953 3730 3016 atque
3750 2961 3848 3012 pe-

2203 3031 2386 3085 riodis
2407 3031 2707 3094 distincta,
2732 3029 2922 3082 verbis
2951 3036 3003 3083 et
3039 3029 3340 3084 sententiis
3371 3030 3702 3087 ditucidata
3726 3047 3749 3101 ,°
3776 3047 3848 3088 ac

2202 3119 2306 3172 diu
2329 3117 2487 3172 senio
2514 3115 2854 3183 periclitata
2875 3116 3062 3185 ofﬁcia
3105 3116 3464 3186 Isidoriana,
3518 3121 3847 3176 annositate

2203 3204 2409 3268 deleta,
2423 3203 2642 3272 futuris
2654 3203 2883 3257 saeculis
2895 3205 3020 3257 sine
3029 3202 3369 3273 difﬁcultate
3377 3205 3504 3273 jam
3514 3206 3852 3276 perlegenda

2271 3295 2432 3347 Hanc
2465 3289 2834 3362 provinciam
2854 3289 3070 3345 edendi
3098 3307 3301 3347 sacros
3348 3291 3596 3368 Codices
3642 3298 3854 3365 postea

2201 3379 2470 3450 aggressi
2501 3383 2636 3433 sunt
2659 3377 2977 3434 Flaminius
2993 3377 3278 3449 Nobilius,
3306 3380 3851 3446 Morinus,Joannes

2201 3468 2589 3532 Martiauaeus,
2609 3465 2863 3520 Thomas
2881 3468 3227 3533 Hetarneus,
3261 3466 3447 3523 Faber
3467 3466 3850 3538 Stabulensis,

2200 3557 2494 3627 Josephus
2525 3555 2702 3612 Maria
2733 3555 2902 3623 Caro,
2930 3555 3249 3612 cardinalis
3281 3555 3649 3624 Thomasius,
3671 3562 3728 3614 et
3757 3561 3855 3614 Pe-

2201 3651 2324 3702 trus
2345 3643 2610 3700 Sabatier
2624 3642 2769 3698 alios
2786 3657 3120 3710 recensens,
3140 3644 3414 3700 etmerito
3435 3645 3854 3703 Blanchinium

2202 3732 2486 3789 extollens
2521 3747 2532 3787 :
2569 3747 2638 3786 ex
2663 3730 2754 3786 his
2775 3729 3012 3786 duobus
3039 3731 3357 3803 postremis
3388 3732 3735 3789 clarissimis
3749 3750 3854 3791 au-

2201 3820 2462 3877 ctoribus
2485 3818 2777 3892 quidquid
2798 3819 3172 3890 reperuimus
3190 3819 3269 3875 ad
3298 3825 3570 3878 nostram
3617 3808 3849 3880 Brevia-

2198 3907 2871 3966 riiGothiciEditionem
2928 3907 3195 3979 perutile,
3243 3907 3668 3977 delibavimus,
3724 3926 3850 3967 non

2197 3999 2365 4054 vultu
2394 3997 2891 4066 ritusimmutato,
2919 3996 3025 4051 sed
3052 4001 3284 4053 tantum
3297 4003 3581 4067 correcto,
3615 3998 3858 4056 collatis

2198 4085 2549 4142 lectionibus
2574 4101 2709 4140 cum
2732 4083 3027 4140 Vaticanis
3049 4084 3187 4140 Cod.
3223 4087 3680 4150 Veronensibus.
3708 4089 3853 4144 Cor-

450 4185 622 4237 tenus
653 4175 905 4233 intendit
929 4167 1526 4264 praeclarissimushic
1542 4167 1631 4265 vir
1652 4167 1881 4240 aliquid
1903 4170 2092 4226 detra-
2123 4214 2169 4268 D
2197 4173 2564 4243 beiensibus,
2599 4171 3054 4241 Parisiensibus,
3074 4174 3266 4230 sancti
3295 4175 3590 4243 Germani,
3624 4177 3851 4234 etaliis.

449 4268 586 4324 here
614 4261 946 4323 auctoritati
975 4259 1184 4314 veteris
1226 4255 1497 4324 Romani,
1523 4255 1668 4327 quin
1690 4257 1886 4327 potius
1913 4259 2092 4316 extol-

448 4347 821 4410 lere.Collata
841 4347 1060 4406 etenim
1077 4347 1254 4416 hujus
1282 4343 1645 4400 correctione
1667 4359 1805 4399 cum
1844 4346 2090 4417 antiquo

449 4441 711 4504 Gothico,
727 4427 1031 4495 evidenter
1051 4435 1475 4489 demonstratur
1489 4431 1795 4488 Ecclesiam
1809 4447 1956 4504 Spon
1966 4451 2088 4490 sam

448 4528 656 4586 Christi
684 4523 919 4598 semper
937 4524 991 4582 et
1020 4521 1241 4593 ubique
1298 4535 1484 4576 unam
1527 4518 1730 4586 fuisse,
1755 4521 2087 4594 eodemque

445 4616 660 4690 Spiritu
682 4614 1104 4676 coadunatam,
1119 4607 1555 4678 inconsutilem,
1570 4623 1689 4664 non
1706 4607 1782 4664 ab
1799 4608 2086 4668 haereticis

444 4704 844 4766 dilaceratam,
871 4699 1122 4757 divisam
1152 4698 1213 4752 in
1225 4699 1442 4768 partes,
1472 4695 1758 4760 sortitam,
1781 4701 1836 4752 et
1861 4714 1897 4754 a
1927 4715 2083 4755 sum-

443 4806 545 4848 mo
572 4805 763 4863 usque
817 4789 1098 4845 deorsum
1141 4787 1218 4842 ab
1249 4784 1361 4840 illis
1421 4783 1692 4840 scissam.
1754 4783 1910 4842 Licet
1964 4803 2084 4844 non

442 4877 603 4934 idem
627 4877 866 4945 modus,
894 4875 1062 4944 ordo,
1085 4877 1142 4931 et
1168 4871 1356 4930 Latini
1386 4871 1675 4928 sermonis
1713 4871 1995 4932 facundia
2021 4876 2082 4932 in

441 4966 721 5022 omnibus
733 4965 1000 5038 precibus
1019 4963 1320 5035 appareat,
1335 4960 1397 5016 in
1410 4959 1662 5016 Gothicis
1677 4963 1876 5018 tamen
1887 4979 2082 5020 exem-

439 5054 709 5126 plaribus
737 5054 1029 5124 ingenuus
1050 5065 1244 5106 sermo
1264 5047 1616 5119 resplendet,
1645 5065 1768 5105 non
1789 5053 1911 5108 arte
1933 5054 2081 5124 poli-

441 5149 553 5211 tus,
577 5141 682 5199 sed
692 5144 1044 5199 vetustatem
1056 5138 1348 5203 redolens,
1367 5136 1442 5192 ob
1458 5135 1638 5208 idque
1660 5143 2078 5207 grammatices

437 5225 656 5301 regulis
672 5246 794 5288 non
810 5231 934 5287 tam
960 5231 1116 5286 arcte
1137 5226 1438 5298 astrictus,
1455 5228 1520 5281 ut
1547 5225 1608 5281 in
1630 5242 1749 5283 uno
1779 5228 1872 5284 vel
1893 5229 2078 5290 altero

437 5317 569 5376 loco
593 5319 772 5390 hujus
792 5322 1011 5375 nostrae
1037 5315 1309 5373 editionis
1343 5312 1545 5370 Videre
1568 5313 1702 5370 licet
1715 5335 1734 5387 ς
1769 5317 2070 5383 caeterum,

436 5409 678 5477 propter
707 5405 846 5464 Cod.
868 5403 1270 5464 venerabilem
1302 5401 1580 5459 canitiem
1609 5418 1680 5460 ea
1718 5402 1902 5463 illaesa
1937 5407 2073 5464 reli-

2270 4265 2336 4319 In
2369 4267 2598 4319 tantum
2633 4259 2910 4316 deserviit
2932 4260 3119 4316 Editio
3143 4261 3432 4316 versionis
3460 4264 3673 4319 veteris
3687 4251 3852 4321 italae

2199 4367 2235 4407 a
2264 4355 2426 4407 Petro
2457 4348 2722 4406 Sabatier
2751 4363 2975 4418 magno
3006 4347 3211 4406 labore
3255 4348 3428 4416 facta,
3463 4353 3527 4406 ut
3557 4366 3629 4410 ea
3694 4349 3854 4408 duce

2196 4454 2319 4496 non
2344 4437 2771 4504 caacutiremus,
2789 4452 2896 4492 nec
2915 4436 3362 4508 ceespitaremus
3388 4454 3560 4504 ;nam
3589 4455 3699 4496 nec
3718 4456 3850 4496 ver-

2194 4527 2341 4583 bum
2361 4526 2480 4583 fere
2501 4526 2562 4582 in
2578 4531 2780 4582 nostro
2809 4524 3092 4581 Psalterio
3123 4524 3464 4583 invenimus
3505 4532 3848 4596 exaratum,

2194 4615 2359 4688 quod
2389 4615 2450 4671 in
2479 4614 2594 4671 alio
2619 4630 2686 4670 ex
2716 4607 2844 4670 Mss.
2877 4613 3176 4685 praecipue
3226 4613 3288 4670 in
3335 4614 3532 4671 Bibliis
3585 4602 3850 4673 Gothicis

2191 4702 2511 4766 Toletanis,
2545 4707 2601 4758 et
2627 4702 2689 4757 in
2705 4701 2840 4757 divo
2860 4697 3190 4770 Augustino
3229 4717 3352 4757 non
3403 4702 3630 4774 legatur
3663 4723 3676 4761 :
3728 4705 3850 4761 hoc

2191 4791 2374 4848 modo
2398 4795 2524 4847 tuta
2546 4789 2719 4846 nobis
2749 4788 2941 4861 patuit
2965 4787 3060 4845 via
3089 4789 3166 4845 ad
3191 4789 3376 4846 nostri
3399 4791 3681 4849 Breviarii
3708 4790 3844 4850 cor-

2190 4880 2510 4936 rectionem
2532 4877 2776 4951 quando
2795 4871 3185 4954 veImendum
3211 4876 3852 4955 typographiappare-

2187 4967 2293 5025 bat
2321 4972 2612 5040 apertum,
2642 4966 2736 5022 vel
2754 4965 2802 5022 si
2829 4965 3008 5022 etiam
3036 4965 3308 5023 haesitare
3333 4967 3406 5024 de
3438 4969 3624 5026 sunsu
3655 4970 3850 5028 alicu-

2184 5056 2282 5126 jus
2310 5057 2474 5114 vocis
2517 5054 2914 5126 contingebat,
2963 5054 3091 5112 aliis
3143 5054 3439 5112 veteribus
3475 5045 3847 5114 lectionibus

2187 5143 2687 5200 concordantibus
2709 5142 3120 5200 ﬁrmabamur.

2258 5232 2536 5291 Mirabilis
2547 5230 2922 5287 multiformis
2935 5231 3123 5301 gratia
3137 5229 3236 5286 Dei
3258 5230 3270 5285 ἲ
3291 5215 3564 5306 Mirabilis
3581 5231 3846 5305 Spiritus

2184 5320 2520 5377 Paracletus
2533 5315 2888 5390 septiformis
2901 5319 3166 5387 munere,
3195 5317 3252 5376 et
3270 5319 3648 5398 multiformis
3663 5321 3837 5379 dono

2181 5408 2542 5480 linguarum,
2561 5407 2954 5480 quidignatus
2982 5410 3068 5464 est
3091 5422 3164 5464 ex
3191 5401 3518 5465 viSceribus
3539 5410 3694 5469 sacri
3705 5414 3835 5469 tex-
