4118 6184
254 214 325 276 13
1118 208 1566 267 FRANCISCUS
1605 206 1958 267 ANTONIUS
1998 204 2419 269 LORENZANA
2475 216 2819 285 LECTOBIJ
3626 231 3691 286 14

250 315 345 391 tus
362 335 595 407 absque
611 331 1318 389 substantialisententiae
1341 336 1667 392 mutatione
1690 336 1773 391 tot
1796 350 1921 390 ver—
1949 333 1995 387 A
2036 338 2397 394 maculatiin
2422 342 2538 413 via,
2554 346 2609 398 et
2640 342 3105 415 totantiquitatis
3135 349 3327 414 notas,
3346 349 3689 412 totannota—

250 423 551 480 sionesab
580 422 847 478 Ecclesia
878 438 996 478 non
1041 422 1310 494 rejectas,
1356 422 1557 496 totque
1610 425 1921 494 generibus

248 512 603 581 linguarum
624 508 967 582 depositum
981 504 1122 567 ﬁdei
1136 511 1196 566 in
1210 513 1338 569 Mss.
1361 513 1615 569 Gothicis
1633 512 1916 577 Vaticani,

252 586 563 675 Hispanias
594 592 1011 669 etCalliarum,
1041 597 1217 656 nobis
1235 601 1295 655 in
1330 599 1491 657 hunc
1515 594 1673 657 diem
1695 606 1921 657 sartum

252 678 489 745 tectum
541 694 772 743 servare
800 687 815 743 !

330 780 417 833 Ne
449 778 591 832 vero
619 768 884 846 vagandi
910 775 1151 833 licentia
1175 776 1452 833 ﬁdelibus
1484 778 1920 834 indiscrimina—

265 867 374 921 tim
406 864 775 933 ti‘ib‘tieretur,
808 869 864 920 et
880 865 1058 920 simul
1083 862 1920 923 haereticorumlibertascoer-

269 956 518 1015 ceretUr,
541 962 782 1009 sacrum
797 950 1116 1009 Concilium
1152 953 1556 1010 Tridentinum
1577 956 1918 1026 privatisar-

255 1041 504 1097 bitrium
550 1040 757 1112 judicii
804 1038 865 1096 in
897 1042 1081 1098 sacris
1122 1040 1532 1099 disCern'endis
1559 1044 1819 1110 ademit;
1866 1048 1921 1100 et

254 1147 325 1185 ex
348 1122 634 1187 omnibus
663 1126 1047 1186 versionibus
1086 1134 1140 1187 et
1181 1130 1551 1189 Editionibus
1609 1140 1918 1189 sacrorum

254 1218 583 1275 Bibliorum
614 1214 929 1288 Vulgatam
958 1216 1179 1289 selegit,
1233 1222 1463 1276 steteris
1528 1222 1801 1293 praetulit,
1864 1226 1916 1277 et

254 1307 667 1364 authenticam
699 1300 1025 1364 declaravit
1041 1327 1058 1379 ;
1091 1324 1165 1364 ne
1186 1309 1248 1364 in
1279 1314 1340 1364 re
1366 1314 1490 1365 tam
1513 1308 1679 1381 gravi
1698 1310 1831 1367 laici
1861 1314 1917 1367 et

250 1396 493 1453 feminae
520 1395 753 1468 judices
817 1398 1343 1455 constituerentur.
1391 1402 1515 1454 Non
1571 1415 1709 1455 vero
1767 1398 1911 1456 alias

2032 422 2203 513 tionis
2216 441 2490 485 numeros
2501 430 2817 496 hebraicis,
2843 433 3114 488 Romanis
3126 436 3183 490 et
3200 435 3458 507 antiquis
3484 441 3688 513 Hispa-

2030 511 2177 567 nicis
2206 514 2410 572 litteris
2437 517 2764 591 descriptos
2787 520 3064 592 reperies,
3094 524 3157 577 ut
3176 522 3343 580 nulla
3374 511 3685 588 remaneat

2029 600 2335 659 dubitatio.
2365 606 2573 679 Incipit
2594 623 2631 663 a
2666 608 3151 668 litterahebraica
3174 611 3391 681 Aleph,
3409 616 3681 688 sequitur

2028 704 2314 748 numerus
2354 696 2654 752 Romanus
2686 697 2726 761 l,
2770 696 2923 754 alius
2972 697 3325 770 Hispanicus
3381 702 3678 774 adjicitur,

2028 793 2358 851 omnesque
2386 782 2546 840 idem
2576 784 2935 856 signiﬁcant,
2956 786 3171 843 scilicet
3195 803 3518 847 numerum
3558 793 3680 865 pri-

2027 882 2233 935 mum;
2266 875 2473 940 postea
2498 872 2848 943 indigitatur
2890 874 3126 933 initium
3150 878 3420 949 mysticus
3451 880 3675 950 signiﬁ-

2028 956 2297 1025 cationis,
2326 962 2383 1016 et
2403 960 2488 1015 sic
2504 960 2785 1034 deinceps
2806 966 2964 1019 totus
2976 964 3246 1035 psalmus
3263 981 3368 1038 per
3391 973 3526 1025 octo
3549 985 3678 1027 ver-

2029 1042 2246 1101 siculos
2268 1048 2601 1105 successive
2631 1052 2693 1105 in
2722 1051 2919 1122 capita
2937 1051 3329 1112 distribuitur.
3365 1058 3429 1111 In
3452 1057 3674 1115 versio-

2025 1148 2099 1187 ne
2112 1133 2360 1203 Vulgata
2372 1140 2603 1192 tantum
2628 1138 2833 1195 litterae
2850 1139 3151 1195 Hebraicse
3166 1148 3569 1215 apponuntur,
3621 1152 3676 1203 et

2023 1218 2126 1277 illa
2142 1220 2341 1278 aliain
2370 1228 2573 1281 nostro
2598 1226 2877 1282 Psalterio
2904 1227 3535 1300 additaantiquitatem
3546 1232 3671 1287 red-

2023 1310 2200 1367 olent.
2238 1310 2476 1369 Psalmo
2498 1330 2619 1381 xcv,
2648 1317 2698 1384 8,
2737 1315 2866 1371 haec
2890 1314 3077 1373 verba
3100 1316 3164 1372 in
3192 1322 3400 1375 nostro
3457 1320 3669 1377 Codice

2022 1398 2299 1467 leguntur
2332 1402 2557 1458 :Diczte
2584 1404 2646 1458 in
2693 1405 3075 1460 nationibus:
3126 1406 3420 1463 Dominus
3459 1423 3673 1479 regna-

248 1485 554 1557 quasdam
588 1485 1572 1558 versionesparvipendit,ltalicam
1591 1488 1909 1559 praecipue;
1948 1469 1994 1523 Β
2024 1490 2105 1543 vit
2130 1504 2167 1544 a
2196 1489 2376 1557 ligno.
2408 1506 2443 1545 a
2462 1490 2714 1557 Justino,
2747 1491 3309 1566 Tertulliano,atque
3337 1494 3471 1551 aliis
3495 1469 3673 1552 Patri-

247 1575 373 1629 imo
398 1578 459 1628 ut
491 1574 671 1643 hujus
693 1575 1089 1632 innotesceret
1112 1576 1433 1647 antiquitas
1486 1580 1541 1632 et
1584 1577 1819 1641 veritas,
1850 1576 1911 1631 in

248 1663 452 1719 ofﬁcio
467 1665 739 1720 Romano
753 1662 829 1720 ad
849 1666 1209 1720 matutinum
1240 1665 1532 1736 psalmus,
1565 1680 1669 1722 seu
1698 1665 1909 1721 invita-

249 1751 495 1817 torium,
541 1753 1127 1817 Venite,exsultemus
1158 1754 1426 1822 Domino,
1455 1755 1627 1827 juxta
1658 1758 1911 1811 veterem

248 1842 597 1897 versionem
618 1842 827 1897 Italam
856 1841 1038 1898 ferme
1087 1842 1462 1899 adamussim
1492 1844 1790 1910 recitatur,
1821 1860 1911 1901 re-

250 1934 417 1985 tenta
448 1929 715 1985 solnmin
744 1930 841 1985 die
871 1931 1218 2003 Epiphaniae
1253 1932 1489 1988 Domini
1541 1932 1824 2003 Vulgata;
1858 1937 1914 1989 et

252 2018 575 2088 Gregorius
602 2022 846 2089 Magnus
879 2024 1128 2091 utraque
1142 2022 1526 2078 translatione
1540 2037 1701 2077 nunc
1728 2036 1908 2090 nova,

248 2122 415 2162 nunc
446 2111 662 2175 vetere,
702 2108 995 2165 utebatur.

320 2198 982 2254 lnintroitumissarum
1000 2198 1215 2254 videsis
1256 2200 1585 2269 gradualia,
1622 2203 1910 2256 ettractus

248 2285 828 2359 ipsiusmetMissalis
855 2287 1125 2343 Romani.
1148 2289 1378 2343 Passim
1390 2289 1771 2345 inveniuntur
1783 2305 1908 2345 ver-

248 2374 423 2430 siculi
438 2375 771 2430 secundum
795 2380 1051 2431 veterem
1064 2377 1275 2433 ltalam
1290 2378 1623 2433 versionem
1634 2422 1649 2446 ,
1666 2394 1790 2450 qua
1802 2379 1909 2435 uti-

246 2468 341 2519 tur
374 2464 725 2520 Psalterium
757 2464 1374 2535 Gothico-Hispanum:
1408 2467 1663 2538 exempli
1697 2484 1903 2525 causa:

244 2552 301 2608 in
332 2552 585 2607 introitu
615 2552 939 2608 Dominicce
969 2555 1435 2625 Septuagesimaa
1465 2556 1785 2612 recitantur
1809 2556 1907 2613 illa

247 2641 432 2697 verba
464 2658 477 2695 :
502 2642 1035 2698 Circumdederunt
1059 2658 1147 2699 me
1175 2646 1426 2712 gemitus
1447 2650 1674 2708 mortis,
1707 2649 1906 2701 etnon

245 2730 499 2799 doloris,
526 2730 699 2800 juxta
750 2730 1173 2800 Vulgatam,in
1222 2733 1531 2788 communi
1572 2737 1908 2804 martyrum

2021 1575 2135 1632 bus
2148 1581 2452 1648 tantopere
2464 1580 2905 1650 commendata,
2930 1585 2985 1639 et
3005 1598 3041 1638 a
3061 1584 3395 1653 Fortunato,
3414 1583 3479 1640 in
3500 1584 3671 1656 hym-

2020 1679 2100 1720 no
2144 1666 2373 1723 Vexilla
2404 1668 2577 1737 Regis
2616 1670 2937 1738 prodeunt,
2986 1671 3102 1726 hoc
3152 1671 3336 1729 modo
3392 1671 3620 1730 intexta
3653 1688 3665 1727 :

2306 1780 2553 1855 Impleta
2579 1788 2743 1855 sunt,
2792 1792 2928 1855 quas
2984 1785 3245 1842 concinit

2322 1853 2511 1926 David
2553 1853 2729 1926 ﬁdeli
2789 1853 3073 1926 carmine,

2309 1922 2518 1979 Dicens
2548 1924 2607 1979 in
2659 1926 3003 1983 nationibus
3058 1922 3071 1982 Ξ

2304 1995 2590 2065 Regnavit
2608 2012 2644 2052 a
2688 1995 2849 2067 ligno
2904 1998 3057 2053 Deus
3080 2018 3093 2054 :

2020 2112 2076 2162 et
2095 2110 2295 2164 tamen
2322 2108 2386 2164 in
2410 2109 2659 2180 Vulgata
2687 2126 2809 2167 non
2840 2112 3229 2184 reperientur,
3266 2118 3327 2171 ut
3372 2116 3433 2172 in
3486 2118 3668 2175 veteri

2018 2195 2161 2253 Itala
2183 2200 2241 2253 et
2278 2197 2555 2254 Psalterio
2584 2202 2813 2256 nostro.

2092 2286 2249 2341 Scire
2276 2286 2373 2342 hic
2420 2287 2617 2358 cupiet
2666 2288 2930 2345 eruditus
2980 2290 3184 2358 lector,
3232 2308 3269 2349 a
3308 2306 3428 2364 quo
3458 2296 3515 2349 et
3542 2308 3665 2365 quo

2017 2374 2235 2431 saeculo
2251 2375 2365 2431 hoc
2388 2374 2735 2433 Psalterium
2754 2394 2869 2434 ms.
2898 2380 2973 2435 sit
2996 2382 3342 2449 exaratum;
3393 2385 3466 2447 et,
3501 2385 3565 2438 ut
3584 2381 3663 2439 ob

2015 2464 2474 2522 elucidationem
2502 2466 2585 2522 rei
2609 2467 2915 2539 utriusque
2952 2467 3105 2525 ﬁnes
3135 2470 3279 2527 recti
3304 2470 3514 2540 judicii
3541 2487 3665 2529 non

2015 2555 2584 2626 praetergrediamur,
2598 2557 2917 2613 asserimus
2936 2557 3200 2614 Codicem
3212 2560 3323 2616 tria
3338 2561 3661 2630 continere,

2016 2642 2232 2699 scilicet
2261 2644 2626 2709 Psalterium,
2661 2645 2911 2713 cantica,
2952 2651 3009 2702 et
3048 2647 3347 2718 hymnos;
3383 2653 3662 2705 caeterum

2015 2729 2077 2785 in
2138 2731 2562 2802 praelocutione
2625 2734 2915 2790 acrostica
2960 2734 3331 2804 hymnorum
3386 2737 3661 2806 leguntur

248 2823 523 2890 tempore
534 2818 827 2890 paschali,
848 2818 1063 2890 psalm.
1088 2835 1278 2876 cxxxrv
1304 2838 1315 2874 :
1342 2821 1415 2875 In
1431 2822 1614 2877 servis
1643 2822 1764 2875 suis
1775 2836 1909 2876 con-
1942 2812 1983 2867 C
2015 2816 2184 2873 initio
2197 2818 2487 2887 cujusque
2511 2819 2839 2872 hexametri
2862 2818 3087 2885 litteras,
3115 2835 3188 2875 ex
3213 2820 3428 2891 quibus
3449 2822 3662 2893 prode-

250 2909 584 2975 solabitur;
606 2909 778 2978 juxta
815 2907 1148 2978 Vulgatam,
1172 2909 1608 2977 deprecabitur.

327 2999 406 3052 Ne
452 2997 764 3053 videamur
801 2997 1065 3053 Psalterii
1096 2998 1406 3055 Isidoriani
1452 2998 1790 3054 versionem
1819 2999 1907 3053 ni-

248 3086 443 3141 mium
463 3086 760 3152 extollere,
780 3092 959 3159 etpro
973 3091 1176 3143 nostro
1196 3086 1441 3143 arbitrio
1459 3102 1721 3143 asserere
1753 3091 1907 3143 vete-

241 3175 290 3229 ri
308 3174 548 3239 Italicss,
569 3191 750 3245 quam
764 3190 1167 3246 summopere,
1188 3180 1249 3231 ut
1271 3175 1498 3230 dictum
1510 3179 1615 3239 est,
1631 3175 1904 3244 Augusti-

240 3278 359 3317 nus
372 3263 782 3327 commendat,
796 3279 932 3320 eam
945 3279 1072 3318 esse
1090 3262 1761 3335 simillimam,quaadam
1775 3262 1906 3319 loca

239 3351 646 3422 proferemus.
678 3355 740 3407 In
772 3354 1011 3425 psalmo
1049 3369 1215 3420 xrvn,
1272 3353 1489 3422 legitur
1536 3352 1596 3407 in
1656 3352 1906 3422 Vulgata

235 3442 529 3510 odientes,
546 3446 602 3497 et
614 3441 674 3497 in
690 3440 972 3498 Psalterio
986 3440 1314 3497 Isidoriano
1327 3442 1458 3497 odio
1490 3442 1788 3507 habentes,
1804 3456 1903 3497 eo-

234 3528 381 3584 dem
408 3530 754 3600 modo‘quo
807 3535 1052 3586 sanctus
1112 3530 1477 3600 Augustinus
1524 3530 1682 3599 legit.
1738 3528 1899 3585 Psal-

234 3634 343 3673 mo
374 3636 533 3687 xvm,
567 3624 619 3685 3,
649 3620 848 3675 tamin
862 3618 1109 3689 Vulgata
1136 3635 1322 3691 quam
1354 3618 1482 3675 aliis
1522 3617 1898 3674 versionibus

238 3714 496 3773 eructat,
512 3708 574 3763 in
588 3708 861 3764 versione
872 3724 1013 3764 vero
1024 3708 1208 3764 veteri
1226 3707 1592 3777 Italalegitur
1604 3713 1898 3772 eructuat,

237 3801 307 3852 ut
332 3796 517 3852 etiam
540 3796 603 3851 in
633 3796 962 3867 Augustino
985 3814 1004 3867 ;
1033 3797 1298 3869 insuper,
1334 3812 1486 3852 vers.
1540 3798 1605 3851 14
1632 3796 1903 3867 ejusdem

236 3884 485 3956 psalmi,
502 3884 783 3954 Vulgata:
804 3885 870 3941 Si
888 3886 999 3941 mei
1008 3901 1129 3941 non
1148 3886 1386 3954 fuerint
1403 3886 1721 3952 dominati;
1750 3885 1905 3940 Psal-

239 3976 465 4029 terium
498 3973 919 4038 lsidorianum,
952 3975 1279 4042 dominata,
1316 3974 1484 4030 sicuti
1512 3974 1903 4043 Augustinus.

238 4063 489 4119 Psalmo
511 4080 601 4133 xx,
627 4067 680 4131 3,
703 4064 1058 4120 desiderium
1087 4063 1277 4120 cordis
1304 4063 1517 4133 legitur
1540 4063 1600 4117 in
1632 4063 1901 4132 Vulgata,

2016 2910 2123 2963 unt
2149 2906 2278 2961 haec
2306 2906 2491 2962 verba
2519 2923 2531 2961 :
2560 2906 2892 2962 Mauricius
2914 2909 3152 2965 obtante
3190 2908 3524 2967 Veraniano
3540 2912 3663 2970 edi-

2015 2996 2121 3065 dyt
2144 3009 2166 3065 ;
2182 3011 2255 3050 ex
2284 2995 2504 3067 quibus
2536 2994 2886 3066 conspicum
2948 3001 3196 3068 apparet
3234 3000 3662 3072 exscriptorem

2014 3084 2201 3140 fuisse
2232 3083 2563 3155 quemdam
2593 3083 2942 3154 Mauricum,
2980 3086 3290 3144 Veraniani
3340 3089 3514 3159 votis,
3560 3094 3665 3148 aut

2008 3175 2181 3245 jussu
2197 3194 2213 3245 ;
2248 3179 2490 3245 tamque
2510 3173 2773 3244 jubentis
2790 3190 2970 3245 quam
3000 3177 3374 3248 exsequentis
3390 3193 3502 3235 nos
3522 3179 3663 3237 latet

2013 3263 2252 3330 notitia;
2283 3278 2393 3318 nec
2419 3262 2777 3332 conjecturis
2818 3262 2989 3318 locus
3046 3268 3155 3328 est,
3203 3281 3342 3320 cum
3392 3266 3560 3323 nulla
3597 3268 3660 3323 in

2013 3351 2276 3408 conciliis
2293 3350 2585 3406 Toletanis
2608 3350 2873 3421 episcopi
2923 3351 3235 3406 Veraniani
3264 3352 3489 3408 mentio
3514 3354 3656 3419 ﬁat;

2011 3456 2155 3496 nam
2182 3438 2317 3495 licet
2344 3437 2666 3502 Mauritius,
2714 3439 3004 3493 Oretanus
3052 3437 3392 3509 episcopus,
3425 3443 3482 3495 et
3510 3442 3660 3497 Vera

2010 3528 2467 3585 Tarraconensis
2505 3524 2800 3583 Toletanis
2853 3524 3119 3580 conciliis
3176 3525 3655 3599 subscripserint,

2012 3621 2213 3673 tamen
2230 3615 2461 3671 nullum
2485 3630 2558 3669 ex
2584 3613 2700 3669 hoc
2728 3611 3192 3669 fundamentum
3214 3614 3344 3670 elici
3359 3619 3575 3687 potest,
3603 3621 3662 3675 et

2012 3703 2433 3763 tantummodo
2459 3702 2538 3758 ad
2597 3699 2904 3772 scripturas
2962 3701 3135 3771 signa
3176 3718 3475 3761 recurrere
3503 3705 3657 3764 licet.

2083 3798 2147 3849 ln
2159 3791 2403 3849 canticis
2421 3789 2849 3861 superscriptio
2861 3790 3284 3863 prophetarum
3303 3791 3544 3851 inversa
3554 3795 3660 3851 tibi

2011 3882 2323 3950 videbitur;
2348 3895 2492 3935 nam
2503 3878 2791 3935 Jeremias
2812 3894 2922 3950 pro
2934 3879 3235 3952 Nehemia,
3251 3881 3533 3939 Zacharia
3547 3898 3657 3957 pro

2011 3970 2235 4033 Azaria,
2268 3967 2555 4024 Jeremias
2573 3982 2684 4040 pro
2696 3967 3146 4033 Michaaaﬁsaias
3171 3984 3283 4040 pro
3303 3969 3579 4038 Jeremia,
3603 3975 3661 4029 et

2014 4063 2168 4118 Osea
2201 4075 2212 4115 :
2242 4058 2357 4114 hoc
2387 4057 2606 4129 partim
2630 4056 3004 4128 exscriptoris
3056 4057 3255 4129 culpa,
3290 4060 3504 4129 partim
3529 4060 3660 4117 aliis

247 4155 309 4207 et
338 4152 476 4207 aliis
506 4151 876 4223 quibusdam
892 4151 1281 4216 versionibus,
1314 4151 1377 4205 in
1433 4148 1715 4206 Psalterio
1773 4166 1906 4207 vero
1937 4160 1985 4220 Ι)
2013 4150 2087 4206 de
2121 4146 2317 4205 causis
2346 4147 2688 4215 contingere
2716 4146 2954 4217 potuit;
2976 4150 3119 4202 etne
3148 4147 3530 4219 supercilium
3559 4165 3659 4206 ex-

244 4239 626 4297 Mozarabico
639 4241 869 4305 animae,
889 4239 1025 4297 utin
1048 4240 1382 4312 Augustino
1406 4242 1492 4309 ;et
1528 4237 1789 4295 Ecclesia
1801 4240 1909 4296 Ro-

242 4346 439 4386 mana
469 4330 533 4386 in
556 4329 866 4387 communi
905 4330 1083 4386 unius
1112 4329 1383 4401 martyris
1434 4326 1658 4401 pluries
1698 4328 1908 4402 repetit

240 4421 494 4476 animle.

314 4511 345 4563 J
358 4512 505 4565 uxta
518 4507 831 4578 Vulgatam
846 4511 1083 4564 centum
1098 4506 1537 4581 quinquaginta
1566 4506 1783 4578 psalmi
1797 4507 1905 4563 Da-

236 4598 421 4663 vidis,
439 4614 547 4653 seu
559 4596 609 4666 ej
622 4614 687 4651 us
699 4595 1134 4668 discipulorum
1155 4598 1578 4651 enumerantur
1594 4614 1610 4665 ;
1632 4599 1831 4651 tamen
1844 4595 1905 4649 in

236 4693 457 4744 nostro
479 4685 762 4742 Psalterio
812 4685 1160 4750 Isidoriano,
1197 4690 1254 4742 et
1304 4685 1365 4741 in
1396 4685 1666 4741 versione
1724 4684 1905 4741 veteri

240 4776 453 4833 Italica
491 4772 913 4847 superadditur
963 4775 1235 4847 psalmus
1274 4789 1376 4841 cu,
1410 4774 1579 4845 cujus
1626 4774 1898 4831 initium:

240 4866 509 4921 Pusillus
530 4880 689 4920 eram
719 4863 1106 4933 interfratres
1120 4880 1293 4929 meos,
1309 4868 1363 4919 et
1393 4863 1824 4920 adolescentior
1840 4864 1901 4918 in

241 4957 415 5010 domo
426 4956 625 5023 patris
643 4954 774 5018 mei,
792 4956 926 5019 etc.,
952 4968 1089 5008 cum
1100 4953 1215 5009 hac
1246 4952 1570 5025 epigraphe
1588 4969 1600 5006 :
1617 4953 1727 5009 Hic
1742 4954 1903 5022 psal~

240 5061 372 5099 mus
382 5044 626 5115 proprie
647 5043 905 5111 scriptus
925 5043 983 5097 in
999 5043 1199 5098 David
1209 5048 1381 5099 extra
1411 5057 1745 5108 numerum,
1772 5058 1900 5097 cum

236 5141 535 5202 pugnator
548 5138 691 5187 esset
719 5131 999 5187 adversus
1029 5131 1260 5187 Goliam
1280 5133 1529 5187 soluszet
1561 5131 1607 5185 si
1632 5129 1902 5187 conferas

239 5235 374 5275 non
401 5220 826 5294 Epigraphem,
856 5220 961 5275 sed
989 5219 1211 5292 psalmi
1240 5220 1442 5287 verba,
1467 5219 1577 5276 abs
1623 5218 1806 5275 dubio
1839 5218 1900 5274 in

234 5310 514 5365 versione
536 5308 1350 5381 veteriltalica(nusquamin
1389 5308 1656 5365 Editione
1682 5308 1897 5379 Vulga~

233 5407 323 5467 ta,
380 5399 593 5469 etaliis)
627 5398 845 5455 eadem
871 5397 1149 5469 reperies.

310 5491 603 5547 Praeterea
615 5488 825 5545 sedulo
840 5494 1098 5546 scrutare
1123 5486 1410 5559 psalmum
1423 5488 1792 5560 cxvm,Beali
1801 5488 1899 5544 im-

2014 4238 2207 4304 tollas,
2226 4236 2381 4292 illico
2408 4235 2511 4292 tibi
2538 4234 2882 4305 exemplum
2895 4233 3084 4291 simile
3098 4236 3161 4291 in
3187 4240 3391 4294 nostra
3406 4236 3660 4308 Vulgata

2013 4327 2456 4397 occurrit;nam
2498 4340 2625 4395 cap.
2661 4339 2813 4379 xxvii
2838 4325 3060 4391 Matth.,
3092 4340 3245 4381 vers.
3278 4330 3330 4391 9,
3357 4325 3486 4382 haec
3530 4342 3659 4384 ver-

2010 4418 2110 4474 ba:
2124 4417 2499 4484 Acceperunt
2513 4413 2771 4484 triginda
2784 4419 3083 4484 argenteos
3090 4416 3349 4483 pretium
3358 4415 3661 4484 appretia-

2014 4508 2077 4572 ti,
2102 4510 2234 4571 etc.,
2247 4504 2434 4560 relata
2451 4506 2587 4557 sunt
2612 4501 3109 4573 tanquamdictaa
3126 4503 3383 4560 Jeremia
3399 4505 3653 4576 prophe-

2010 4594 2207 4663 ta,illis
2226 4592 2421 4648 verbis
2454 4607 2467 4646 :
2504 4590 2668 4646 Tunc
2697 4591 3004 4659 impletum
3018 4597 3125 4659 est,
3150 4592 3305 4663 quod
3324 4593 3548 4649 dictum
3571 4599 3654 4649 est

2004 4698 2116 4755 per
2125 4683 2163 4739 Ι
2164 4684 2439 4739 eremiam
2466 4698 2478 4749 ;
2492 4679 2739 4751 quando
2762 4683 2922 4735 certo
2934 4684 3162 4737 constat
3174 4696 3297 4737 non
3329 4697 3365 4739 a
3379 4682 3649 4753 Jeremia,

2011 4773 2116 4831 sed
2145 4788 2181 4828 a
2209 4769 2494 4827 Zacharia
2527 4784 2657 4823 esse
2688 4768 2939 4839 prolata.
2976 4770 3244 4837 Ulterius,
3274 4786 3447 4841 cap.i
3500 4773 3651 4829 Mar-

2010 4863 2080 4929 ci,
2113 4874 2266 4917 vers.
2298 4864 2350 4923 2,
2383 4862 2767 4930 apponuntur
2791 4857 2891 4914 illa
2919 4858 3101 4914 verba
3131 4875 3143 4913 :
3174 4860 3326 4915 Ecce
3351 4874 3445 4931 ego
3484 4863 3652 4918 mitto

2010 4952 2288 5022 angelum
2300 4963 2488 5003 meum
2502 4953 2641 5003 ante
2647 4946 2863 5015 faciem
2880 4952 3041 5002 tuam
3064 4963 3077 5012 ;
3087 4950 3268 5016 juxta
3282 4948 3499 5007 Isaiam
3509 4965 3647 5019 pro-

2004 5042 2260 5113 phetam,
2293 5041 2349 5093 et
2373 5051 2581 5092 revera
2610 5039 2745 5090 sunt
2791 5034 3109 5092 Malachiae.
3143 5036 3232 5092 Ad
3261 5037 3367 5095 has
3394 5044 3450 5096 et
3505 5039 3651 5097 alias

2010 5127 2383 5185 difﬁcultates
2400 5123 2750 5180 enodandas
2762 5122 2825 5179 in
2844 5123 3041 5181 varias
3053 5126 3414 5196 expositores
3427 5128 3652 5183 abeunt

2011 5216 2330 5274 sententias
2350 5231 2362 5280 ;
2378 5214 2482 5269 sed
2494 5213 2565 5269 ad
2582 5216 2856 5269 nostrum
2878 5214 3211 5270 institutum
3228 5216 3419 5285 magis
3431 5212 3647 5269 arridet

2007 5312 2246 5365 sanctus
2272 5303 2685 5373 Hieronymus,
2711 5300 2813 5357 lib.
2838 5318 2875 5355 ll
2906 5302 3167 5359 inAmos
3235 5318 3366 5372 cap.
3385 5316 3441 5364 v,
3484 5298 3647 5353 hisce

2004 5395 2220 5453 verbis:
2241 5394 2311 5448 In
2329 5391 2597 5448 omnibus
2610 5390 2942 5459 Scripturis
2956 5392 3178 5447 sanctis
3208 5385 3641 5443 observandum

2008 5492 2089 5546 est
2115 5484 2426 5554 apostolos,
2448 5489 2499 5539 et
2522 5480 2862 5551 apostolicos
2907 5481 3059 5538 viros
3084 5482 3142 5535 in
3187 5472 3463 5544 ponendis
3484 5480 3643 5531 testis-
