4118 6184
279 309 349 365 21
1190 287 1638 367 FRANCISCUS
1675 280 2032 356 ANTONIUS
2064 280 2477 356 LORENZANA
2515 289 2835 362 LECTORI.

3631 304 3704 382 ἓθ

281 415 1604 507 prmtereaipsemetsanctusdePuriﬁcationﬁ
1619 427 1949 486 sermonem
1979 408 2028 464 Α
2061 411 2145 468 dis
2157 414 3033 507 ostendemnt,etsanguinesuo
3045 418 3697 494 Ecclesiasdedicavere,

279 521 362 579 ad
382 516 680 594 populum
724 508 1020 584 habuerit.

359 588 427 666 In
459 588 662 666 medio
681 597 1090 676 quorumdam
1104 593 1477 669 psalmorum
1496 591 1816 665 apponitur
1829 588 1945 645 hoc

285 697 574 766 verbum,
593 691 948 761 Diapsalma,
975 685 1139 759 quod
1159 685 1219 740 in
1242 683 1538 740 Breviario
1557 681 1884 738 Isidoriano
1907 695 1943 734 a

291 783 588 844 cardinali
642 777 906 837 Ximenio
933 775 1085 848 typis
1115 773 1271 830 edito
1297 771 1941 836 raroinvenitur,nunc

296 892 437 933 vero
459 868 830 944 insequendo
860 864 1309 936 antographum
1338 861 1636 918 multoties
1663 860 1936 933 reperies,

294 967 536 1022 denotat
561 960 722 1017 enim
761 954 1208 1029 separationem
1257 952 1411 1006 inter
1440 967 1627 1006 unum
1660 953 1716 1006 et
1755 948 1939 1005 alium

290 1049 652 1110 versiculum
667 1045 944 1118 ejusdem
962 1041 1176 1115 psalmi
1200 1040 1308 1108 ;ad
1333 1039 1811 1096 observationem
1836 1036 1940 1108 igi-

285 1149 382 1200 tur
396 1155 598 1215 pensas
619 1138 681 1194 in
709 1132 1048 1209 psalmodia
1074 1136 1130 1188 et
1150 1130 1227 1186 ad
1241 1134 1483 1186 cantum
1502 1125 1938 1194 moderandum

283 1234 446 1298 notis
471 1225 717 1290 musicis
757 1221 1151 1294 obsequendo
1179 1217 1547 1280 inserviebat.

345 1320 412 1376 In
444 1317 699 1374 aliorum
712 1311 1085 1386 psalmorum
1099 1307 1296 1365 medio
1322 1307 1450 1362 haac
1463 1305 1782 1379 apponitur
1798 1307 1940 1372 nota

290 1406 587 1730 ique
624 1531 1096 1605 signiﬁcatidem
1129 1545 1198 1586 ac
1238 1527 1675 1599 repelitio;suis
1711 1526 1936 1600 quippe

2056 508 2245 557 vestra
2271 504 2592 574 diligentia
2610 522 2720 560 non
2736 507 2965 576 ignoret
2991 525 3006 574 ;
3025 508 3305 578 quoniam
3317 513 3695 578 concordiam

2053 605 2185 647 cum
2215 593 2491 650 Romana
2523 594 2664 650 urbe
2690 595 2992 664 Hispania
3028 577 3092 652 in
3105 598 3455 667 religioneet
3483 577 3694 660 ordine

2049 680 2239 736 divini
2251 683 2435 749 ofﬁcii
2455 681 2735 748 habuisse,
2764 685 2906 739 satis
2929 691 3102 752 patet.
3120 685 3332 742 Postea
3351 703 3452 748 eos
3469 690 3546 746 ad
3567 707 3690 748 am-

2049 769 2429 842 plectendum
2457 772 2516 827 in
2546 773 2828 845 llispania
2857 776 3192 830 Romanum
3213 776 3390 838 ritum
3414 777 3688 840 adhorta-

2048 861 2173 926 tur;
2224 863 2279 916 et
2303 859 2434 916 licet
2462 861 2681 918 indicet
2707 863 3097 930 Hispanicum
3135 864 3391 932 ofﬁcium
3444 869 3685 925 vesania

2047 949 2656 1006 Priscillianislarum
2699 952 3004 1019 pollutum,
3044 951 3410 1010 Arianorum
3435 956 3692 1026 perﬁdia

2047 1037 2455 1106 depravatum,
2486 1054 2552 1094 ac
2582 1039 2802 1095 demum
2820 1040 3230 1098 invadentibus
3253 1043 3566 1110 Saracenis
3605 1046 3692 1102 di-

2045 1129 2360 1192 minutum,
2378 1127 2508 1183 hinc
2521 1126 2876 1182 verbanullo
2889 1127 3071 1182 modo
3085 1133 3356 1192 evertunt
3371 1135 3690 1206 anteapro-

2044 1220 2206 1281 rata;
2229 1231 2373 1271 nam
2400 1231 2544 1272 cura
2569 1219 2911 1280 sanctorum
2933 1215 3157 1291 lsidori,
3197 1216 3562 1290 lldephonsi,
3593 1224 3690 1290 Ju-

2044 1305 2185 1364 liani
2208 1309 2262 1360 et
2294 1305 2545 1360 aliorum
2559 1303 2850 1375 Hispaniae
2863 1306 3119 1370 Patrum,
3135 1306 3298 1362 omni
3320 1307 3474 1373 labe,
3493 1309 3543 1376 si
3563 1326 3687 1383 qua

2044 1395 2251 1460 inerat,
2277 1373 2718 1464 fuitpurgatum
2743 1390 3030 1458 ofﬁcium,
3063 1409 3326 1466 suaeque,
3367 1373 3685 1465 integritati

2043 1487 2100 1539 et
2126 1482 2366 1554 puritati
2393 1481 2828 1546 restitutum,ut
2854 1483 3100 1542 testatur
3124 1481 3304 1551 Felix,
3331 1482 3586 1556 loquens
3606 1485 3682 1542 de

2045 1574 2249 1628 sancto
2277 1570 2530 1636 Iuliano,
2549 1569 2642 1626 cui
2656 1568 2925 1636 congruit
2946 1567 3210 1626 officium
3222 1572 3559 1640 Romanum
3574 1573 3684 1631 hu-

2036 1662 2136 1732 jus
2162 1659 2350 1716 sancti
2379 1674 2451 1714 ex
2475 1655 2688 1726 eodem
2729 1656 2910 1712 Felice
2949 1655 3393 1730 depromptum.
3555 1643 3557 1646 ’

277 1748 567 1839 “Pnibus
596 1742 1013 1839 litielisliga‘ls
1035 1743 1261 1839 consul?
1286 1737 1399 1839 ίξλιθ
1421 1737 1680 1806 signum
1712 1735 1934 1839 f‘st’m‘
1961 1747 2007 1818 Β
2112 1761 3430 1839 lpsimetRomanipontiﬁces,postmodumde
3443 1765 3681 1824 sinceri-

274 1837 573 1908 gebantur
601 1835 822 1890 etenim
851 1836 1122 1890 cantores
1143 1827 1535 1899 antiphonam
1566 1828 1828 1897 repetere
1860 1841 1928 1880 ex

273 1924 480 1980 verbis
507 1924 696 1994 ipsius
719 1921 937 1998 psalmi
971 1917 1322 1974 deductam;
1362 1915 1596 1985 hocque
1623 1912 1932 1969 accidebat

274 2027 398 2074 non
425 2013 486 2068 in
510 2007 1034 2079 brevioribus,sed
1069 2006 1128 2061 in
1150 2002 1524 2074 longioribus
1560 2001 1829 2073 psalmis,
1868 2004 1930 2056 ut

271 2102 544 2172 quadam
563 2100 761 2173 quiete
779 2098 840 2154 in
861 2094 1204 2153 recitatione
1224 2092 1542 2158 tuerentur,
1564 2094 1620 2157 et
1647 2089 1928 2146 varietate

271 2197 488 2248 cantus
519 2186 1184 2258 fastidiumallevarent.

349 2279 644 2344 Lubenter
665 2277 820 2348 alias
854 2273 1235 2348 probationes
1254 2269 1330 2324 ad
1348 2266 1782 2340 indigitandam
1799 2281 1928 2323 nos-

273 2369 352 2442 tri
369 2369 519 2426 ritus
531 2365 814 2434 canitiem
833 2363 906 2419 ad
909 2363 929 2433 j
941 2376 1156 2432 ungem
1167 2375 1256 2413 us.
1272 2361 1335 2413 1n
1350 2355 1563 2412 Codice
1582 2360 1927 2430 nuncupato

271 2455 711 2523 Emilianensi,
733 2452 894 2526 quod
908 2453 965 2506 in
978 2449 1141 2519 regio
1156 2445 1516 2515 monasterio
1529 2444 1929 2502 Excurialensi

276 2549 643 2616 asservatur,‘
660 2547 797 2608 ante
811 2554 1037 2608 annum
1050 2536 1423 2602 millesimum
1439 2532 1930 2606 septuagesimum

274 2639 563 2692 octavum
594 2635 860 2704 exarato,
875 2629 956 2684 ita
973 2626 1289 2700 inscripto:
1315 2625 1398 2679 De
1413 2623 1592 2678 missa
1609 2621 1930 2692 apostolica

272 2727 335 2781 in
365 2723 598 2793 Spania
635 2721 842 2786 ducta,
868 2718 1142 2773 Julianus
1181 2719 1232 2769 et
1258 2713 1448 2779 Felix,
1481 2709 1763 2766 asseritur
1784 2713 1855 2778 ,1,
1882 2710 1928 2782 ἓ,

271 2816 504 2884 septem
521 2806 877 2880 apostolicos
891 2805 1052 2868 viros
1066 2804 1448 2874 Torquatum,
1468 2797 1928 2870 Ctesiphontem,

273 2899 490 2962 etalios
513 2885 904 2963 memoratos,
931 2889 1327 2958 sacerdotium
1348 2903 1382 2942 a
1397 2885 1622 2954 sanctis
1643 2885 1929 2956 apostolis

276 2991 442 3046 Petro
470 2984 725 3054 etPaulo
751 2983 1073 3053 sucepisse,
1121 2982 1178 3035 et
1224 2978 1285 3034 in
1339 2974 1588 3032 urbibus
1623 2973 1928 3046 Hispania-

2040 1860 2155 1913 tate
2171 1853 2349 1911 ofﬁcii
2370 1852 2644 1907 certiores
2687 1848 2896 1914 effecti,
2927 1849 3071 1905 illud
3091 1849 3311 1906 iteratis
3343 1851 3679 1923 diplomati-

2038 1945 2156 2001 bus
2183 1941 2619 1998 conﬁrmarunt
2651 1953 2828 2004 ;nam
2885 1936 3070 1994 Julius
3101 1941 3164 2002 ll,
3192 1953 3354 1996 anno
3412 1943 3563 2006 1508.
3600 1943 3679 1999 ad

2037 2047 2245 2107 preces
2277 2027 2592 2086 cardinalis
2639 2025 2884 2082 Ximenii
2943 2024 3208 2083 ofﬁcium
3249 2026 3549 2086 roboravit
3575 2030 3670 2088 his

2035 2120 2234 2177 verbis
2268 2136 2281 2174 :
2315 2115 2808 2188 Antiquissimum
2830 2119 2885 2172 et
2899 2129 3124 2183 magna
3142 2114 3528 2173 devotionis...
3554 2118 3678 2176 Nos

2036 2213 2229 2281 igitur
2255 2208 2352 2277 qui
2376 2221 2450 2262 ea:
2478 2204 2672 2261 debito
2697 2202 3016 2272 pastoralis
3036 2202 3226 2270 ofﬁcii
3255 2203 3450 2260 divini
3473 2207 3672 2262 cultus

2036 2301 2418 2368 augmentum
2432 2292 2674 2349 sinceris
2687 2296 3032 2358 exoptamus
3043 2290 3365 2359 affectibus.
3377 2333 3390 2346 .
3412 2293 3609 2350 omnia
3620 2299 3677 2350 et

2036 2386 2274 2456 singula
2285 2385 2346 2439 in
2361 2382 2532 2438 dictis
2547 2379 2761 2436 litteris
2773 2383 3045 2436 contenta
3072 2379 3433 2437 auctoritate
3442 2387 3672 2448 aposto-

2040 2478 2156 2532 lica
2187 2480 2380 2530 tenore
2395 2468 2778 2541 prcesentium
2826 2466 3247 2535 approbamus,
3277 2472 3334 2522 et
3362 2468 3676 2535 conﬁrma-

2036 2580 2186 2620 mus.
2216 2564 2281 2617 Et
2310 2574 2470 2618 anno
2499 2562 2630 2614 1512
2652 2554 2948 2614 aliabulla
2966 2553 3230 2610 ofﬁcium
3249 2554 3672 2612 Mozarabicum

2040 2648 2432 2708 communivit
2442 2667 2459 2718 ;
2475 2663 2610 2719 quae
2623 2643 3009 2714 adeodiserta
3021 2645 3198 2713 atque
3223 2657 3502 2713 expressa
3517 2643 3676 2699 sedis

2040 2739 2380 2812 apostolicae
2410 2733 2766 2806 approbatio
2796 2733 2885 2800 (ut
2912 2730 3102 2800 inquit
3131 2731 3348 2792 Pinius)
3371 2734 3677 2788 obstruere

2037 2827 2216 2883 debet
2241 2825 2512 2880 omnium
2541 2823 2745 2887 ora,ut
2775 2832 2952 2872 nemo
2983 2821 3118 2885 post
3139 2817 3304 2871 illam
3342 2820 3677 2878 contt'ares-

2036 2923 2341 2973 tauratum
2365 2908 2544 2966 ofﬁcii
2565 2902 2914 2964 Mozarabici
2943 2905 3172 2970 usum,";
3190 2903 3439 2974 ejusque
3469 2903 3675 2960 minis-

2033 3009 2263 3062 trorum
2294 2998 2724 3065 fundationem,
2747 2993 2840 3050 vel
2870 2992 3097 3048 hiscere
3145 2991 3400 3059 audeat;
3430 2991 3510 3048 ob
3560 2992 3677 3049 hoc

272 3093 412 3150 rum
444 3074 694 3132 deinitio
721 3072 854 3128 vitae
875 3067 1232 3128 immortatis
1278 3063 1626 3150 praedicare,
1650 3062 1924 3134 coepisse,

2043 3093 2252 3150 Paulus
2266 3093 2334 3146 [Il
2347 3086 2633 3145 aamulum
2647 3062 2898 3155 aliquem
2909 3084 3178 3137 actorum
3195 3078 3437 3136 Ximenii
3449 3079 3676 3136 deside-

269 3170 332 3238 et
347 3145 489 3238 post
502 3159 1098 3237 paucafsubjungitur
1116 3174 1128 3212 :
1145 3145 1428 3230 Atqueita
1441 3153 1594 3220 sicut
1616 3152 1691 3210 ab
1705 3155 1928 3222 aposto-

272 3255 351 3312 lis
364 3251 602 3322 missam
619 3247 1448 3324 doctﬁnamquegcceperunt,
1459 3241 1930 3310 perHispaniam

274 3341 571 3416 ordinatis
589 3339 864 3410 episcopis
878 3330 1302 3405 tradiderunt.§
1315 3327 1567 3400 2,agitur
1579 3328 1647 3416 de
1663 3328 1928 3399 Hispanae

270 3429 557 3504 Ecclesia:
588 3427 787 3498 ofﬁcio
805 3428 1005 3492 qut‘e
1034 3419 1278 3490 laudato
1299 3421 1354 3474 et
1380 3415 1768 3488 comprobato
1787 3418 1930 3484 tem-

273 3534 423 3594 pore
445 3515 695 3588 Joannis
725 3529 922 3596 papae,
982 3513 1268 3586 regnante
1319 3505 1528 3571 Carolo
1569 3507 1929 3574 Francorum

273 3591 437 3680 rege,
463 3610 521 3662 et
552 3591 822 3676 Ordopio
847 3615 983 3674 rege
1006 3599 1066 3672 in
1095 3595 1331 3666 civitate
1375 3591 1748 3668 Legionensi.
1783 3592 1928 3658 Cum

279 3679 440 3770 enim
464 3689 1108 3772 zanelluspresbytera
1122 3683 1369 3772 praefato
1392 3696 1634 3748 summo
1651 3679 1928 3752 pontiﬁce

279 3766 512 3860 Joanne
543 3767 768 3846 missus
816 3778 1041 3845 fuisset,
1071 3766 1136 3830 ut
1163 3771 1578 3842 ecclesiasticae
1625 3766 1927 3838 religionis

279 3857 502 3942 statum
525 3871 604 3940 ibi
622 3867 1003 3948 perquireret,
1038 3867 1094 3932 et
1109 3864 1414 3940 comperta
1440 3857 1931 3941 ﬁdeliteraposto-

274 3961 404 4032 lica:
429 3959 561 4028 sedi
591 3945 856 4030 referret,
906 3954 1243 4028 injunctum
1284 3947 1395 4016 sibi
1433 3961 1651 4012 munus
1690 3945 1930 4032 solerter

277 4030 636 4122 exsequens,
661 4060 905 4116 omnem
923 4041 1199 4111 ordinem
1227 4033 1610 4106 ecclesiastici
1666 4030 1846 4096 oﬂicii
1875 4034 1931 4086 et

275 4135 749 4217 ponsecrationis
761 4132 1031 4217 regulam
1046 4129 1736 4210 perscrutatus,canones
1749 4125 1804 4175 et
1815 4135 1930 4180 orn-

404 4205 909 4296 Sacramentqrum
924 4205 1108 4285 libros
1120 4214 1367 4292 perlegit
1386 4229 1398 4266 ε
1416 4213 1630 4278 cuncta
1643 4205 1932 4279 catholica

267 4298 397 4386 ﬁde.
428 4313 663 4394 inunita
694 4309 1027 4388 inveniens.
1072 4301 1356 4394 exultavit
1385 4317 1399 4368 ;
1429 4298 1688 4394 Domino
1736 4311 1928 4394 papa,

267 4385 520 4478 Joanni,
635 4385 799 4480 omni
825 4393 1441 4492 conventuiRomanm
1482 4386 1769 4492 ecclesiae,
1797 4385 1932 4448 utin
1964 4435 2010 4492 Β

269 4473 909 4566 venerat,renuntiavit
927 4502 940 4551 ;
957 4479 1451 4556 audiensqueth
1464 4473 1747 4546 dominus
1760 4487 1934 4558 papa-
1964 4473 1974 4504 ‘-

270 4588 330 4640 et
357 4580 559 4649 omnis
594 4581 866 4650 Romana
895 4560 1183 4646 Ecclesia,
1231 4567 1449 4647 gratias
1501 4567 1616 4618 Deo
1653 4560 1930 4650 reddens,

272 4645 620 4746 Hispanicae
642 4645 911 4718 Ecclesiae
938 4657 1201 4728 officium
1222 4645 1486 4709 laudavit
1514 4654 1570 4716 et
1594 4646 1895 4710 roboravit
1919 4662 1932 4711 ;

270 4735 402 4830 hoc
421 4735 552 4811 solo
589 4751 814 4826 addito,
841 4755 901 4813 ut
919 4748 1192 4820 deinceps
1214 4755 1376 4810 more
1390 4737 1726 4808 apostolica:
1750 4735 1938 4804 Eccle-

271 4849 374 4914 siae
405 4842 863 4908 celebrarentur
884 4841 1106 4892 secreta
1161 4833 1363 4886 missae.

349 4937 620 4992 Summus
635 4945 750 5004 pon
761 4927 897 4984 tifex
912 4921 1223 4992 Gregorius
1240 4917 1326 4982 VII
1343 4915 1639 4986 Alphonso
1653 4913 1825 4975 Sexto
1839 4913 1934 4980 Le-

275 5024 472 5099 gionis
498 5020 646 5093 regi,
682 5015 899 5075 Sancio
920 5015 982 5078 V,
1029 5014 1320 5086 Navarraa,
1364 5010 1420 5059 et
1449 5001 1760 5075 episcopis,
1779 5000 1838 5066 in
1854 4998 1937 5062 di-

279 5088 438 5182 lione
453 5088 912 5171 suaconstitutis
926 5093 1445 5164 rescribens,initio
1466 5089 1722 5162 epistolis
1738 5088 1822 5154 sic
1835 5102 1936 5142 eos

291 5176 498 5270 otiatur
522 5217 534 5253 :
553 5197 694 5253 Cum
710 5194 914 5254 beatus
928 5186 1227 5257 apostolus
1247 5182 1469 5236 Paulus
1511 5176 1855 5248 Hispaniam
1879 5189 1938 5242 se

289 5265 494 5348 adiisse
511 5283 826 5355 signiﬁcet,
849 5294 919 5332 ac
939 5281 1140 5348 postea
1155 5277 1360 5338 septem
1387 5270 1681 5336 episcopos
1706 5265 1776 5328 ab
1801 5261 1937 5316 urbe

287 5353 960 5446 Itoniaadinslruendos
1005 5360 1308 5428 Hispania:
1333 5356 1626 5426 populosa
1663 5353 1842 5405 Petro
1882 5355 1935 5404 et

286 5439 470 5528 Paulo
487 5459 772 5535 apostolis
784 5456 1027 5526 directos
1038 5446 1343 5524 fuisse,qui
1350 5487 1362 5512 ,
1377 5444 1470 5502 des
1485 5449 1538 5502 tr
1547 5447 1684 5498 ucta
1695 5439 1936 5510 idolola-

292 5561 423 5646 tria,
441 5531 1741 5646 christlenitatemfziidaveriintireligiqnim
1771 5531 1937 5602 plan-

295 5617 914 5719 miliamodium:
926 5617 1184 5705 Ofﬁcium
1198 5620 1484 5684 indivtm‘s
1499 5617 1756 5679 cultibus
1767 5628 1938 5688 agem-

2034 3183 2202 3252 ravit,
2222 3179 2328 3253 qui
2354 3192 2526 3233 sacra
2553 3171 2930 3230 Mozarabum
2953 3168 3265 3225 volumina
3287 3183 3496 3224 rursus
3519 3169 3674 3225 evul-

2037 3275 2231 3342 garet;
2259 3270 2430 3340 cujus
2455 3268 2596 3320 vota
2630 3279 2743 3319 nos
2796 3258 3124 3330 adimplere
3159 3272 3462 3324 curamus.

2108 3381 2172 3450 1n
2218 3375 2378 3430 Actis
2426 3373 2788 3432 sanctorum,
2821 3370 2967 3422 tom.
2992 3361 3399 3450 VlJulii,tract.
3427 3360 3672 3430 praevio,

2036 3448 2207 3524 num.
2244 3465 2334 3529 10,
2357 3462 2430 3516 de
2458 3459 2635 3515 beato
2654 3455 2879 3512 Jacobo
2893 3449 3186 3523 apostolo,
3213 3448 3340 3503 haec
3361 3461 3674 3520 apponun-

2036 3562 2131 3614 tur
2158 3551 2341 3610 verba
2368 3569 2381 3606 :
2402 3549 2680 3619 Sequitur
2690 3550 2751 3598 ut
2773 3541 3074 3610 apostolus
3086 3537 3190 3592 ille
3205 3550 3400 3590 sacros
3417 3535 3675 3604 liturgiae

2036 3646 2186 3700 ritus
2200 3640 2402 3697 ibidem
2414 3628 3092 3705 designarit,imoetiam,
3109 3627 3399 3705 quantum
3412 3637 3518 3690 per
3531 3636 3678 3676 com-

2035 3727 2468 3789 memorationis
2491 3704 2716 3794 tempus
2742 3717 2929 3783 licuit,
2960 3704 3273 3770 tradith
3290 3715 3342 3766 et
3370 3711 3678 3777 conﬁrma-

2036 3822 2207 3885 verit,
2240 3818 2304 3872 id
2320 3815 2478 3887 quod
2507 3813 2669 3867 circa
2690 3823 2811 3864 rem
2829 3807 3172 3874 praesentem
3192 3815 3228 3856 a
3261 3802 3465 3855 sancto
3498 3796 3672 3852 Petro

2035 3903 2358 3977 acceperat.
2377 3905 2442 3956 Et
2457 3899 2703 3966 ibidem,
2717 3910 2880 3950 num.
2903 3897 2962 3946 6:
2982 3891 3231 3959 Operam
3249 3901 3468 3958 quoque
3509 3899 3674 3938 suam

2031 3974 2304 4068 fortasse,
2321 4007 2380 4047 eo
2391 3987 2698 4046 contulerit
2714 3987 2952 4040 sanctus
2966 3979 3213 4035 Paulus.
3231 3974 3295 4029 Id
3307 3975 3505 4045 ipsum
3517 3984 3678 4042 aper-

2036 4065 2090 4144 te
2125 4084 2356 4140 constat
2379 4094 2450 4134 ex
2481 4072 2760 4132 decretali
2788 4065 3110 4126 Innocentii
3139 4069 3181 4120 Ι.
3488 4079 3492 4084 ·
3535 4083 3542 4088 ·

2108 4196 2235 4264 Ipse
2265 4187 2472 4243 doctor
2501 4179 2796 4260 egregius,
2825 4191 2860 4230 a
2884 4189 3005 4262 quo
3034 4183 3297 4246 praesens
3323 4164 3680 4227 ofﬁcium,ut

2039 4255 2319 4344 diximus,
2335 4255 2850 4344 nomenclaturam
2871 4257 3114 4334 accepit,
3130 4258 3236 4313 lib.
3267 4274 3303 4310 ιι
3331 4255 3519 4344 Oitic.,
3539 4268 3675 4344 cap.

2044 4373 2126 4440 l5,
2143 4368 2256 4424 ait:
2283 4341 2648 4421 Ordoautem
2673 4357 2858 4412 missae
2871 4357 2925 4408 et
2949 4349 3276 4405 orationem
3289 4343 3501 4416 quibus
3521 4341 3682 4396 obla-

2043 4435 2101 4515 ta
2113 4429 2155 4528 lla,
2169 4459 2286 4512 Deo
2298 4449 2585 4518 sacriﬁcia
2597 4445 3018 4502 consecrantur
3027 4436 3287 4506 primum
3301 4447 3337 4488 a
3354 4435 3558 4505 sancto
3573 4429 3680 4484 Pe-

2043 4555 2134 4618 tro
2145 4523 2230 4614 est
2246 4543 2578 4602 institutus;
2604 4535 2769 4603 cujus
2782 4527 3232 4601 celebrationem
3245 4537 3359 4576 uno
3381 4519 3681 4590 eodemque

2041 4607 2212 4693 modo
2243 4633 2546 4687 universus
2569 4622 2796 4698 peragit
2838 4617 3004 4673 orbis.
3058 4608 3384 4686 Perpende,
3409 4607 3678 4670 obsecro,

2044 4722 2253 4794 lsidori
2284 4695 2729 4774 SententiamSi
2755 4708 2882 4777 ejus
2911 4710 3177 4774 tempore
3206 4713 3323 4753 uno
3352 4695 3682 4838 eodemtﬁm

2044 4811 2225 4838 -ηνιη
2249 4800 2792 4838 ηηη-οατηῐεθιιτ-σίπτη
2834 4793 3144 4838 universus
3167 4784 3491 4838 peragebat
3521 4797 3588 4837 or
3633 4779 3682 4836 is

2043 4792 2227 4870 modo
2249 4820 2480 4862 sacram
2495 4800 2796 4868 liturgiam
2834 4793 3144 4852 universus
3167 4784 3491 4870 peragebat
3521 4779 3684 4860 orbis

2045 4900 2154 4970 abs
2184 4896 2367 4953 dudio
2389 4896 2583 4962 Patres
2597 4883 2886 4968 Hispaniae
2901 4878 3106 4948 ordine
3145 4875 3387 4970 antiquo
3418 4875 3684 4945 Romano

2046 4967 2400 5044 sacriﬁcium
2430 4961 2827 5044 celebrabant,
2861 4971 2920 5026 in
2950 4967 3113 5036 nullo
3171 4981 3206 5020 a
3233 4961 3374 5017 sede
3405 4965 3677 5016 Romana

2045 5075 2458 5156 discrepantes
2479 5063 2768 5148 ;a_1ioquin
2784 5074 2902 5114 non
2934 5073 3043 5111 uno
3073 5054 3379 5122 eodemque
3393 5051 3561 5106 modo
3576 5063 3682 5116 ap-

2043 5142 2304 5238 pellaret.
2340 5162 2381 5213 Ο
2411 5142 2750 5220 miseranda
2773 5146 3030 5203 Arabum
3065 5142 3372 5211 ingluvies,
3397 5154 3529 5220 quae
3563 5147 3678 5186 non

2047 5224 2240 5314 solum
2265 5245 2559 5319 quasdam
2592 5237 3047 5312 pretio~issimu~t
3068 5245 3368 5285 ~:u-mrum
3397 5224 3674 5277 tiodicum

2043 5310 2324 5411 reliquias
2352 5335 2468 5388 fere
2491 5310 2895 5398 absumpsisti,
2928 5322 3030 5376 sed
3062 5321 3204 5373 alias
3227 5318 3385 5408 dono
3535 5318 3677 5386 prm-

2046 5393 2310 5488 serv‘atas
2333 5434 2554 5491 magna
2570 5393 2823 5488 caligine
2850 5409 3147 5468 involutas
3159 5394 3470 5468 reliquisti!
3500 5393 3686 5491 inten-

2043 5518 2195 5590 dens
2223 5477 2470 5580 obruere
2491 5520 2692 5580 sacras
2707 5481 3007 5580 basilicas,
3025 5508 3124 5550 eas
3135 5477 3688 5590 devastare,tci‘vitg-

2042 5566 2530 5676 {Imperium
2555 5575 2614 5654 et
2637 5566 2826 5652 nostri
2847 5566 3001 5646 ritus)
3041 5570 3393 5636 memoriam
3425 5566 3690 5642 abolere,
