4118 6184
348 369 417 423 23

1209 340 1654 403 FRANCISCUS
1694 328 2049 392 ANTONIUS
2089 328 2514 386 LORENZANA
2554 322 2878 384 LECTORI.

3702 326 3775 379 24

358 481 750 548 dubitationis
779 483 835 537 et
861 470 1313 548 disceptationis
1326 468 1633 526 materiem
1656 460 1869 521 criticis
1888 472 2004 514 neo
2037 457 2081 511 A
2119 454 2323 512 Galliis
2346 453 2733 527 perspicuum
2747 452 2840 548 est
2862 446 3274 548 testimonium
3315 445 3574 547 epistola
3590 441 3782 548 Caroli

360 576 555 635 tericis
584 565 929 629 ministrasti
960 564 972 618 !
1631 642 1648 645 _
1951 635 1962 645 .

435 660 741 719 Perierunt
756 667 899 711 sane
913 649 1092 706 multa
1106 647 1307 705 Isidori
1319 660 1497 719 Opera
1514 661 1527 709 ;
1549 642 1653 698 sed
1666 654 1788 697 non
1803 642 2010 692 omnia

365 754 684 824 depascere
696 741 890 816 potuit
914 739 1014 795 illa
1035 738 1309 793 smvities.
1332 733 1685 790 lnterierunt
1697 739 1920 796 magna
1937 738 2011 778 ex

366 818 753 914 parteJuliani
774 825 1314 903 episcopiToletani
1334 822 1551 893 scripta
1570 818 1703 914 ;sed
1725 818 1855 914 ejus
1870 828 2011 914 epos

365 901 527 997 logia
551 939 660 996 pro
698 901 886 977 tribus
926 914 1275 973 substantiis
1298 913 1377 969 ad
1411 926 1535 966 sum
1551 906 1896 997 orthodoxae
1909 901 2013 997 do-

370 988 1260 1075 ctrinisostensionem‘,posteris
1298 1001 1519 1056 intacta
1530 992 1835 1052 remansit.
1854 988 2013 1045 Pari-

370 1107 457 1159 ter
481 1115 660 1172 opera
684 1092 926 1164 Eugenii
956 1095 1022 1160 Il,
1055 1088 1326 1162 episcopi
1352 1084 1636 1172 Toletani,
1674 1079 1953 1172 versibus
1961 1080 2019 1172 et

374 1164 569 1248 soluta
594 1184 860 1243 oratione
880 1197 894 1247 ;
911 1178 1167 1237 Montani
1187 1175 1447 1249 epistolae
1473 1190 1486 1240 ;
1505 1178 1560 1229 et
1585 1170 1703 1229 alia
1729 1164 2021 1225 nonnulla

373 1278 698 1336 Gothorum
719 1272 964 1327 Patrum
977 1270 1112 1324 ante
1124 1269 1461 1323 Maurorum
1474 1260 1868 1332 irruptionem
1897 1269 2020 1309 mo-

375 1366 677 1425 numenta,
710 1373 918 1416 eorum
948 1354 1315 1417 facundiam,
1341 1348 1862 1419 congruentiorem
1892 1357 2024 1398 sen-

378 1472 533 1519 sum,
562 1454 622 1507 in
652 1445 1110 1519 interpretandis
1130 1441 1442 1514 Scripturis
1458 1437 1946 1495 uniformitatem.
1969 1434 2026 1486 et

379 1543 506 1600 sedi
535 1537 879 1611 apostolicm
900 1532 1295 1589 reverentiam
1314 1530 1455 1585 satis
1483 1525 1823 1583 ostendunt.
1840 1521 2026 1611 Etiam

380 1606 645 1702 tempore
667 1622 1070 1682 Mahumeticae
1099 1618 1452 1692 captivitatis
1496 1614 1721 1702 litteras
1745 1610 1856 1665 sub
1881 1606 2030 1702 opti-

383 1694 830 1784 mis-magistris
850 1708 1124 1766 nonnulli
1151 1706 1508 1768 didicerunt,
1552 1700 1692 1757 ﬁdei
1718 1694 2030 1772 praeceptis

2118 544 2297 611 Calvi,
2313 544 2487 617 cujus
2510 542 2693 599 verba
2705 538 2978 597 atfert.cl.
3004 536 3304 603 Mabillon,
3333 536 3395 592 in
3425 540 3679 594 tractatu
3704 537 3781 594 de

2118 633 2411 703 Liturgia:
2430 648 2576 688 nam
2588 646 2726 686 cum
2740 629 2801 684 in
2812 625 2967 697 regis
2982 624 3296 698 praesentia
3311 624 3675 696 peregissent
3687 640 3782 682 sa-

2119 728 2505 779 crosanctum
2539 720 2742 776 missae.
2773 715 3136 772 sacriﬁcium
3161 714 3416 786 quidam
3437 714 3778 771 sacerdotes

2121 811 2389 883 Hispani.
2420 814 2747 882 postquam
2762 805 2907 861 Galli
2922 803 3246 875 amplexati
3261 808 3429 859 erant
3442 806 3779 860 Romanum

2122 918 2158 959 a
2184 899 2555 973 temporibus
2580 896 2792 970 Pipini,
2816 910 2880 950 se
2909 893 3149 959 vidisse,
3169 892 3349 948 ritum
3374 908 3625 949 avorum
3649 908 3783 950 suo-

2122 1006 2259 1045 rum
2292 992 2535 1045 testatus
2566 991 2671 1042 est.

2209 1077 2412 1143 Quoad
2423 1075 2689 1132 ofﬁcium
2703 1071 3086 1136 canonicum,
3104 1084 3210 1125 seu
3222 1069 3587 1125 Breviarium
3603 1069 3786 1127 Isido-

2126 1166 2387 1231 rianum,
2402 1163 2673 1235 priorum
2686 1159 3045 1217 saeculorum
3059 1156 3386 1230 penetralia
3396 1172 3521 1214 non
3535 1173 3688 1230 opus
3699 1163 3786 1215 est

2129 1251 2489 1328 perscrutari
2512 1268 2525 1317 ;
2560 1265 2756 1321 neque
2787 1248 2863 1305 ad
2878 1246 3400 1319 comprobandum
3413 1246 3709 1304 unitatem
3731 1250 3788 1304 et

2131 1341 2606 1399 conformitatem
2633 1354 2771 1395 cum
2799 1340 3137 1409 pervetusto
3157 1337 3429 1390 Romano
3458 1334 3675 1391 scrinia
3700 1350 3789 1391 ar-

2134 1430 2466 1486 chiviorum
2497 1427 2768 1484 evolvere
2786 1426 3028 1492 ;iisdem
3054 1439 3318 1495 namque
3333 1422 3499 1478 horis
3518 1427 3783 1491 constat;

2135 1523 2193 1575 et
2221 1519 2266 1573 si
2285 1533 2571 1574 aurorum
2588 1514 2894 1586 adjiciunt,
2923 1513 2984 1568 id
3005 1511 3264 1582 proiecto
3282 1510 3492 1583 primis
3516 1511 3786 1567 Ecclesiae

2137 1605 2371 1663 saeculis
2401 1606 2680 1660 usitatum
2698 1603 2995 1667 videmus,
3014 1599 3551 1672 inquibus,'ﬁdeles
3582 1598 3786 1671 adpri-

2138 1696 2348 1752 mitatis
2358 1694 2506 1751 lucis
2520 1695 2639 1749 Deo
2655 1689 3262 1764 persolvendas,initio
3275 1704 3506 1745 aurorae
3519 1705 3583 1744 as
3591 1704 3792 1759 surge-

383 1803 597 1863 imbuti
621 1778 736 1873 pro
767 1798 989 1871 pabulo
1015 1794 1330 1861 docebant,
1357 1796 1412 1847 et
1427 1805 1629 1847 coram
1645 1785 2031 1873 regibuspro—
2068 1802 2110 1857 Β
2137 1783 2305 1840 bant.
2346 1783 2432 1838 Ad
2472 1781 2746 1837 ordinem
2776 1784 2976 1836 autem
3002 1778 3168 1851 quod
3217 1782 3465 1849 spectat,
3508 1792 3791 1834 successu

384 1872 727 1957 ﬁtebantur,
758 1890 822 1943 ut
848 1884 1064 1942 accidit
1092 1882 1261 1938 beato
1276 1878 1521 1949 Eulogio
1537 1877 1721 1933 electo
1745 1872 2031 1945 episcopo

384 1979 687 2043 Toletano,
708 1975 814 2046 qui
849 1988 974 2028 non
1021 1971 1218 2028 solum
1243 1983 1353 2023 sua
1382 1964 1659 2039 apologia
1696 1964 2030 2031 martyrum

388 2062 788 2123 constantiam
816 2057 1098 2123 defendit,
1131 2056 1234 2112 sed
1260 2070 1467 2111 eorum
1479 2056 1623 2109 Acta
1647 2064 1755 2105 suo
1781 2051 2030 2104 Memco-

388 2152 522 2211 riali
544 2148 875 2213 illustravit,
910 2144 1248 2216 gentilicum
1275 2142 1533 2198 furorem
1576 2153 1698 2195 non
1722 2134 2030 2209 pertimes-

391 2257 550 2307 cens,
590 2252 815 2309 suoque
842 2235 1135 2304 sanguine
1171 2230 1493 2287 ﬁrmansid
1512 2228 1677 2301 quod
1707 2223 1886 2282 corde
1911 2235 2032 2278 cre-

390 2328 585 2393 debat,
614 2326 694 2383 ad
715 2324 1031 2395 justitiam,
1046 2325 1103 2378 et
1126 2336 1227 2376 ore
1246 2318 1637 2376 conﬁtebatur
1648 2313 1727 2371 ad
1749 2312 2029 2368 salutem.

472 2418 748 2471 Nostrum
764 2411 1105 2469 institutum
1126 2408 1338 2479 majori
1350 2403 1765 2479 perspicuitate
1781 2397 2032 2456 elucide-

399 2506 688 2560 mus.Non
704 2502 1029 2557 asserimus
1041 2496 1241 2553 Gothic
1249 2511 1348 2550 um
1362 2495 1540 2550 ritum
1553 2492 1817 2565 quinque
1831 2486 2034 2560 priori-

397 2592 514 2649 bus
524 2590 798 2646 Ecclesiae
814 2585 1044 2643 saeculis
1056 2584 1336 2642 eumdem
1347 2583 1407 2639 in
1418 2580 1700 2639 omnibus
1716 2576 1899 2634 sacris
1909 2590 2038 2648 pre-

407 2679 580 2734 cibus
612 2677 799 2733 fuisse
829 2691 966 2731 cum
998 2676 1263 2729 Romano
1292 2691 1304 2741 ;
1339 2671 1443 2727 sed
1486 2668 1733 2738 origine,
1761 2669 1817 2722 et
1836 2662 2040 2737 quoad

400 2765 817 2831 substantiam,
848 2767 913 2817 ut
966 2761 1158 2816 innuit
1194 2758 1357 2816 card.
1404 2759 1567 2813 Bona
1598 2755 1737 2828 (Lib.
1770 2770 1790 2809 1
1826 2755 2042 2809 Rerum

402 2855 633 2922 liturg.,
666 2867 791 2921 cap.
819 2856 850 2904 7
870 2865 1005 2905 num
1032 2850 1114 2917 5),
1132 2847 1404 2903 videlicet
1434 2843 1795 2902 sacriﬁcium
1832 2840 2044 2897 iisdem

402 2940 667 3013 partibus
697 2935 1190 2993 substantialibus
1210 2938 1540 3002 constasse,
1581 2929 2043 2989 consecratione,

402 3027 786 3090 oblatione,et
816 3020 1313 3093 sumptione,licet
1336 3018 1719 3074 accidentalis
1746 3015 1891 3072 ordo
1920 3028 2048 3086 pre-

408 3131 546 3170 cum
576 3117 700 3169 tam
721 3111 781 3165 in
796 3110 1148 3178 ltaliaquam
1160 3107 1220 3161 in
1234 3105 1519 3176 Hispania
1548 3108 1742 3159 tractu
1765 3100 2050 3171 temporis

405 3194 1484 3257 fueritimmutatus.Necimmoramur
1494 3190 1556 3247 in
1568 3189 1918 3247 sustinenda
1928 3187 2054 3260 opi-

406 3288 586 3345 nione
617 3283 881 3356 Sajetani
912 3281 1112 3347 Cenni,
1141 3280 1268 3353 qui,
1294 3279 1547 3352 loquens
1576 3279 1647 3334 de
1675 3277 1868 3334 missa
1917 3292 2053 3349 quae

406 3381 675 3448 tempore
706 3372 893 3429 sancti
914 3370 1121 3426 Isidori
1147 3370 1209 3424 in
1232 3368 1516 3442 Hispania
1532 3365 2056 3432 celabrabatur,ita

416 3461 875 3535 ait(Tom.I,diss.
896 3476 998 3531 vn,
1018 3474 1181 3514 num.
1220 3458 1336 3529 10):
1362 3457 1547 3514 Plane
1575 3460 1702 3528 ejus
1724 3455 2052 3522 simillima,

418 3568 592 3626 quam
621 3551 788 3607 divus
812 3548 1020 3605 Petrus
1040 3546 1334 3603 instituit:
1366 3546 1520 3617 quod
1547 3545 1598 3601 si
1629 3544 1942 3602 admodum
1971 3542 2056 3599 di-

414 3655 581 3698 versa
607 3653 725 3695 esse
753 3637 1030 3693 videtura
1056 3636 1308 3691 Romana
1338 3634 1605 3706 antiqua,
1621 3632 1821 3704 ecquis
1841 3647 1917 3688 an
1932 3647 2057 3688 nes-

415 3728 535 3785 ciat
555 3741 592 3782 a
616 3728 820 3789 Leone,
844 3724 1095 3789 Gelasio,
1120 3722 1397 3794 Gregorio
1413 3722 1494 3779 ad
1508 3738 1635 3779 eam
1653 3723 1915 3792 formam
1925 3735 2056 3791 per-

417 3816 655 3872 ductam
673 3826 812 3878 esse,
834 3826 965 3883 qua:
988 3810 1157 3867 hodie
1170 3811 1421 3866 obtinet?
1440 3811 1519 3866 De
1534 3810 1796 3882 Hispana
1818 3824 1959 3865 vero
1971 3823 2057 3864 se-

417 3918 524 3959 cus
545 3904 659 3957 est:
691 3900 942 3957 Nullum
958 3900 1171 3970 quippe
1194 3913 1264 3955 ex
1284 3899 1465 3954 trium
1478 3898 1827 3968 pontiﬁcum
1843 3900 2057 3955 Sacra-

409 3990 727 4048 mentariis
744 4003 864 4045 eam
878 3987 1041 4043 novit
1057 3987 1187 4055 ;sed
1200 4001 1378 4057 quam
1390 3988 1551 4057 prius
1576 3990 1811 4043 missam
1828 4001 1867 4043 α
1890 4000 2059 4042 sanc-

422 4085 484 4135 ta
513 4079 645 4135 sede
667 4077 913 4145 accepit,
947 4076 1105 4132 hanc
1130 4075 1409 4145 Hesperia
1430 4082 1637 4132 nostra
1667 4074 2056 4132 conservavit.

496 4165 655 4223 Sicut
678 4165 740 4219 in
761 4161 1136 4220 naturalibus
1150 4163 1317 4234 prius
1344 4161 1532 4229 nasci,
1549 4166 1761 4235 postea
1777 4176 2057 4226 crescere,

422 4257 480 4310 et
501 4252 709 4309 ultimo
720 4250 923 4324 perﬁci
940 4268 954 4317 ;
972 4250 1053 4305 ita
1067 4250 1128 4306 in
1140 4249 1322 4305 sacris
1334 4249 1720 4306 conﬁciendis
1739 4251 1901 4322 prior
1913 4249 2062 4305 ordo

408 4332 500 4398 ab
529 4340 855 4413 apostolica
870 4338 1013 4395 sede
1032 4342 1228 4405 natus,
1244 4345 1455 4410 postea
1479 4340 1679 4404 crevit,
1714 4354 1785 4394 ac
1805 4338 2063 4410 denique

2141 1871 2423 1944 temporis
2444 1870 2697 1926 varietas
2717 1869 2963 1924 inducta
2988 1866 3598 1939 conspicitur,partim
3621 1881 3793 1923 amo~

2137 1960 2346 2017 nachis
2374 1958 2766 2024 descendens,
2792 1957 3007 2030 partim
3025 1960 3266 2028 propter
3291 1955 3667 2010 devotionem
3690 1969 3794 2010 au-

2139 2048 2419 2119 gendam,
2443 2047 2613 2118 quasi
2635 2046 2911 2102 dicamus
2944 2049 3172 2107 auctus,
3200 2042 3593 2116 locupletatus
3626 2058 3796 2099 sacer

2136 2138 2307 2202 ritus,
2326 2140 2383 2192 et
2419 2151 2455 2191 a
2486 2135 2737 2190 summis
2767 2133 3152 2206 pontiﬁcibus
3176 2131 3513 2204 adoptatus.

2210 2227 2356 2281 Cum
2371 2224 2618 2294 igiturin
2633 2221 2910 2279 Psalterio
2924 2220 3256 2277 Isidoriano
3284 2219 3799 2277 commendatissi-

2139 2329 2287 2369 mam
2301 2312 2629 2368 versionem
2640 2315 2886 2367 veterem
2901 2309 3153 2365 Italicam
3186 2308 3595 2377 habeamus,et
3609 2306 3800 2365 aliun-

2140 2403 2216 2458 de
2246 2402 2307 2458 in
2328 2400 2773 2472 ﬁnecujuslibet
2796 2399 3013 2471 psalmi
3036 2398 3269 2454 dicatur
3300 2399 3501 2455 Gloria
3524 2405 3577 2455 et
3611 2398 3800 2453 honor

2141 2491 2395 2557 Patri,et
2420 2490 2585 2553 Filio,
2605 2494 2655 2543 et
2676 2488 2935 2556 Spiritui
2950 2492 3175 2551 sancto,
3191 2487 3365 2557 juxta
3388 2485 3703 2541 articulum
3734 2485 3799 2539 14

2146 2576 2353 2634 concil.
2381 2593 2441 2632 ιιι
2460 2575 2742 2639 Toletani,
2766 2574 2824 2629 in
2841 2574 2980 2629 ﬁdei
2995 2573 3385 2645 professione,
3401 2578 3457 2629 et
3486 2588 3715 2629 canone
3734 2576 3798 2627 15

2148 2665 2359 2723 concil.
2388 2681 2464 2729 1v,
2487 2663 2741 2735 praeside
2773 2666 2978 2717 sancto
3008 2661 3257 2731 Isidoro,
3287 2660 3600 2716 dubitandi
3631 2661 3804 2716 locus

2150 2770 2272 2812 non
2288 2760 2393 2824 est,
2437 2768 2626 2825 usque
2653 2751 2732 2807 ad
2761 2756 3032 2821 tempora
3055 2748 3215 2805 card.
3241 2749 3806 2817 Ximeniiintegrum

2138 2845 2450 2915 'etabsque
2481 2842 2609 2896 ulla
2649 2838 3025 2895 substantiali
3056 2837 3382 2893 mutatione
3410 2837 3803 2909 perdurasse;

2152 2947 2263 2988 nec
2276 2929 2703 2986 eammducere
2716 2943 2889 2999 posse
2920 2925 3258 2981 festivitates
3286 2929 3605 2995 desumpta
3626 2940 3661 2980 a
3678 2939 3812 2979 car-

2156 3018 2339 3074 dinali
2360 3016 2630 3073 Ximonio
2662 3032 2731 3071 ex
2758 3016 2873 3070 ritu
2894 3015 3136 3086 antiquo
3148 3014 3447 3080 Toletano,
3481 3012 3654 3084 cujus
3676 3011 3812 3068 Mis-

2159 3107 2280 3163 sale
2314 3110 2517 3177 postea
2543 3103 2702 3175 typis
2728 3103 3037 3158 ediderunt
3076 3100 3410 3156 cardinales
3446 3100 3709 3156 Joannes
3740 3100 3814 3157 de

2157 3197 2401 3261 Tavera,
2422 3196 2479 3249 et
2490 3192 2763 3249 Martinez
2790 3191 3170 3258 Siliceo,ante
3194 3190 3622 3245 correctionem
3648 3190 3726 3246 Pii
3750 3191 3810 3246 V.

2231 3282 2605 3339 Psalmorum
2619 3295 2797 3335 usum
2810 3295 2948 3334 cum
2960 3284 3137 3334 canto
3152 3277 3815 3351 principio,et,jquando

2159 3371 2241 3428 illi
2253 3373 2389 3426 sunt
2400 3370 2699 3439 longiores
2709 3409 2722 3431 ,
2736 3384 2874 3423 cum
2886 3382 3079 3437 pausa
3092 3366 3407 3438 aliquoties
3420 3366 3575 3422 circa
3591 3366 3815 3423 medie-

2162 3457 2534 3532 tatem(quod
2550 3456 2889 3529 diapsalma
2900 3454 3287 3524 vocabant,ut
3298 3454 3523 3510 dictum
3538 3454 3816 3526 est),seta-

2163 3554 2220 3605 te
2239 3548 2427 3604 sancti
2455 3545 2659 3601 Isidori
2689 3544 2893 3611 fuisse,
2911 3542 3389 3615 sicutapparebit
3406 3542 3465 3598 in
3492 3541 3810 3615 szalterio,

2164 3638 2341 3710 prout
2365 3634 2427 3690 in
2452 3632 2827 3705 autographo
2849 3647 2886 3687 a
2913 3632 3091 3687 nobis
3119 3630 3275 3686 edito
3319 3633 3525 3694 exstat,
3559 3630 3817 3702 ipsemet

2166 3728 2407 3779 sanctus
2436 3722 2645 3777 doctor
2668 3719 3039 3775 demonstrat
3071 3717 3221 3787 (Lib.
3243 3717 3351 3773 Ide
3378 3718 3567 3774 divin.
3613 3718 3811 3787 ΘΗΜ,

2164 3827 2295 3881 cap.
2323 3816 2343 3865 l
2377 3809 2473 3883 δι,
2507 3809 2580 3865 de
2598 3808 2884 3877 spatmis),
2903 3807 2995 3862 his
3006 3805 3203 3861 verbis
3226 3822 3237 3861 :
3263 3808 3519 3875 Propter
3538 3808 3814 3863 carnales

2165 3906 2359 3956 autem
2380 3898 2441 3953 in
2456 3898 2749 3962 Ecclesia,
2762 3911 2878 3951 non
2888 3896 3486 3965 propterspirituales
3500 3901 3815 3953 consuetu-

2166 3989 2240 4044 do
2271 3993 2353 4044 est
2370 3988 2646 4043 instituta
2667 3986 2917 4042 canendi
2934 4000 2946 4049 ;
2962 3991 3025 4039 ut
3041 3983 3183 4055 quia
3198 3983 3382 4039 verbis
3401 3999 3514 4039 non
3536 3973 3820 4054 compun-

2164 4079 2411 4149 guntur,
2432 4076 2715 4130 suavitate
2730 4073 3153 4129 modulaminis
3166 4078 3534 4128 moveantur.
3547 4115 3559 4127 .
3570 4117 3585 4142 ,
3600 4088 3739 4129 nam
3756 4076 3821 4130 in

2168 4165 2312 4233 ipsis
2325 4163 2362 4234 (j
2374 4179 2448 4217 ux
2457 4167 2514 4218 ta
2525 4160 2946 4231 Augustinum)
2966 4160 3141 4215 dictis
3155 4160 3380 4215 sanctis
3408 4162 3744 4231 religiosius
3768 4167 3825 4218 et

2181 4250 2491 4306 ardentius
2507 4248 3013 4306 moventuranimi
3020 4248 3212 4303 nostri
3226 4248 3307 4303 ad
3317 4249 3621 4317 ﬂammam
3635 4250 3826 4319 pieta-

2172 4345 2247 4395 tis
2277 4354 2407 4394 cum
2425 4342 2913 4408 cantatur,quam
2934 4339 3104 4391 sinon
3118 4341 3417 4393 cantetur.
3448 4337 3657 4392 Omnes
3672 4353 3827 4395 enim

420 4425 1744 4502 perfectusest.Gothicusritusjuxtalsidorum
1760 4426 2066 4482 admodum
2102 4495 2135 4502 _
2173 4426 3170 4501 aﬂectusnostrﬂrursusIsidorus)
3192 4441 3294 4497 pro
3336 4442 3609 4483 sonorum
3638 4428 3829 4485 diver-

425 4517 633 4574 similis
662 4519 964 4581 Romano;
986 4514 1118 4570 loco
1140 4514 1299 4569 enim
1332 4514 1604 4586 superius
1629 4514 1806 4571 citato
1844 4514 2062 4587 inquit:
2099 4495 2144 4549 D
2174 4495 2367 4583 sitate,
2393 4517 2488 4573 vel
2498 4495 2779 4585 novitate,
2800 4517 2988 4572 nescio
3012 4531 3125 4587 qua
3153 4495 3385 4571 occulta
3405 4516 3827 4585 familiaritate

424 4607 653 4676 Septem
665 4620 784 4661 esse
793 4605 1017 4660 oration
1024 4617 1080 4659 es
1090 4603 1364 4672 sacriﬁcii
1375 4605 1717 4674 evangelica
1730 4604 2069 4673 apostolica-

430 4709 535 4765 que
559 4693 833 4748 doctrina
850 4691 1297 4756 commendatos,
1316 4695 1371 4746 et
1382 4692 1645 4748 eumdem
1657 4692 1841 4748 ritum
1861 4693 1923 4748 in
1936 4692 2070 4749 mis-

425 4796 495 4838 sa
512 4780 893 4838 Mozarabica
903 4779 1163 4836 videmus
1175 4778 1345 4835 hodie
1356 4780 1601 4835 servari.
1615 4780 1687 4834 1n
1701 4781 1921 4850 prima,
1940 4796 2072 4851 quae

428 4869 653 4926 dicitur
673 4884 852 4939 mssa,
872 4868 940 4937 ﬁt
952 4868 1277 4924 admonitio
1289 4868 1371 4924 ad
1377 4869 1656 4939 populum
1676 4886 1695 4939 ;
1711 4869 1770 4924 in
1786 4870 2069 4926 secunda.

429 4956 724 5013 invocatio
735 4971 830 5013 seu
842 4955 1178 5025 deprecatio
1189 4955 1269 5012 ad
1276 4956 1463 5012 Deum
1478 4957 1560 5022 ;in
1573 4957 1773 5023 tertia,
1786 4957 2073 5026 inscripta

410 5061 561 5118 _rosr
591 5059 821 5111 nonum,
831 5058 938 5114 pro
949 5042 1320 5113 oﬁ'erentibus
1339 5045 1605 5099 exoratio
1625 5045 1716 5108 ;in
1736 5051 1975 5115 quarta,
1993 5045 2073 5100 ad

425 5149 623 5207 pacem
647 5139 699 5189 et
716 5132 1003 5189 unitatem
1027 5132 1118 5195 ;in
1144 5132 1373 5203 quinta,
1396 5135 1738 5188 contestatio
1763 5148 1862 5191 seu
1880 5133 2072 5189 illatio

431 5237 535 5292 pro
563 5221 731 5278 donis
759 5219 1011 5289 acceptis
1036 5236 1049 5285 ;
1077 5220 1139 5275 in
1160 5225 1321 5276 sexta
1340 5235 1471 5275 rosr
1483 5234 1672 5277 parum
1698 5220 2075 5289 conformita-

434 5314 547 5367 tem
573 5324 705 5365 cum
729 5312 1101 5365 sacramento
1126 5323 1140 5373 ;
1168 5312 1232 5365 et
1255 5309 1319 5363 in
1343 5310 1610 5377 septima,
1654 5309 1735 5363 ad
1754 5310 2074 5365 orationem

435 5399 823 5455 Dominicam.
849 5398 930 5451 Ex
954 5394 1174 5467 quibus
1192 5410 1331 5451 cum
1360 5395 1642 5452 cardinali
1660 5399 1821 5453 Bona
1844 5412 1967 5453 non
1992 5396 2073 5453 le-

435 5484 582 5541 viter
592 5487 975 5543 autumamus
997 5482 1178 5539 ritum
1205 5482 1267 5539 in
1292 5482 1486 5540 Africa
1505 5486 1562 5540 et
1589 5483 1787 5540 Galliis
1818 5483 2077 5541 similem

412 5646 427 5668 ι
441 5569 619 5627 fuisse
630 5572 710 5627 illi
723 5572 900 5646 quiin
911 5570 1190 5644 Hispania
1200 5571 1596 5631 Mozarabicus
1607 5571 1801 5629 dictus
1812 5577 1898 5629 est
1913 5587 1926 5626 :
1941 5573 2077 5630 etde

2175 4607 2846 4677 excitanturmagis,cum
2856 4607 3016 4661 suavi
3024 4610 3077 4661 et
3090 4605 3399 4665 artiﬁciosa
3413 4620 3545 4662 voce
3557 4610 3827 4662 cantatur

2249 4697 2618 4767 Hymnorum
2646 4694 3009 4750 mentionem
3027 4692 3165 4749 facit
3189 4698 3431 4750 sanctus
3448 4693 3727 4750 doctorin
3741 4710 3827 4752 se-

2177 4783 2383 4856 quenti
2396 4783 2673 4856 §,primos
2686 4798 2894 4839 eorum
2906 4783 3325 4855 compositores
3337 4798 3670 4854 recensens,
3680 4782 3829 4840 Hila-

2177 4870 2336 4926 rium
2353 4871 2571 4928 scilicet
2613 4874 2964 4943 episcopum
3007 4870 3437 4927 Pictaviensem
3487 4870 3829 4944 eloquentia

2179 4960 2593 5031 conspicuum,
2615 4965 2673 5016 et
2694 4960 3077 5015 Ambrosium
3101 4958 3621 5029 Mediolanensem,
3655 4977 3830 5034 quem

2179 5048 2372 5103 virum
2403 5065 2637 5119 magnae
2677 5049 2950 5119 gloriaein
2975 5050 3202 5105 Christo
3220 5055 3409 5116 vocat,
3427 5049 3830 5107 clarissimum

2179 5135 2474 5191 doctorem
2489 5137 2548 5191 in
2562 5136 2902 5195 Ecclesia.et
2916 5138 2975 5191 in
2993 5137 3095 5207 huj
3108 5137 3334 5192 usmodi
3347 5137 3657 5192 carminum
3675 5152 3836 5193 com-

2180 5223 2469 5293 positione
2483 5224 2791 5295 copiosum
2805 5243 2824 5295 ;
2839 5231 3015 5295 atque
3029 5225 3266 5290 inde,ea:
3277 5227 3405 5294 ejus
3417 5225 3838 5296 nomine,hym-

2179 5311 2992 5382 niAmbrosianiappelantur
3009 5316 3080 5378 ;et
3097 5315 3221 5381 ejus
3232 5312 3590 5368 celebritatis
3604 5312 3676 5369 de
3689 5313 3835 5368 votio

2176 5398 2431 5469 primum
2457 5400 2520 5454 in
2544 5398 2807 5455 Ecclesia
2825 5399 3281 5467 Mediolanensi,
3297 5406 3497 5469 postea
3525 5416 3631 5473 per
3656 5401 3834 5457 totius

2186 5485 3835 5560 OccidentisEcclesiaobservatur.Nuncigiturlectorem

2183 5588 2510 5661 exoramus,
2527 5581 2589 5632 ut
2601 5575 2806 5635 oculos
2819 5574 2891 5634 ad
2904 5576 3155 5648 hymnos
3181 5578 3483 5649 praesentis
3495 5578 3637 5638 ritus
3650 5576 3832 5636 Isido-
