4118 6184
302 345 377 399 25
1211 329 1657 389 FRANCISCUS
1696 329 2052 388 ANTONIUS
2092 330 2515 390 LORENZANA
2554 336 2878 393 LECTORI.
3662 349 3734 403 26

300 466 457 523 riani
471 464 803 523 convertat,
821 456 1158 520 eteosdem,
1179 471 1334 529 quos
1351 458 1864 515 sanctuslsidorus
1880 474 1967 513 re-
1997 458 2041 511 A
2080 458 2296 514 etenim
2318 458 2380 515 in
2397 460 2558 517 calce
2573 463 2763 520 nostri
2780 462 3009 519 Codicis
3032 478 3154 519 non
3177 465 3375 522 solum
3399 468 3582 527 horas
3603 486 3731 529 ma-

304 556 419 613 fert
434 552 674 611 recitari
690 546 1019 621 comperiet
1041 564 1054 613 ;
1083 551 1140 601 et
1161 546 1209 601 si
1224 545 1325 602 alii
1346 545 1749 613 inveniuntur,
1776 563 1812 603 a
1834 551 1972 602 Pru-

306 646 521 701 dentio
544 644 825 714 Hispano,
854 636 957 709 qui
983 635 1185 691 ﬂoruit
1207 634 1427 690 saeculo
1453 650 1529 700 ιγ,
1557 635 1794 693 fuerunt
1814 652 1972 693 com-

311 734 521 808 pOSiti.

396 828 458 879 In
475 821 655 878 sancti
669 818 873 875 Jacobi
889 818 1122 889 hymno
1146 815 1423 870 undecim
1442 816 1699 887 apostoli
1718 820 1973 873 tantum-

322 912 490 967 modo
502 910 1011 976 enumerantur,et
1027 903 1259 960 silentio
1273 905 1631 971 auctor,sive
1648 906 1973 977 exscriptor

316 1001 505 1074 (quod
521 997 897 1055 verisimilius
909 998 1043 1067 est),
1061 997 1086 1051 J
1095 994 1280 1051 udam
1292 994 1657 1050 Thaddaaum
1675 996 1929 1067 praeterit
1956 1019 1967 1049 :

308 1090 523 1146 videsis
540 1087 862 1160 prologum
876 1084 1259 1157 expositionis
1271 1083 1330 1139 in
1344 1084 1769 1156 Apocalypsim
1783 1084 1970 1141 sancti

311 1180 473 1235 Beati
508 1176 907 1239 Liebanensis,
938 1189 1131 1246 nuper
1160 1189 1196 1229 a
1226 1176 1289 1229 Β.
1315 1176 1372 1228 Ρ.
1400 1174 1658 1229 Florezio
1688 1175 1746 1229 in
1776 1174 1970 1230 lucem

308 1266 624 1333 edithib.
638 1282 677 1320 ιι
700 1283 714 1331 ;
732 1280 843 1320 nec
863 1263 1061 1319 statim
1080 1277 1468 1334 expavescas,
1489 1262 1591 1317 sed
1606 1262 1804 1334 potius
1822 1265 1971 1319 anti-

312 1357 598 1427 quitatem
614 1354 826 1409 mirare
847 1372 859 1415 ;
876 1368 1014 1407 nam
1029 1352 1161 1406 licet
1175 1350 1638 1407 card.Ximenius
1653 1351 1712 1406 in
1727 1368 1968 1424 corpore

308 1445 520 1515 hymni
534 1444 696 1498 hunc
708 1441 1005 1496 defectum
1024 1440 1389 1511 suppleverit
1402 1440 1679 1495 addendo
1694 1446 1967 1497 sanctum

307 1531 707 1594 Thaddaeum,
728 1528 1117 1599 similiterque
1136 1530 1302 1582 Pater
1319 1527 1609 1582 Florezius
1627 1527 1684 1582 in
1700 1530 1966 1600 margine

310 1620 696 1675 adnotaverit
719 1619 845 1673 haec
876 1617 1059 1672 verba
1089 1618 1530 1672 Praylermissus
1568 1617 1759 1671 Judas
1774 1618 1966 1673 Thad-

304 1709 481 1765 decus
506 1727 519 1775 ;
541 1714 763 1773 tamen,
789 1708 835 1762 si
853 1706 1210 1777 conjecturis
1242 1705 1331 1762 fas
1352 1709 1458 1769 est,
1482 1706 1855 1775 ignorantiae,
1880 1708 1967 1762 ni-

304 1797 445 1852 mia:
464 1798 686 1869 pietati,
706 1802 763 1851 et
784 1794 1161 1867 exscriptoris
1178 1793 1320 1848 vitio
1334 1799 1597 1865 tempore
1620 1793 1962 1849 Mahumeti-

303 1902 391 1941 cas
406 1885 764 1958 captivitatis
777 1884 961 1940 debes
974 1888 1217 1948 vertere,
1233 1897 1354 1938 non
1372 1883 1629 1938 auctoris
1644 1899 1656 1946 ;
1673 1881 1766 1937 ille
1778 1883 1957 1950 enim,

302 1991 505 2030 errore
538 1979 773 2046 captus,
801 1973 997 2028 timuit
1018 1971 1121 2027 ubi
1137 1988 1255 2027 non
1268 1976 1394 2027 erat
1420 1971 1615 2035 timor,
1631 1987 1704 2027 ne
1718 1977 1958 2028 sanctus

295 2063 494 2119 Judas
524 2080 661 2118 cum
693 2062 976 2118 traditore
1002 2060 1482 2116 confunderetur.

376 2154 441 2207 In
456 2152 701 2224 praefato
713 2150 1145 2222 Psalteriojmicz'
1159 2165 1263 2220 pro
1280 2149 1447 2214 mihi,
1466 2150 1703 2205 macina
1719 2166 1825 2221 pro
1838 2165 1958 2206 ma-

293 2243 489 2297 china
511 2256 747 2312 semper
762 2239 1071 2309 scribitur;
1089 2238 1401 2311 aliquoties
1417 2238 1448 2292 b
1465 2254 1573 2309 pro
1600 2254 1652 2302 υ,
1672 2236 1760 2292 vel
1779 2254 1809 2294 e
1823 2254 1959 2294 con-

294 2336 414 2397 tra,
432 2330 608 2399 Josep
625 2344 734 2400 pro
748 2329 996 2397 Joseph;
1011 2328 1176 2396 Asap
1192 2342 1301 2399 pro
1318 2326 1543 2395 Asaph,
1566 2333 1832 2396 tropeum
1850 2343 1959 2399 pro

295 2419 662 2486 Imp/tarum,
690 2416 875 2473 etalia
890 2416 981 2471 his
1001 2415 1322 2481 simillima,
1346 2415 1849 2487 prietermittendo
1871 2432 1960 2472 as-

294 2508 661 2579 pirationem
682 2507 889 2561 litterae
916 2506 973 2571 h,
993 2506 1250 2577 reperies
1272 2518 1295 2575 ,'
1314 2509 1369 2560 et
1390 2505 1502 2560 hoc
1520 2504 1759 2560 evidens
1781 2512 1868 2562 est
1890 2506 1959 2561 si-

299 2611 497 2666 gnum
524 2594 785 2651 Gothica:
806 2593 1309 2666 pronuntiationis
1334 2598 1389 2648 et
1409 2593 1961 2665 scripturzc;lingua

296 2685 525 2739 etenim
544 2683 869 2739 vernacula
882 2682 1116 2737 illorum
1131 2682 1444 2752 gutturalis
1460 2698 1683 2751 magna
1700 2699 1837 2739 cum
1856 2683 1961 2739 dif-

297 2772 564 2828 ﬁcultate
596 2773 1077 2841 Latinoingenuo
1108 2770 1775 2827 sermoniassueﬁebat:
1811 2772 1959 2828 etob

296 2862 416 2917 hoc
444 2864 623 2917 rudes
654 2861 1048 2932 exscriptores
1091 2859 1414 2931 pervetusti
1443 2858 1589 2913 ritus
1634 2864 1961 2915 memorata

301 2950 495 3005 verba
535 2954 958 3021 apposuerunt,
984 2951 1045 3003 ut
1070 2948 1268 3003 videre
1299 2952 1384 3003 est
1409 2947 1469 3002 in
1513 2947 1641 3003 aliis
1689 2947 1958 3017 ejusdem

304 3039 495 3093 aetatis
524 3036 836 3092 Codicibus
860 3056 874 3107 ;
911 3041 967 3092 et
988 3052 1063 3091 ne
1093 3035 1521 3092 otfendiculum
1545 3036 1960 3092 sacerdotibus

297 3125 679 3182 Mozarabicis
703 3131 1058 3191 remaneret,
1092 3131 1355 3181 correcta
1395 3130 1533 3179 sunt
1563 3124 1623 3179 in
1674 3126 1956 3182 Psalterio
1989 3160 2028 3215 α

300 3213 555 3287 prtefata
582 3214 779 3270 verba.
1597 3263 1603 3269 .

366 3305 684 3365 Hucusque
696 3318 909 3358 omnes
922 3302 1166 3357 studiosi
1179 3302 1711 3366 solemnitates,seu
1726 3307 1955 3359 sancto-

292 3408 431 3447 rum
461 3391 825 3458 festivitates,
857 3406 1012 3463 quas
1045 3394 1241 3446 Patres
1287 3390 1513 3445 Golhici
1551 3390 1953 3461 celebrabant,

296 3479 643 3535 avidissime
657 3480 807 3535 scire
823 3479 1172 3551 cupiebant;
1193 3495 1262 3533 ex
1278 3478 1409 3550 ipso
1426 3479 1584 3533 enim
1604 3478 1901 3535 Breviario
1923 3496 1960 3536 a

298 3566 738 3623 card.Ximenio
757 3566 915 3640 typis
932 3574 1172 3623 exarato
1185 3566 1500 3638 decerpere
1514 3582 1635 3623 non
1648 3572 1921 3639 poterant
1942 3585 1954 3635 ;

300 3656 385 3711 ibi
399 3656 787 3721 invenitur,ut
804 3654 1305 3720 diximus,festum
1319 3656 1677 3712 sanctissimi
1692 3657 1961 3729 Corporis

306 3744 521 3800 Christi
554 3744 776 3800 saeculo
796 3760 899 3799 xm
922 3744 999 3800 ab
1022 3743 1260 3800 Urbano
1289 3744 1456 3809 lV,ad
1476 3744 1840 3801 abolendum
1865 3748 1963 3803 Be-

298 3833 561 3904 rengarii
593 3849 852 3889 errorem
878 3833 1212 3889 institutum
1244 3851 1256 3902 ;
1282 3833 1425 3889 inibi
1454 3833 1512 3889 in
1548 3833 1961 3891 festivitatibus

297 3936 409 3993 per
429 3934 661 3977 annum
684 3921 886 3993 plures
904 3922 963 3976 in
981 3920 1289 3976 communi
1307 3925 1650 3977 sanctorum
1663 3924 1963 3994 reperiun-

300 4015 398 4065 tur
422 4012 613 4065 sancti
640 4010 716 4065 de
736 4009 962 4082 quibus
982 4015 1248 4083 tempore
1271 4010 1597 4065 Gothorum
1622 4011 1960 4067 nullatenus

297 4098 568 4154 ofﬁcium
594 4098 777 4154 ﬁebat
802 4118 815 4165 ;
839 4099 962 4154 imo
984 4099 1234 4171 quidam
1256 4103 1392 4171 post
1413 4099 1600 4154 multa
1618 4100 1839 4156 saecula
1860 4101 1964 4157 ﬂo-

296 4195 549 4243 ruerunt
578 4204 592 4253 ;
620 4204 782 4243 nunc
808 4193 1010 4244 autem
1037 4204 1104 4244 ex
1124 4189 1475 4261 pervetustis
1498 4189 1718 4244 nostris
1745 4191 1965 4247 Codici-

294 4278 421 4332 bus
435 4292 578 4332 man
588 4277 863 4348 uscriptis
878 4277 1726 4343 secernunturfestivitates,de
1744 4280 1964 4353 quibus

300 4371 575 4438 tempore
604 4365 1062 4431 Gothorum,seu
1086 4366 1266 4438 paulo
1284 4372 1422 4422 ante
1441 4370 1778 4424 Maurorum
1800 4369 1963 4425 inva-

292 4456 540 4509 sionem
564 4454 856 4524 agebatur
881 4474 893 4524 ;
914 4455 1190 4527 facilique
1209 4457 1446 4525 negotio
1469 4457 1882 4528 percallebunt
1903 4458 1964 4514 id

291 4544 466 4615 quod
498 4544 825 4615 optabant:
855 4560 997 4599 nam
1026 4544 1234 4615 hymni
1256 4544 1316 4599 in
1337 4560 1586 4617 corpore
1609 4548 1881 4603 Breviarii
1908 4554 1964 4605 et

290 4633 677 4704 postcantica
690 4633 1231 4704 appositivetustati
1244 4634 1390 4689 ritus
1403 4650 1597 4690 omnes
1611 4642 1960 4708 congruunt;

292 4738 409 4777 nec
442 4721 621 4787 ullus,
652 4728 714 4777 ut
741 4727 931 4779 exstat
962 4724 1022 4777 in
1052 4723 1283 4791 Codice,
1314 4730 1399 4779 est
1426 4724 1879 4796 praetermissus;
1910 4732 1965 4784 et

291 4827 373 4866 ne
400 4810 675 4883 repetitio
697 4810 1002 4867 fastidium
1034 4817 1291 4882 generet,
1323 4814 1798 4884 quandohymni
1828 4820 1964 4871 sunt

291 4902 357 4955 in
371 4916 619 4971 corpore
636 4901 1004 4967 BreviariiJit
1016 4901 1286 4958 remissio
1299 4903 1371 4958 ad
1386 4903 1672 4974 propriam
1688 4905 1963 4962 festivita-

294 4996 415 5045 tem
446 5005 618 5053 ;nam
635 4989 837 5044 licetin
860 4989 1221 5061 quibusdam
1237 4992 1432 5047 verbis
1449 4991 1745 5064 discrepet
1770 4993 1961 5050 Editio

294 5078 464 5132 card.
498 5077 748 5132 Ximenii
771 5094 805 5132 a
836 5084 1037 5133 nostro
1065 5079 1273 5134 Codice
1307 5082 1428 5147 Ms.,
1464 5096 1597 5135 cum
1628 5081 1687 5135 in
1720 5081 1960 5137 modico

298 5173 585 5236 appareat
616 5166 960 5231 discrimen,
1004 5182 1125 5222 non
1157 5174 1243 5223 est
1266 5169 1426 5238 justa
1462 5184 1644 5224 causa
1675 5168 1956 5241 praefatos

298 5253 555 5324 hymnos
581 5255 937 5325 corrigendi.

370 5345 493 5399 Non
509 5344 638 5401 leve
651 5344 726 5400 ad
744 5344 1129 5401 asserendam
1144 5346 1330 5402 nostri
1351 5345 1579 5402 Codicis
1604 5351 1955 5403 vetustatem

293 5439 724 5503 argumentum
751 5434 1003 5503 insurgit
1016 5448 1087 5489 ex
1113 5449 1365 5490 numero
1383 5434 1656 5491 etordine
1670 5435 1954 5492 horarum

290 5523 729 5579 canonicarum
752 5522 829 5578 ad
847 5538 1000 5594 quas
1031 5527 1268 5596 aptatur
1292 5524 1576 5595 hymnus,
1611 5528 1666 5579 et
1687 5524 1953 5595 priorum

292 5610 568 5668 Ecclesia:
586 5608 947 5667 saeculorum
964 5610 1136 5668 nobis
1155 5613 1414 5683 speciem
1435 5611 1695 5669 referunt
1719 5632 1731 5681 ;
1755 5612 1954 5685 primo

2080 545 2302 603 tutinas
2329 553 2385 605 et
2411 548 2661 607 laudum
2692 552 2976 619 invenies,
3006 552 3111 608 sed
3141 552 3320 609 etiam
3360 557 3621 628 hymnos
3653 561 3732 617 ad

2080 636 2337 706 primam
2358 640 2549 695 noctis
2568 640 2833 711 vigiliam
2853 684 2866 708 ,
2884 642 2962 697 ad
2975 642 3114 710 galli
3136 647 3401 712 cantum,
3421 648 3584 719 quod
3606 654 3733 706 erat

2080 724 2233 781 circa
2260 727 2522 783 medium
2543 732 2750 797 noctis,
2772 736 2828 786 et
2844 730 3147 802 pullorum
3163 738 3592 807 cantum,quod
3607 744 3733 796 erat

2080 813 2233 870 circa
2265 824 2679 887 exsurgentem
2703 836 2984 876 auroram
3004 839 3021 892 ;
3045 821 3205 877 hunc
3233 824 3585 891 secundum,
3610 831 3731 884 uta

2080 903 2221 974 galli
2258 910 2435 961 cantu
2465 909 2679 965 mediae
2734 910 2925 966 noctis
2964 911 3384 980 discernerent,
3432 914 3730 986 hymnum

2081 994 2381 1066 pullorum
2414 1003 2621 1055 cantus
2650 1001 3054 1073 appellabant.

2150 1086 2397 1156 Insuper
2406 1085 2500 1141 his
2514 1088 2817 1145 addebant
2831 1089 2978 1145 alias
2992 1090 3261 1161 horas,ut
3283 1093 3603 1150 duodecim
3617 1095 3732 1151 diei

2078 1171 2139 1226 in
2155 1174 2335 1227 sacris
2352 1174 2593 1246 hymnis
2609 1178 2998 1247 transigerent
3008 1180 3028 1249 j
3042 1179 3356 1236 uxtaillam
3378 1183 3730 1240 Dominino-

2078 1260 2181 1314 stri
2204 1264 2341 1316 Jesu
2366 1263 2575 1318 Christi
2608 1266 2963 1322 sententiam
2988 1285 3001 1322 :
3027 1268 3239 1325 Nonne
3254 1270 3560 1327 duodecim
3588 1280 3727 1329 sunt

2078 1347 2235 1403 horae
2285 1350 2451 1406 diei?
2479 1357 2535 1405 et
2564 1352 2744 1408 aliam
2774 1354 3129 1426 parabolam
3176 1356 3389 1425 vineae,
3422 1357 3500 1413 ad
3544 1375 3729 1430 quam

2075 1436 2465 1494 excolendam
2478 1442 2783 1511 operarios
2796 1443 3208 1499 conduxitnon
3221 1443 3416 1500 solum
3431 1445 3500 1501 ad
3517 1446 3729 1503 horam

2074 1539 2321 1591 nonam,
2346 1528 2453 1582 sed
2467 1528 2647 1584 etiam
2660 1530 3046 1587 addecimam
3062 1537 3117 1587 et
3135 1533 3611 1605 undecimam,ut
3624 1536 3729 1591 mi-

2073 1612 2243 1669 nistri
2268 1616 2496 1671 Domini
2521 1618 3017 1675 meditarenturiu
3031 1619 3159 1689 lege
3176 1622 3305 1691 ejus
3326 1622 3421 1678 die
3444 1638 3513 1679 ac
3534 1629 3725 1688 nocte,

2073 1708 2129 1758 et
2149 1704 2330 1760 cultui
2348 1705 2550 1762 divino
2566 1714 2866 1765 vacarent.
2883 1709 2969 1765 Ob
2981 1710 3137 1765 hanc
3149 1711 3439 1767 rationem
3458 1713 3728 1784 perleges

1999 1807 2043 1861 Β
2073 1792 2333 1865 hymnos
2361 1795 2437 1850 ad
2469 1796 2609 1865 galli
2641 1802 2881 1853 cantum
2915 1800 3070 1854 circa
3101 1799 3362 1854 mediam
3390 1803 3731 1868 noctem,ad

2072 1880 2372 1951 pullorum
2386 1889 2628 1939 cantum
2648 1886 2803 1940 circa
2824 1885 3055 1942 initium
3075 1888 3368 1957 surgentis
3386 1890 3722 1956 auroree,ad

2070 1969 2327 2041 primam
2340 1971 2472 2027 Jam
2489 1973 2637 2029 lucis
2650 1981 2778 2031 orto
2789 1974 3082 2043 sidere,ad
3100 1978 3329 2032 tertiam
3346 1977 3503 2034 circa
3522 1979 3729 2035 horam

2068 2057 2185 2113 diei
2211 2074 2458 2126 nonam,
2481 2061 2557 2116 ad
2584 2068 2864 2134 quartam
2887 2063 3043 2119 circa
3063 2064 3277 2120 horam
3314 2065 3636 2135 decimam,
3653 2068 3732 2123 ad

2068 2153 2298 2204 sextam
2311 2149 2469 2207 circa
2481 2151 3001 2219 duodecimam,ad
3015 2154 3331 2226 septimam
3348 2155 3504 2212 circa
3515 2156 3729 2213 horam

2068 2238 2397 2295 secundam
2410 2243 2692 2313 vesperis,
2708 2242 2785 2297 ad
2804 2258 3029 2299 nonam
3044 2244 3200 2300 circa
3213 2245 3555 2313 tertiam,ad
3576 2246 3729 2303 deci“

2070 2343 2234 2382 mam
2261 2328 2418 2384 circa
2440 2332 2825 2401 quartam,ad
2846 2332 3226 2389 undecimam
3249 2334 3405 2390 circa
3425 2334 3720 2407 quintam,

2070 2414 2147 2471 ad
2160 2415 2583 2474 duodecimam
2596 2420 2751 2475 circa
2765 2421 3099 2489 sextam,ad
3111 2437 3390 2494 vesperas
3409 2424 3563 2479 circa
3578 2424 3723 2480 solis

2070 2520 2348 2561 occasum
2361 2511 2525 2562 .Ante
2538 2508 2977 2581 completorium
2992 2510 3170 2566 etiam
3184 2511 3444 2584 hymnus
3458 2528 3585 2567 cum
3599 2528 3722 2584 pre-

2070 2593 2241 2649 cibus
2265 2595 2625 2652 recitabatur
2644 2616 2656 2664 ;
2672 2597 2998 2671 etdenique
3015 2598 3094 2654 ad
3118 2600 3571 2672 completorium
3585 2618 3657 2657 an
3668 2606 3720 2657 te

2070 2685 2456 2752 somnum,ad
2480 2684 2818 2757 lectumque
2840 2687 3030 2757 parati
3047 2687 3435 2743 habitationes
3452 2706 3611 2761 aqua
3622 2689 3721 2745 be-

2069 2771 2306 2825 nedicta
2343 2771 2765 2841 aspergebant,
2801 2776 3107 2844 Deumque
3137 2774 3636 2844 deprecabantur,
3656 2780 3720 2831 ut

2069 2857 2275 2929 procul
2308 2858 2651 2913 recederent
2672 2859 2938 2914 noctium
2962 2862 3548 2930 phantasmata,cum
3572 2878 3719 2933 pace

2070 2946 2417 3011 dormirent,
2451 2962 2699 3017 corpora
2728 2964 2800 3003 ne
2832 2947 3252 3020 polluerentur,
3287 2954 3342 3005 et
3373 2949 3722 3020 evigilarent

2071 3051 2208 3090 cum
2243 3035 2493 3091 Christo.

2147 3123 2853 3196 Perpende,quaeso,hanc
2865 3124 2975 3182 diei
2988 3128 3289 3199 noctisque
3304 3145 3528 3185 sacram
3540 3130 3727 3187 distri-

2077 3212 2377 3269 butionem
2404 3229 2569 3268 :cum
2588 3213 2747 3269 horis
2766 3214 3067 3270 canonicis
3080 3216 3460 3289 confer,quas
3471 3224 3602 3290 post
3621 3235 3729 3275 sas-

2075 3300 2275 3356 culum
2290 3318 2345 3356 v1
2366 3301 2570 3357 ﬁdeles
2587 3301 3009 3375 observabant;
3026 3310 3394 3375 perscrutare
3408 3308 3730 3361 monacho-

2070 3404 2205 3443 rum
2230 3390 2477 3446 Orientis
2499 3392 3020 3455 consuetudinem,
3045 3407 3155 3446 nec
3182 3407 3301 3446 non
3324 3408 3429 3463 per
3449 3394 3726 3462 antiquas

2042 3504 2047 3509 ’
2072 3479 2419 3535 monasterii
2446 3478 2785 3540 Lirinensis,
2810 3484 2866 3534 et
2885 3478 3137 3533 aliorum
3161 3480 3605 3535 constitutiones
3632 3497 3644 3545 ;
3669 3486 3725 3538 et

2071 3584 2207 3622 cum
2234 3568 2294 3623 in
2327 3574 2531 3624 nostro
2560 3567 2803 3624 Gothico
2842 3567 2953 3622 ritu
2985 3566 3226 3633 videris,
3263 3584 3449 3640 apage
3480 3585 3724 3626 omnem

2070 3657 2418 3712 anxietatem
2433 3659 2501 3712 de
2518 3659 2645 3728 ejus
2662 3656 3566 3715 venerandacanitie.Potuerunt
3579 3675 3723 3715 sane

2070 3750 2403 3817 temporum
2419 3746 2631 3815 injuria
2649 3745 2918 3815 quaedam
2936 3744 3241 3801 membran
3251 3762 3393 3802 acea
3406 3746 3545 3802 folia
3559 3747 3725 3819 depe-

2071 3835 2211 3903 rire;
2234 3835 2416 3905 potuit
2440 3838 2774 3891 Maurorum
2798 3834 3048 3890 saevities
3063 3840 3118 3891 et
3133 3834 3443 3892 barbaries
3456 3838 3727 3907 permul-

2073 3928 2130 3979 ta
2161 3923 2481 3979 Gothorum
2511 3927 2904 3979 monumenta
2929 3922 3125 3978 delere
3149 3941 3161 3991 ;
3181 3924 3618 3995 exscriptorum
3641 3926 3724 3995 ig-

2073 4014 2348 4067 norantia
2376 4012 2560 4067 Latini
2579 4012 2871 4067 sermonis
2903 4011 3125 4067 menda
3145 4012 3476 4069 admiscere
3498 4015 3722 4084 potuit;

2073 4101 2175 4155 sed
2195 4100 2356 4156 nullo
2374 4100 2555 4156 modo
2575 4100 2815 4156 abolere
2832 4105 3431 4172 potueruntnostrum
3449 4102 3726 4158 Codicem

2073 4190 2551 4261 manuscriptuin
2580 4205 2850 4255 aureum,
2876 4204 2942 4244 ex
2968 4204 3089 4260 quo
3114 4195 3401 4261 tanquam
3431 4206 3497 4245 ex
3529 4206 3726 4259 ungue

2073 4279 2384 4348 conjicitur
2414 4278 2737 4349 antiquitas
2764 4276 2951 4332 nostri
2980 4276 3125 4332 ritus
3167 4277 3495 4344 lsidoriani,
3527 4279 3726 4334 adhuc

2073 4368 2499 4424 dominationis
2523 4367 2790 4422 Arabicae
2821 4372 3086 4439 tempore
3118 4367 3469 4439 transcripti,
3495 4368 3728 4423 hodier-

2074 4474 2220 4513 num
2252 4474 2442 4529 usque
2472 4456 2530 4511 in
2554 4455 2715 4511 diem
2741 4455 3048 4511 exstantis.

2147 4544 2449 4607 Nonnulli,
2485 4559 2681 4599 errore
2710 4543 2959 4615 decepti,
2996 4544 3247 4600 concilia
3273 4544 3552 4601 Toletana
3581 4548 3726 4601 tem-

2073 4635 2321 4707 poribus
2354 4632 2677 4689 Gothorum
2709 4632 3009 4689 celebrala
3039 4633 3237 4703 potius
3274 4635 3515 4691 comitia
3561 4633 3725 4703 regia

2073 4739 2257 4796 quam
2275 4722 2525 4778 concilia
2544 4720 2724 4776 fuisse
2746 4720 3053 4776 dixerunt:
3076 4737 3145 4776 eo
3168 4722 3719 4793 nixifundamento,

2073 4814 2214 4885 quia
2244 4811 2460 4883 saepius
2510 4826 2646 4865 cum
2685 4813 3099 4879 juramentum
3143 4810 3438 4866 tidelitatis
3477 4811 3721 4882 regibus

2073 4902 2268 4957 electis
2319 4899 2735 4972 praestabatur,
2776 4904 2899 4954 tum
2931 4899 3073 4972 quia
3103 4899 3403 4955 multoties
3452 4900 3523 4955 de
3556 4903 3722 4973 regni

2071 4990 2501 5061 gubernatione
2516 5004 2653 5043 cum
2666 5003 2803 5058 rege
2820 4993 2877 5043 et
2903 4988 3247 5059 proceribus
3260 4989 3551 5058 agebatur
3569 4991 3720 5061 ;jam

2069 5080 2359 5152 quoniam
2378 5095 2545 5149 reges
2562 5084 2619 5133 et
2635 5084 2947 5149 magnatas
2964 5095 3099 5133 cuin
3115 5079 3382 5135 Patribus
3400 5079 3722 5135 subscribe-

2070 5168 2209 5224 bant
2231 5185 2241 5231 ;
2259 5169 2385 5239 jam
2402 5169 2537 5239 quia
2555 5173 2776 5223 tomum
2788 5167 3007 5236 regium
3023 5172 3157 5223 ante
3174 5168 3396 5224 initium
3412 5166 3619 5240 synodi
3636 5164 3719 5218 of-

2066 5256 2335 5311 ferebant
2358 5256 2508 5326 ;jam
2526 5256 2785 5328 denique
2798 5257 3086 5329 quoniam
3103 5256 3405 5312 decretum
3420 5256 3491 5309 de
3504 5251 3717 5307 conﬁr-

2066 5345 2326 5400 matione
2339 5344 2569 5400 concilii
2581 5345 3093 5416 apponebant.Sed
3108 5344 3253 5400 nihil
3267 5345 3473 5398 horum
3490 5346 3609 5394 tam
3625 5355 3717 5396 sa-

2067 5434 2179 5489 cris
2194 5437 2418 5490 Patrum
2435 5434 2744 5490 Gothorum
2760 5436 3131 5500 cuetibus,aut
3146 5446 3323 5488 sacrae
3338 5444 3533 5483 eorum
3551 5427 3717 5487 litur-

2066 5523 2175 5594 gize
2189 5523 2852 5596 adversatur,prsecipue
2866 5538 3003 5578 cum
3017 5524 3248 5575 centum
3267 5521 3323 5572 et
3337 5517 3712 5591 septuaginta

2066 5628 2166 5668 sex
2197 5627 2458 5671 canones
2485 5628 2517 5669 e
2543 5612 2804 5670 conciliis
2824 5608 3134 5677 Toletanis,
3174 5609 3232 5663 et
3254 5609 3461 5665 sancto
3486 5608 3710 5668 Isidoro
