4118 6184
384 331 455 387 27
1294 325 1737 386 FRANCISCUS
1775 319 2127 381 ANTONIUS
2165 321 2585 382 LOBENZANA
2620 322 2946 384 LECTORI.
3725 331 3796 396 88

387 455 768 527 desumptos,
790 468 828 510 a
849 451 1126 509 Gratiano
1145 451 1422 510 collectos
1449 452 1653 525 palam
1673 449 1907 508 edoceri
1927 451 2033 505 Ec-
2060 446 2109 504 Α
2141 446 2376 506 sitatem
2415 449 2744 518 sermonis;
2777 455 2833 507 et
2856 447 3263 524 eamdemmet
3290 448 3352 512 in
3388 452 3594 516 nostra
3629 461 3796 520 auto-

386 543 571 602 clesia
614 545 886 600 Romana
926 540 1275 612 permiserit,
1306 541 1389 598 eis
1419 541 1827 598 auctoritatem
1858 553 2035 594 suam

385 631 793 704 impertiverit,
808 633 1018 686 etsuos
1032 627 1229 688 fecerit
1247 646 1260 696 ;
1277 628 1517 685 aliunde
1531 644 1668 685 cum
1694 628 1756 684 in
1779 625 2035 684 Ecclesia

386 735 614 781 novum
644 733 767 776 non
817 718 888 774 sit
937 717 998 774 in
1055 721 1289 776 Patrum
1333 717 1583 790 synodis
1617 733 1689 774 ex
1734 716 2035 772 voluntate

388 808 729 881 principum
743 807 926 864 sacris
939 807 1268 866 admiscere
1279 807 1578 879 quasdam
1593 805 1864 879 publicas
1874 806 2034 863 ordi—

386 899 681 965 nationes,
712 897 806 954 haa
825 897 1153 968 praesertim
1177 896 1377 954 locum
1398 897 1785 954 habebantin
1806 896 2036 954 electio-

387 986 564 1041 nibus
600 1001 811 1056 regum
835 985 1180 1056 Gothorum,
1222 990 1283 1042 ut
1314 986 1733 1058 episcoporum
1759 985 2034 1057 exemplo

385 1075 581 1134 caeteri
632 1073 876 1131 vassalli
940 1073 1308 1146 principibus
1363 1074 1646 1132 libentius
1701 1077 1756 1131 et
1805 1073 2033 1129 facilius

385 1162 715 1232 obcdirent,
734 1163 956 1235 riteque
972 1161 1188 1220 factam
1216 1162 1563 1221 electionem
1586 1166 1710 1220 tuto
1727 1166 1781 1218 et
1795 1178 1905 1235 pro
1925 1177 2033 1234 pa-

384 1251 508 1307 tulo
535 1251 862 1310 faterentur
883 1269 899 1321 ;
924 1250 1206 1322 idemque
1222 1251 1284 1307 in
1313 1251 1576 1324 antiquis
1593 1250 2033 1324 pontiﬁcalibus

385 1342 441 1400 et
469 1338 908 1411 Capitularibus
935 1338 1123 1396 Caroli
1152 1339 1346 1411 Magni
1371 1339 1661 1396 videmus.

456 1433 519 1486 In
531 1430 713 1500 hujus
723 1429 807 1486 rei
829 1429 1075 1485 evidens
1094 1435 1514 1500 argumentum
1536 1446 1606 1486 ea
1617 1433 1744 1486 erat
1773 1429 1924 1486 inter
1943 1445 2034 1486 sa-

385 1517 714 1574 cerdotium
745 1521 802 1574 et
828 1518 1147 1589 imperium
1179 1518 1519 1586 concordia,
1542 1524 1603 1573 ut
1625 1521 1846 1574 statuta
1861 1523 2031 1574 etsa-

385 1619 499 1661 crm
529 1620 739 1676 preces
767 1605 919 1661 miro
949 1605 1172 1663 foedere
1206 1609 1523 1678 utramque
1551 1611 1912 1678 potestatem
1938 1622 2032 1662 co-

383 1693 687 1765 pularentE;
704 1693 840 1750 ideo
863 1693 1076 1764 hymni
1095 1693 1156 1750 in
1174 1695 1555 1752 ordinatione
1573 1701 1626 1750 et
1643 1696 1923 1751 natalitio
1942 1711 2030 1752 re-

2141 539 2374 610 grapho
2405 542 2502 596 Ms.
2528 539 2606 596 ad
2637 538 2994 596 divisionem
3023 542 3470 617 tractatustseu
3497 545 3636 602 ante
3683 544 3794 606 ini-

2140 627 2294 684 tium
2319 628 2551 686 numeri
2573 628 2966 699 psalmorum,
2994 628 3282 700 invenies.

2212 714 2336 770 Alia
2380 715 2735 787 conspicitur
2781 723 2924 771 nota
2977 715 3388 786 hujuscemodi
3445 716 3648 788 ﬁguras
3701 704 3788 788 Η,

2141 820 2322 876 quam
2344 804 2694 863 denominat
2721 805 3114 878 Phietro,quaa
3138 807 3379 876 ponitur
3407 807 3486 864 ad
3498 808 3786 868 denotan-

2140 892 2284 948 dam
2299 892 2756 952 sollicitudinem
2769 893 3114 967 ubijaliquid
3126 893 3502 956 obscuritatis
3515 903 3684 963 est;et
3695 913 3789 958 ea-

2140 979 2279 1036 dem
2310 981 2439 1053 ipsa
2471 982 2796 1055 aliquando
2822 981 3061 1042 modica
3100 983 3429 1041 mutatione
3467 984 3529 1046 in
3584 991 3787 1051 nostra

2141 1071 2516 1142 autographa
2553 1075 2656 1130 Ms.
2685 1071 2944 1144 ponitur.

2212 1160 2431 1214 Cantus
2451 1159 2678 1233 absque
2705 1160 2866 1216 clave
2909 1163 2968 1218 et
2994 1159 3166 1216 lineis
3202 1160 3494 1222 hodierno
3522 1166 3788 1236 tempore

2138 1246 2476 1312 inusitatus,
2506 1248 2588 1304 sic
2617 1249 2677 1306 in
2707 1252 2914 1320 nostra
2955 1250 3331 1322 autographa
3357 1255 3607 1323 apparet
3643 1253 3787 1312 solis

2140 1339 2421 1394 constans
2444 1337 2689 1396 musicae
2709 1337 2970 1410 punctis,
2998 1353 3132 1409 qum
3159 1338 3481 1401 distinctim
3509 1345 3565 1397 et
3587 1344 3787 1412 aperte

2133 1424 2306 1496 juxta
2318 1425 2602 1482 lsidorum
2614 1425 3178 1496 dignoscebanturin
3195 1426 3378 1484 tribus
3390 1428 3649 1500 partibus
3668 1446 3786 1485 mu-

2139 1514 2294 1578 sicae,
2325 1514 2545 1570 scilicet
2569 1515 3324 1586 harmonica,rythmica,et
3340 1517 3597 1586 metrica.
3617 1516 3784 1584 Quod

2139 1601 2217 1658 ad
2245 1601 2660 1664 harmonicam
2688 1602 2960 1674 pertinet,
2995 1603 3122 1661 haec
3151 1603 3230 1660 ad
3269 1620 3479 1668 omnes
3511 1605 3616 1676 qui
3641 1619 3786 1661 voce

2138 1689 2386 1762 propria
2415 1697 2725 1750 canuntex
2747 1690 2949 1746 animo
2980 1693 3036 1746 et
3063 1689 3277 1762 ardore
3306 1696 3538 1756 motum
3554 1691 3713 1763 facit,
3734 1695 3790 1749 et

380 1780 494 1850 gis,
509 1781 582 1838 de
588 1783 2034 1854 profectioneexercitus,quiusqueinreversionem
2061 1791 2106 1847 B
2140 1793 2213 1834 ex
2235 1782 2398 1838 motu
2422 1794 2673 1836 sonum:
2706 1781 2899 1842 Tenus
2915 1784 3116 1836 autem
3143 1780 3473 1839 secundum
3497 1780 3789 1842 Isidorum

381 1870 586 1930 diebus
605 1871 960 1928 litaniarum
973 1871 1138 1928 dicen
1146 1871 1250 1927 dus
1267 1877 1369 1936 est,
1385 1871 1522 1928 item
1537 1887 1640 1941 pro
1654 1873 1822 1928 varia
1839 1873 2028 1938 clade,

380 1958 771 2016 vetustissimi
789 1964 949 2024 sunt,
979 1958 1301 2018 Gothorum
1323 1960 1548 2032 proprii
1573 1964 1722 2027 {nec
1743 1959 1898 2017 ullus
1927 1961 2033 2032 qui

382 2060 485 2102 eos
512 2045 718 2116 legerit
751 2046 984 2104 inficias
1021 2047 1168 2117 ibit;
1194 2051 1250 2105 et
1272 2063 1347 2104 ne
1370 2048 1714 2117 ambigendi
1738 2048 2031 2121 relinque-

379 2137 541 2194 retur
569 2135 822 2202 occasio,
870 2136 1030 2208 typis
1063 2136 1195 2199 illas
1241 2137 1614 2203 exaudimus,
1660 2138 1895 2195 Utinam
1931 2138 2031 2194 Al-

340 2251 344 2256 »
378 2223 650 2294 pbonsus
676 2224 923 2284 Ortizius
955 2225 1040 2282 sic
1069 2224 1318 2296 fecisset,
1355 2229 1416 2286 ut
1447 2225 1644 2288 omnis
1669 2226 1893 2284 nebula
1923 2225 2032 2282 du-

378 2310 615 2373 bietatis
641 2311 994 2384 dispararet.

451 2401 641 2465 Quam
664 2399 991 2471 plurimum
1018 2400 1270 2460 desudat
1299 2401 1607 2471 ingenium
1637 2405 1695 2458 P.
1731 2401 1945 2460 Florezi
1969 2401 2030 2457 in

381 2487 760 2546 vindicandis
789 2493 1050 2562 quatuor
1089 2489 1356 2546 versibus
1398 2490 1609 2562 gymni
1646 2490 1833 2548 sancti
1866 2490 2029 2562 Tyrsi

378 2577 747 2636 mentionem
774 2577 1130 2639 facientibus
1161 2579 1425 2651 episcopi
1457 2578 1696 2637 Cixillas.
1729 2581 1837 2633 Pro
1872 2583 2030 2635 certo

380 2665 665 2737 supponit
676 2681 779 2722 eos
792 2666 854 2722 in
865 2667 1286 2726 vetustioribus
1299 2669 1430 2736 uss.
1441 2666 1734 2722 Toletanis
1749 2665 1992 2737 reperiri
2011 2683 2024 2731 ;

378 2756 435 2808 et
465 2768 541 2810 ne
567 2753 706 2826 quis
731 2753 791 2814 in
803 2759 1111 2825 posterum
1125 2754 1477 2825 decipiatur,
1495 2753 2028 2810 animadvertimus

376 2838 437 2898 in
469 2841 689 2902 nostris
715 2843 846 2900 Mss.
879 2842 1164 2914 (quorum
1202 2857 1361 2913 saepe
1400 2841 1808 2911 meminimus)
1837 2839 2028 2898 nulla-

376 2931 549 2990 tenus
578 2928 680 2986 illa
701 2929 952 2990 inveniri
981 2930 1165 2986 verba
1201 2948 1215 2985 :

558 3016 836 3077 Templum
868 3017 986 3072 hoc,
1016 3018 1257 3071 Domine,
1287 3015 1470 3064 Cixilla
1496 3015 1752 3073 condidit,

563 3077 788 3139 Dignam
813 3077 896 3125 hic
927 3077 1119 3126 habeat
1141 3082 1337 3137 sortem
1359 3098 1371 3136 ;

561 3137 618 3202 l_n
636 3137 837 3202 caetera
860 3141 981 3188 cum
1018 3141 1242 3188 summis
1268 3139 1470 3188 civibus
1501 3141 1706 3188 cantica
1749 3140 2022 3202 praecinet,

558 3200 808 3260 Gaudeas
834 3203 1105 3264 perpetuis
1131 3201 1341 3252 saeculis
1358 3203 1644 3252 omnibus.

444 3280 527 3340 Ex
555 3279 671 3344 hoc
700 3281 938 3340 vinculo
966 3281 1148 3358 lector
1186 3281 1414 3342 solutus
1445 3297 1566 3338 non
1585 3281 1850 3351 egetalto
1871 3283 2023 3341 testi-

373 3367 598 3439 monio,
635 3372 699 3432 ut
727 3370 912 3444 nostri
949 3372 1097 3428 ritus
1121 3370 1429 3430 veritatem
1451 3374 1708 3438 astruat;
1730 3375 1786 3430 et
1809 3387 2022 3444 quam-

371 3456 462 3512 vis
494 3455 814 3518 cardinalis
847 3458 1132 3518 Baronius
1160 3458 1321 3516 hunc
1352 3464 1624 3520 sanctum
1655 3463 1906 3531 Tyrsum
1931 3475 2024 3521 as-

374 3543 568 3614 siguet
587 3544 665 3600 ad
691 3545 850 3610 diem
871 3549 940 3606 24
967 3547 1256 3613 Januarii,
1286 3553 1351 3608 ut
1374 3549 1573 3608 videre
1599 3554 1686 3606 est
1703 3548 1759 3608 in
1778 3549 2022 3606 notisad

371 3633 854 3705 Martyrologium
893 3635 1074 3704 hujus
1104 3636 1240 3701 diei,
1283 3636 1671 3704 nihilominus
1710 3637 1771 3696 in
1815 3643 2020 3698 nostra

371 3724 471 3779 Ms.
501 3725 556 3782 et
583 3720 781 3778 ofﬁcio
807 3723 1050 3782 Gothico
1076 3724 1305 3786 obtinet
1331 3725 1528 3785 locum
1555 3726 1615 3796 in
1646 3727 1742 3784 die
1765 3731 1832 3788 28
1875 3743 2022 3798 prte-

370 3809 513 3876 dicli
551 3811 802 3877 mansio,
835 3828 956 3884 quo
993 3813 1174 3874 etiam
1222 3815 1290 3872 ﬁt
1330 3816 1550 3878 mentio
1599 3817 1785 3876 sancti
1827 3817 2023 3876 Leucii

370 3904 571 3966 mart.,
608 3900 878 3971 ejusdem
909 3903 1099 3961 sancti
1149 3903 1321 3974 Tyrsi
1361 3904 1421 3963 in
1452 3905 1730 3976 passione
1762 3906 1927 3973 socii,
1961 3911 2024 3962 ut

373 3993 624 4060 apparet
653 4005 725 4047 ex
753 3989 1006 4062 hymno.

440 4077 732 4134 Versatiin
762 4077 1014 4139 lectione
1039 4095 1288 4151 operum
1322 4080 1512 4138 sancti
1533 4081 2024 4148 Isidori,ibitesti-

370 4166 645 4228 monium
667 4167 797 4237 ejus
837 4168 1144 4240 sapientiae
1165 4169 1552 4234 invenient,et
1575 4187 1752 4230 omne
1769 4172 2020 4230 dubium

370 4271 513 4326 erga.
534 4261 806 4313 nostrum
819 4256 996 4314 ritum
1015 4259 1468 4327 etomnigenam
1488 4260 1615 4330 ejus
1633 4261 2023 4319 eruditionem

373 4348 716 4402 evanescet:
747 4345 822 4402 de
837 4347 1065 4406 artibus
1090 4346 1441 4406 liberalibus
1458 4353 1522 4404 ut
1543 4349 1865 4421 sapientior
1885 4366 2024 4406 neo-

374 4434 589 4489 tericus
618 4435 753 4503 egit,
783 4434 834 4488 ei
873 4434 947 4490 de
973 4434 1185 4492 ofﬁciis
1208 4437 1616 4494 ecclesiasticis
1632 4439 1802 4508 juxta
1839 4455 2023 4500 aurea

373 4521 571 4599 prima
599 4525 1006 4582 Romanorum
1044 4524 1301 4593 saecula;
1340 4525 1624 4586 idemmet
1660 4532 1726 4584 ut
1769 4527 2023 4584 vicarius

378 4611 741 4682 apostolicus
762 4612 973 4671 concil.
1006 4613 1290 4674 nationali
1318 4613 1599 4674 Toletana
1630 4632 1688 4670 iv
1709 4615 2018 4688 praesedit;

378 4703 433 4755 et
452 4699 548 4755 his
579 4700 1015 4770 egregiisfactis
1038 4702 1385 4761 incredibile
1417 4703 1878 4775 esteloquentia
1907 4703 2024 4760 ﬂu-

376 4803 514 4850 men
552 4789 614 4844 in
645 4805 854 4848 omnes
883 4806 1006 4846 non
1037 4790 1371 4862 diffudisse,
1396 4792 1722 4864 prtesertim
1747 4792 1904 4851 circa
1929 4808 2023 4849 sa-

376 4891 542 4936 cram
571 4877 870 4947 liturgiam
909 4884 966 4935 et
989 4879 1192 4950 divina
1222 4879 1420 4940 ofﬁcia
1448 4879 1806 4940 ordinanda.

444 4967 511 5026 In
541 4967 914 5038 autographa
937 4968 1364 5041 manuscripto,
1389 4968 1552 5040 quod
1575 4984 1696 5040 prie
1719 4967 1905 5026 oculis
1924 4969 2027 5026 ha-

371 5053 584 5118 bemus
624 5055 701 5110 ad
745 5056 1077 5114 Editionem
1111 5057 1290 5128 hujus
1348 5057 1649 5123 Breviarii,
1702 5057 1875 5126 signa
1902 5074 2024 5118 non

371 5142 630 5218 obscura
653 5143 832 5215 hujus
861 5145 945 5201 rei
977 5153 1295 5216 apparent;
1319 5144 1774 5216 indigitabimus
1799 5145 2021 5218 aliqua,

371 5235 438 5295 ut
467 5237 816 5296 caaterorum
849 5232 1176 5293 similitudo
1205 5249 1341 5290 cum
1379 5234 1494 5295 ritu
1542 5249 1678 5289 vere
1717 5239 1774 5290 et
1817 5236 2026 5292 merito

372 5321 702 5382 lsidariano
715 5325 1058 5392 nuncupata
1075 5319 1272 5392 possit
1286 5321 1687 5391 cognosci.Sic
1699 5322 1934 5391 primum
1953 5324 2025 5379 ad

375 5408 789 5474 denotandum
820 5408 1290 5480 paragraphum,
1321 5414 1382 5470 ut
1407 5425 1500 5468 res
1529 5426 1565 5464 a
1594 5410 1773 5466 rebus
1803 5428 1936 5484 quae
1968 5412 2023 5468 in

378 5513 652 5560 connexa
692 5503 1056 5561 concurrunt
1085 5499 1583 5569 separentur,hsec
1601 5505 1806 5569 notaj1
1832 5517 2024 5572 upr-

379 5583 541 5668 nitur
565 5599 602 5642 ε.
633 5589 840 5653 sancto
866 5585 1114 5662 Isidoro.
1140 5600 1273 5658 cap.
1292 5589 1390 5655 20.;
1406 5586 1822 5657 denetetcnim
1837 5587 2023 5653 diver-

2140 1866 2247 1924 lib.
2274 1872 2336 1936 ll)
2364 1867 2638 1939 Etymol.,
2669 1883 2798 1940 cap.
2825 1871 2914 1933 22,
2942 1873 3026 1926 est
3047 1873 3226 1928 acuta
3247 1870 3580 1936 enuntiatio
3611 1870 3785 1936 vocis,

2143 1955 2472 2014 harmoniae
2502 1956 2844 2025 (ii/ferentia
2869 1962 2922 2012 et
2948 1958 3412 2028 quantitas,quse
3427 1958 3490 2012 in
3519 1960 3676 2014 vocis
3697 1972 3789 2014 ac-

2141 2050 2315 2100 centu
2345 2045 2434 2099 vel
2464 2051 2666 2104 tenore
2691 2045 2952 2104 consistit
2980 2061 2994 2110 ;
3023 2047 3196 2114 cujus
3221 2060 3433 2115 genera
3453 2047 3517 2101 in
3543 2047 3791 2117 quinde-

2141 2133 2463 2201 cimpartes
2483 2133 2696 2190 musici
2704 2133 3136 2198 divisemnt,ez
3159 2133 3371 2204 quibus
3403 2134 3787 2204 hypertydz‘us

2139 2223 2489 2280 novissimus
2505 2228 2558 2278 et
2575 2224 2969 2298 acutissimus,
2994 2223 3346 2293 hypodorius
3357 2223 3622 2290 omnium
3651 2239 3788 2293 gra-

2141 2310 2412 2368 vissimus
2432 2315 2532 2370 est.
2564 2310 2789 2368 Cantus
2815 2311 3107 2380 estigitur
3123 2313 3280 2370 vocis
3300 2312 3472 2382 juxta
3497 2311 3734 2383 regulas
3749 2327 3787 2368 a

2141 2401 2349 2456 sancto
2382 2397 2599 2454 lsidoro
2629 2399 2893 2469 positas;
2925 2413 3067 2458 nam
3099 2413 3282 2456 sonus
3311 2398 3570 2468 directus
3601 2402 3787 2469 est,et

2139 2500 2322 2542 sonus
2348 2485 2629 2556 prtecedit
2667 2490 2929 2542 cantum.

2209 2577 2335 2630 Non
2351 2574 2571 2632 latebat
2584 2580 2856 2631 sanctum
2873 2575 3181 2632 doctorem
3206 2575 3356 2639 inter
3371 2592 3547 2634 voces
3567 2592 3784 2644 suaves

2136 2666 2192 2720 et
2221 2663 2476 2735 pingues
2505 2663 2863 2729 differentia;
2889 2663 3138 2720 miriﬁce
3155 2663 3314 2722 enim
3337 2664 3544 2722 deﬁnit
3570 2682 3784 2724 vocem

2135 2758 2394 2817 acutam,
2424 2758 2684 2819 tenuem,
2716 2752 2916 2820 altam,
2946 2752 3184 2820 duram,
3213 2768 3510 2824 asperam,
3536 2770 3782 2818 caacam,

2134 2839 2504 2896 vinnalatam
2535 2844 2592 2895 et
2636 2840 2978 2912 perfectam,
3012 2855 3147 2912 qua:
3187 2844 3274 2898 est
3300 2840 3439 2906 alta,
3469 2843 3696 2908 suavis,
3729 2847 3787 2898 et

2135 2925 2295 2983 clara
2329 2943 2342 2982 :
2374 2926 2512 2992 alta,
2542 2930 2606 2981 ut
2632 2926 2691 2984 in
2719 2927 2974 2984 sublime
3008 2927 3265 2994 sufﬁciat
3289 2947 3302 2996 ;
3327 2928 3505 2996 clara,
3524 2935 3588 2986 ut
3608 2945 3787 2992 aures

2134 3013 2454 3084 impleat,et
2471 3013 2764 3079 suavis,ut
2789 3013 3160 3080 audientium
3192 3015 3404 3076 animis
3424 3015 3784 3078 blandiatur.

2055 3135 2096 3191 ε
2201 3103 2288 3158 Ad
2319 3101 2762 3171 dignoscendos
2789 3103 3052 3170 musicos
3079 3118 3365 3162 numeros
3380 3103 3677 3176 quasdam
3699 3119 3788 3160 re-

2135 3191 2306 3260 gulas
2338 3191 2735 3246 arithmeticas
2758 3190 2926 3246 aﬂ‘ert
2944 3196 3185 3246 sanctus
3208 3191 3623 3264 lsidorus,quaa
3639 3193 3787 3263 peri-

2135 3279 2360 3338 tissimo
2390 3279 2452 3336 in
2475 3279 2730 3344 musices
2748 3283 2872 3335 arte
2893 3279 3071 3342 hodie
3094 3279 3466 3336 arridebunt.
3490 3281 3784 3345 Numeros

2132 3368 2237 3438 (ait
2263 3367 2366 3424 lib.
2391 3369 2658 3439 cit.,'cap.
2681 3368 2774 3438 23)
2795 3369 3115 3426 secundum
3133 3369 3419 3434 musicam
3434 3369 3517 3426 ita
3538 3385 3780 3440 quaties.

2132 3457 2346 3518 Positis
2361 3459 2654 3522 extremis,
2684 3463 2746 3512 ut
2759 3464 2906 3526 puta
2925 3462 2956 3512 6
2970 3463 3022 3514 et
3041 3461 3102 3518 l2
3113 3456 3287 3522 ,vides
3298 3464 3426 3528 quot
3439 3457 3782 3525 mantelibus

2130 3553 2446 3615 superetur
2461 3550 2491 3601 6
2516 3561 2552 3606 a
2579 3550 2660 3612 12,
2690 3552 2744 3602 et
2765 3552 2847 3604 est
2867 3550 2898 3602 6
2919 3546 3273 3616 manantibus
3295 3565 3310 3614 ;
3338 3547 3506 3614 duci;
3519 3563 3623 3616 per.
3643 3563 3781 3618 qua-

2130 3635 2574 3711 dratum,sexies
2585 3638 2713 3695 seni
2719 3637 2958 3705 faciunt
2972 3640 3057 3694 36.
3069 3635 3381 3706 Coniungit:
3392 3641 3658 3700 extrema
3672 3637 3781 3694 illa

2129 3726 2325 3794 prima
2348 3729 2379 3780 6
2410 3741 2480 3786 ac
2506 3728 2592 3794 t2,
2614 3726 2793 3784 simul
2813 3724 3087 3796 efﬁciunt
3105 3726 3188 3788 18.
3206 3726 3457 3789 Partim
3475 3729 3541 3786 36
3559 3740 3669 3794 per
3694 3729 3779 3784 t8.

2131 3815 2391 3886 efﬁcitur
2432 3814 2775 3884 dipondius.
2795 3815 3128 3884 Hasjungis
3150 3829 3276 3876 cum
3294 3829 3518 3876 summa
3532 3813 3778 3879 minare,

2131 3903 2617 3968 scilicet,6,erunt
2649 3905 2702 3970 8,
2735 3909 2788 3958 et
2811 3902 2922 3960 erit
2951 3902 3204 3964 medium
3229 3903 3387 3962 inter
3411 3905 3441 3958 6
3467 3909 3518 3958 et
3553 3902 3783 3967 12.11290-

2131 3997 2335 4060 pterea
2355 3991 2502 4061 quod
2529 3993 2563 4046 8
2584 3996 2870 4059 superant
2893 3994 2923 4046 6
2955 3990 3181 4051 duabus
3197 3988 3566 4058 monadibus,
3592 3990 3657 4046 id
3679 3998 3782 4058 est,

2133 4082 2305 4140 tertia
2328 4080 2400 4136 de
2416 4087 2593 4145 semet
2610 4082 2969 4148 superantur
2984 4083 3014 4138 8
3027 4094 3064 4135 a
3093 4083 3152 4136 t2
3165 4083 3420 4150 quatuor
3434 4079 3784 4142 monadibus

2134 4171 2308 4230 tertia
2331 4170 2622 4238 partione.
2649 4167 2775 4234 Qua
2791 4174 3115 4237 parteergo
3134 4167 3604 4236 superat.eadem
3617 4183 3784 4237 supe-

2133 4265 2324 4318 ratur.
2359 4257 2508 4322 Quin
2527 4255 2679 4318 ultra
2701 4255 3062 4319 fatescimus,
3087 4256 3134 4310 si
3159 4254 3478 4320 lectoribus
3501 4260 3666 4328 patet
3685 4256 3783 4316 via

2131 4350 2197 4404 ut
2224 4345 2512 4402 rimentur
2542 4342 2868 4406 sententias
2901 4341 3098 4406 lsidori
3118 4342 3145 4397 ‘2

2205 4433 2535 4497 Concordia
2563 4447 2811 4502 operum
2841 4432 3031 4494 sancti
3050 4431 3263 4498 Isidari
3290 4448 3419 4488 cum
3445 4432 3560 4490 hoc
3575 4434 3782 4498 nostra

2135 4523 2429 4584 Breviario
2459 4521 2719 4582 maxime
2746 4521 2934 4587 elucet
2979 4521 3038 4578 in
3075 4521 3463 4593 inscriptione
3511 4521 3780 4592 lectionis

2129 4611 2680 4682 Ecclesiastici,qua3
2698 4611 2756 4672 in
2779 4610 3070 4667 Breviario
3086 4610 3243 4670 hanc
3264 4609 3651 4683 epigraphem
3673 4609 3779 4673 ba-

2129 4701 2260 4758 bet:
2281 4701 2471 4757 Lectio
2485 4700 2996 4764 lib.Ecclesiastici
3011 4699 3340 4764 Salomonis
3361 4716 3374 4766 ;
3394 4705 3596 4764 etcum
3613 4698 3779 4771 apud

2133 4803 2344 4850 omnes
2363 4791 2588 4844 constet
2602 4787 2820 4844 librum
2837 4785 3220 4850 Ecclesiastici
3239 4802 3275 4842 a
3289 4786 3559 4846 Jesuﬁlio
3577 4787 3783 4844 Sirach

2135 4876 2739 4949 Hierosolymitaman
2757 4892 2896 4938 vero
2909 4875 3272 4942 aSalomone
3284 4876 3467 4942 fuisse
3485 4875 3782 4950 composi-

2135 4967 2487 5036 tum,statim
2510 4965 2830 5028 difﬁcultas
2848 4965 3100 5036 insurgit
3118 4982 3131 5022 ε
3147 4965 3455 5039 quomodo
3472 4966 3555 5028 sic
3571 4966 3631 5034 in
3657 4967 3786 5032 Bre-

2133 5056 2321 5122 viaria
2346 5055 2710 5124 indigitatur.
2734 5055 2818 5110 Ad
2838 5069 2990 5126 quos
3014 5053 3335 5126 respondet
3351 5053 3786 5122 sanctuslsido-

2134 5162 2256 5210 rus,
2279 5144 2382 5206 lib.
2425 5145 2852 5204 Prommiorum
2871 5143 3088 5205 Veteris
3113 5147 3389 5213 Testata,
3423 5146 3450 5211 §
3481 5145 3565 5208 De
3590 5143 3792 5206 Eccle-

2135 5235 2394 5290 siastico:
2413 5234 2916 5301 Propternimiam
2931 5248 3133 5288 sensus
3145 5233 3589 5298 similitudinem
3607 5236 3661 5297 et
3674 5233 3788 5294 ειυ-

2137 5326 2264 5395 quii
2289 5324 2656 5392 parilitatem
2693 5323 3028 5382 Salomonis
3055 5322 3228 5380 titulo
3247 5327 3642 5389 praenotatur.

2215 5415 2338 5470 Non
2355 5411 2461 5476 abs
2474 5427 2534 5466 re
2551 5409 3002 5468 immorabimur
3016 5408 3326 5472 ulterinsin
3352 5407 3790 5482 propugnanda

2145 5500 2489 5572 antiquitate
2509 5498 2986 5572 Isidorjaniritus,
3003 5511 3075 5552 ex
3087 5495 3657 5568 conformitatequm
3668 5511 3792 5554 cer-

2144 5587 2307 5672 nitur
2333 5587 2396 5655 in
2421 5584 2705 5654 Psalmis
2726 5584 2895 5658 iuxta
2914 5587 3174 5653 veterem
3195 5582 3404 5654 Italam
3423 5583 3785 5655 versionem.
