4118 6184
533 352 605 367 3'-
611 352 685 364 '.-.-
691 352 784 362 σιν.-

2011 286 2982 316 Wwﬂ.._

578 481 678 608 IN
744 463 1154 602 NOMINE
1207 449 1613 596 PATRIS,
1673 444 1805 570 ET
1878 433 2153 578 FILII,

2239 428 2352 551 ET
2435 408 2910 548 SPIIlITIIS
2969 400 3367 549 SANGTI,
3429 395 3742 524 AMEN.

2044 612 2308 675 INCIPIT

1159 796 3193 1064 BREVIARIUM

1589 1185 1702 1247 AD
1735 1171 2040 1243 DEBITE
2070 1148 2772 1232 PERSOLVENDUM

1137 1515 1140 1517 λ
1202 1329 2116 1509 DIVINUM
2177 1294 3151 1476 OFFICIUM

1816 1602 2203 1670 SECUNDUM
2241 1592 2589 1656 REGULAM

1578 1792 2308 1908 BEATISSIMI
2369 1785 2612 1885 ISID
2624 1779 2840 1880 ORI

1732 2033 2194 2093 ARCHIEPISCOPI
2240 2022 2662 2076 HISPALENSIS.

691 2256 736 2324 l
779 2250 853 2308 IN
894 2239 1228 2305 DOMINlCO
1268 2232 1478 2292 PRIMO
1519 2213 1960 2283 ADVENTUS

1172 2355 1479 2418 DOMINI.

1106 2470 1205 2529 Ad
1245 2468 1544 2536 Vesperos.

576 2591 839 2664 Incipiat
867 2582 1336 2654 Presbytercum
1357 2573 1526 2664 signo
1559 2561 1771 2664 crucis.

579 2687 646 2740 In
672 2646 917 2738 nomine
935 2646 1171 2730 Domini
1188 2661 1375 2722 nostri
1392 2661 1534 2714 Jesu
1557 2649 1763 2710 Christi
1784 2646 1987 2702 lumen
2019 2652 2156 2694 cum

503 2787 674 2847 pace.
705 2781 770 2840 ni.
797 2769 917 2824 Deo
955 2757 1198 2834 gratias.

575 2820 1110 2920 Presb‘pter.
1145 2839 1432 2898 Dominus
1462 2833 1535 2889 sit
1559 2840 1796 2900 semper
1823 2820 2155 2878 vobiscum.

507 2963 574 3019 Βι.
614 2951 682 3003 Et
709 2959 848 3002 cum
873 2936 1089 3012 spiritu
1111 2936 1236 2988 tuo.

581 3037 704 3092 Isto
743 2989 952 3088 ordiare
976 3020 1347 3090 incipiantur
1372 3008 1570 3066 omnia
1598 3001 1801 3074 ofﬁcia
1823 2998 2062 3065 excepto
2093 2989 2164 3046 de

511 3118 834 3195 defunctis.

584 3167 895 3268 illia-fi
923 3199 1064 3258 solis
1093 3198 1226 3254 ortu
1245 3203 1438 3263 usque
1459 3185 1537 3242 ad
1556 3167 2167 3268 occasum,P.I.auda-

514 3301 635 3359 bile
672 3309 897 3356 nomen
925 3283 1182 3346 Domini.
1214 3282 1275 3341 in
1312 3257 1397 3335 Sit
1422 3285 1642 3330 nomen
1675 3263 1910 3325 Domini
1932 3257 2171 3317 benedi-

519 3395 702 3453 ctum,
737 3381 981 3442 amodo,
1013 3380 1071 3432 et
1101 3384 1290 3443 usque
1322 3367 1383 3422 in
1410 3367 1718 3419 aeternum.
1745 3357 1816 3412 P.
1851 3345 2172 3408 Laudabile

519 3491 745 3536 nomen
776 3467 1037 3529 Domini.

597 3529 819 3620 (ia—tio.
855 3562 1034 3622 Deus,
1067 3551 1239 3622 cujus
1259 3557 1482 3602 nomen
1503 3541 1592 3595 est
1618 3531 2000 3593 benedictum
2023 3529 2058 3582 a
2085 3539 2178 3581 so-
2211 3555 2256 3610 Β

525 3657 598 3712 lis
623 3657 757 3710 ortu
787 3661 980 3720 usque
1003 3641 1082 3700 ad
1099 3627 1573 3701 occasum,reple
1595 3623 1979 3693 corjnostrum
1996 3615 2181 3672 scien-

528 3746 631 3812 tia,
660 3701 1060 3796 etbr—in‘ostro
1089 3734 1206 3784 tuae
1229 3721 1427 3781 laudis
1460 3714 1660 3774 ofﬁcia
1689 3711 1912 3782 deputa
1953 3723 1966 3761 :
2000 3708 2082 3775 ut,
2113 3701 2182 3758 si-

531 3839 629 3888 cut
658 3841 837 3884 omne
877 3837 976 3895 per
1001 3832 1198 3875 aevum
1225 3810 1428 3868 debito
1456 3807 1678 3863 honore
1706 3793 2186 3856 benediceris,ita

532 3921 610 3980 ab
641 3921 775 3974 ortu
814 3911 958 3970 solis
997 3919 1192 3978 usque
1223 3900 1300 3959 ad
1336 3909 1618 3954 occasum
1647 3901 1917 3948 consono
1951 3885 2185 3940 cuncto-

532 4025 668 4067 rum
694 4019 795 4063 ore
817 3997 1102 4058 lauderis.
1135 4005 1198 4062 Bg.
1241 3994 1448 4046 Amen.

607 4101 712 4154 Per
737 4083 1212 4150 misericordiam
1244 4082 1430 4138 tuam,
1457 4075 1610 4128 Deus
1630 4071 1849 4132 noster,
1882 4061 1986 4136 qui
2008 4077 2070 4117 es
2089 4058 2188 4116 be-

536 4185 830 4251 nedictus,
867 4181 924 4235 et
947 4173 1120 4243 vivis,
1150 4174 1208 4226 et
1234 4163 1441 4224 omnia
1467 4159 1625 4229 regis
1662 4158 1723 4212 in
1755 4151 1977 4210 saecula
2007 4164 2190 4205 saecu-

536 4279 753 4334 lorum.
788 4283 855 4341 Βί.
887 4271 1100 4322 Amen.

610 4328 1143 4425 Dicat—Presbyter.
1181 4342 1470 4403 Dominus
1496 4338 1568 4395 sit
1593 4346 1829 4406 semper
1857 4328 2187 4386 vobiscum.

543 4468 608 4524 Ir.
647 4456 715 4509 Et
742 4463 880 4506 cum
912 4441 1122 4517 spiritu
1147 4441 1269 4494 tuo.

614 4504 882 4605 E—t’n—ota,
918 4504 1077 4605 q.uod
1102 4531 1163 4584 in
1202 4526 1322 4596 ﬁne
1355 4517 1618 4577 omnium
1651 4504 1999 4569 Gratianum
2032 4505 2196 4562 debet

545 4645 772 4702 semper
799 4625 923 4683 dici
949 4619 1121 4678 modo
1141 4610 1505 4684 supradicto.

617 4685 795 4779 Simo.
824 4711 1046 4773 Venite,
1073 4703 1402 4764 exultemus
1425 4693 1675 4752 Domino
1700 4707 1714 4746 :
1729 4685 2058 4762 jubilemus
2081 4685 2198 4739 Deo

550 4805 798 4868 salutari
848 4804 1082 4860 nostro.
1135 4794 1198 4854 ἲν.
1233 4793 1725 4857 Praeoccupemus
1771 4776 1988 4834 faciem
2015 4771 2117 4830 Dei
2139 4771 2201 4828 in

552 4865 950 4959 confessione,
982 4889 1039 4945 et
1063 4885 1124 4942 in
1154 4877 1432 4956 psalmis.
1461 4873 1526 4929 P.
1557 4867 1894 4927 Jubilemus
1924 4865 2067 4920 Deo.

624 4951 801 5042 Dicat
833 4951 1178 5048 Presbyter:
1209 4966 1496 5026 Dominus
1518 4961 1591 5016 sit
1614 4969 1850 5029 semper
1869 4951 2200 5009 vobiscum.

554 5089 620 5148 Br.
647 5076 714 5131 Et
741 5085 900 5129 cum.
1382 5143 1418 5148 ῃ
1713 5133 1749 5148 μ
2077 5102 2094 5120 ⁸

556 5127 927 5234 intipliona.
957 5150 1224 5211 Alleluia.
1271 5143 1503 5213 Audite,
1546 5133 1754 5234 populi
1786 5145 2017 5198 omnes,
2065 5127 2208 5201 quia

556 5252 846 5312 Dominus
863 5243 1173 5317 egrediens
1194 5238 1268 5294 de
1293 5235 1426 5291 loco
1453 5243 1584 5296 suo,
1614 5221 1953 5290 descendet,
1971 5216 2209 5275 concul-

562 5359 710 5402 cans
742 5343 1008 5398 extrema
1039 5336 1221 5388 terra).
1262 5324 1324 5384 ἣν.
1359 5318 1567 5377 Audite
1592 5315 1720 5372 haec
1735 5325 1946 5370 omnes
1967 5311 2206 5379 gentes:

844 5419 1150 5499 percipite,
1178 5413 1279 5488 qui
1303 5405 1580 5499 habitatis
1598 5402 1828 5460 orbem.
1851 5403 1912 5455 P.
1935 5397 2083 5464 Quia
2105 5397 2212 5450 Do-

565 5482 780 5578 minus
795 5482 1147 5588 egrediens.
1179 5482 1467 5565 v.Gloria,
1491 5498 1548 5552 et
1565 5494 1762 5552 honor
1786 5486 1961 5554 Patri,
1977 5488 2033 5543 et
2049 5482 2209 5547 Filio,

2179 2203 2228 2259 Α
2258 2203 2317 2258 et
2345 2193 2584 2270 Spiritui
2625 2190 2839 2249 Sancto
2868 2183 2929 2270 in
2959 2177 3174 2237 saecula
3195 2172 3568 2230 szeculorum.
3593 2168 3801 2222 Amen.
3832 2159 3916 2216 P.

2259 2291 2325 2344 Et
2353 2269 2692 2345 descendet,
2725 2269 3105 2333 conculcans.

2331 2341 2508 2431 Dicat
2533 2341 2858 2442 presbyter.
2893 2357 3180 2417 Dominus
3211 2353 3284 2409 sit
3310 2361 3545 2420 semper
3574 2341 3918 2400 vobiscum.

2264 2477 2328 2535 Ri.
2356 2466 2424 2519 Et
2455 2475 2615 2528 cum,
2648 2459 2758 2512 etc.

2337 2550 2566 2609 Lauda.
2598 2521 2868 2602 Alleluia.
2890 2539 3042 2596 Mitte
3068 2532 3238 2590 nobis
3259 2526 3547 2586 auxilium
3573 2522 3648 2578 de
3670 2521 3882 2576 sancto
3907 2532 3921 2570 ε

2265 2647 2324 2700 et
2351 2604 2605 2696 devgion
2630 2639 2793 2692 tuere
2813 2645 2942 2693 nos,
2965 2623 3235 2680 Domine.
3253 2619 3393 2674 P.In
3421 2623 3798 2687 quacumque
3822 2604 3930 2660 die

2267 2723 2745 2787 invocaverimus
2768 2724 2844 2783 te,
2887 2712 3144 2776 alleluia,
3181 2703 3438 2764 alleluia.
3466 2701 3526 2762 ir.
3562 2696 3932 2755 Laetabimur

2269 2819 2328 2874 in
2343 2812 2588 2872 salutari
2616 2815 2716 2866 tuo
2750 2827 2762 2863 :
2798 2811 2854 2862 et
2883 2803 2944 2858 in
2965 2799 3208 2857 nomine
3243 2789 3544 2850 Deinostri
3569 2782 3934 2854 magniﬁca-

2547 2902 2624 2957 P.
2659 2900 2725 2952 Et
2763 2895 2838 2950 de
2871 2893 3007 2948 Sion
3047 2894 3208 2944 tuere
3237 2898 3367 2948 nos,
3405 2876 3653 2934 Domine
3694 2872 3754 2932 ἓν.
3789 2869 3933 2927 Glo-

2270 2997 2361 3054 ria
2389 2997 2447 3050 et
2469 2992 2684 3056 honor,
2729 2989 2839 3042 etc.
2871 2982 2937 3037 P.
2971 2983 3036 3035 In
3078 2985 3460 3049 quacumque
3475 2967 3571 3025 die
3603 2965 3936 3021 invocave-

2274 3085 2481 3142 rimus.

2951 3159 3251 3229 Hymnus.

2533 3252 2744 3313 Christi
2771 3253 3003 3307 caterva
3030 3243 3289 3302 clamitet

2459 3351 2676 3403 Rerum
2700 3337 2932 3415 parenti
2974 3333 3304 3410 proximas,

2463 3439 2623 3502 Quas
2655 3447 2783 3488 esse
2814 3426 3007 3492 sentit,
3035 3423 3278 3494 gratias,

2464 3521 2810 3592 Laudesque
2840 3517 3076 3589 promat
3101 3509 3414 3566 maximas.

2539 3612 2750 3664 Vatum
2779 3603 2902 3678 poli
2927 3598 3169 3658 oracula

2467 3697 2712 3756 Perfecit
2737 3694 2880 3750 olim
2909 3689 3144 3757 tradita,

2475 3793 2621 3847 Cum
2649 3801 2761 3842 nos
2786 3779 3038 3839 redemit
3056 3777 3268 3834 unicus

2472 3873 2732 3934 Factoris
2761 3871 2918 3927 orbis
2951 3867 3144 3924 Filius.

2543 3964 2794 4020 Verbum
2817 3957 3171 4032 profectum,
3203 3948 3509 4025 proditum

2470 4053 2619 4112 Tulit
2645 4054 2880 4108 reatum
2907 4044 3257 4108 criminum;

2477 4145 2849 4212 Sumensque
2876 4139 3150 4192 nostrum
3178 4129 3506 4204 pulverem,

2476 4229 2668 4290 Mortis
2690 4224 2944 4301 peremit
2966 4220 3316 4295 principem.

2546 4324 2593 4376 Α
2617 4321 2806 4375 matre
2835 4317 3011 4372 natus
3041 4315 3302 4381 tempore
3329 4325 3342 4374 ;

2485 4411 2536 4480 2
2568 4406 2684 4464 Sed
2710 4403 3100 4477 sempiternus
3134 4414 3170 4455 a
3198 4399 3386 4452 Patre.

2482 4496 2729 4554 Duabus
2757 4494 2818 4549 in
2857 4486 3208 4548 substantiis

2482 4590 2740 4644 Persona
2765 4581 2892 4638 sola
2919 4583 3008 4637 est
3036 4573 3323 4633 numinis.

2554 4674 2722 4731 Venit
2751 4671 2905 4728 Deus
2930 4668 3123 4726 factus
3152 4663 3358 4724 homo,

2485 4765 2740 4823 Nitescat
2768 4765 2832 4817 ut
2860 4757 3022 4815 cultu
3046 4769 3225 4818 novo,

2487 4856 2746 4912 Renatus
2772 4850 2833 4906 in
2852 4850 2995 4904 nato
3027 4844 3170 4912 Deo,

2491 4944 2703 5001 Factus
2720 4953 2913 4996 novus
2939 4949 3111 4991 verus
3137 4931 3349 4987 homo.

2563 5029 2781 5089 Natalis
2799 5027 2942 5085 hinc
2962 5023 3042 5080 ob
3072 5018 3364 5091 gaudium

2495 5123 2690 5180 Ovans
2715 5117 3008 5191 trophaeo,
3042 5109 3309 5183 gentium

2495 5213 2722 5268 Renata
2749 5205 2919 5280 plebs
2943 5216 3050 5276 per
3078 5198 3350 5271 gratiam,

2499 5301 2632 5354 Haec
2661 5295 2807 5352 festa
2839 5289 3067 5365 praebet
3090 5300 3313 5344 annna.

2569 5385 2870 5441 Adventus
2893 5380 2989 5436 hic
3011 5373 3378 5434 solemnibus

2502 5473 2663 5532 Votis
2691 5472 2914 5530 feratur
2932 5464 3238 5529 omnibus,
