  <div class='ocr_page' id='page_1' title='image "/cluster/home/n/w/nwhite01/storage/ocr_20150623/86/hvd.32044054758909/030.png"; bbox 0 0 4118 6184; ppageno 0'>
   <div class='ocr_carea' id='block_1_1' title="bbox 240 264 2448 335">
    <p class='ocr_par' dir='ltr' id='par_1_1' title="bbox 240 264 2448 335">
     <span class='ocr_line' id='line_1_1' title="bbox 240 264 2448 335; baseline 0.007 -21"><span class='ocrx_word' id='word_1_1' title='bbox 240 281 295 335; x_wconf 61' lang='grc'>49</span> <span class='ocrx_word' id='word_1_2' title='bbox 1324 264 1672 325; x_wconf 86' lang='lat' dir='ltr'>DOMINICA</span> <span class='ocrx_word' id='word_1_3' title='bbox 1708 267 1727 322; x_wconf 93' lang='grc' dir='ltr'>Ι</span> <span class='ocrx_word' id='word_1_4' title='bbox 1758 266 2133 325; x_wconf 85' lang='lat' dir='ltr'><strong>ADVENTUS</strong></span> <span class='ocrx_word' id='word_1_5' title='bbox 2169 269 2448 329; x_wconf 84' lang='lat' dir='ltr'>DOMINI.</span> 
     </span>
    </p>
   </div>
   <div class='ocr_carea' id='block_1_2' title="bbox 1869 394 3598 477">
    <p class='ocr_par' dir='ltr' id='par_1_2' title="bbox 1869 394 3598 477">
     <span class='ocr_line' id='line_1_2' title="bbox 1869 394 3598 477; baseline 0.011 -29"><span class='ocrx_word' id='word_1_6' title='bbox 1869 395 1914 447; x_wconf 87' lang='lat' dir='ltr'><strong>A</strong></span> <span class='ocrx_word' id='word_1_7' title='bbox 1945 409 1981 450; x_wconf 90' lang='lat' dir='ltr'>a</span> <span class='ocrx_word' id='word_1_8' title='bbox 2010 394 2190 461; x_wconf 92' lang='lat' dir='ltr'>malo,</span> <span class='ocrx_word' id='word_1_9' title='bbox 2223 397 2389 453; x_wconf 85' lang='lat' dir='ltr'><em>debet</em></span> <span class='ocrx_word' id='word_1_10' title='bbox 2414 397 2552 468; x_wconf 88' lang='lat' dir='ltr'>dici,</span> <span class='ocrx_word' id='word_1_11' title='bbox 2584 400 2737 457; x_wconf 81' lang='lat' dir='ltr'>sicut</span> <span class='ocrx_word' id='word_1_12' title='bbox 2756 398 2845 454; x_wconf 83' lang='lat' dir='ltr'>hic</span> <span class='ocrx_word' id='word_1_13' title='bbox 2898 398 3125 458; x_wconf 75' lang='lat' dir='ltr'>dictum</span> <span class='ocrx_word' id='word_1_14' title='bbox 3151 409 3233 460; x_wconf 82' lang='lat' dir='ltr'>est</span> <span class='ocrx_word' id='word_1_15' title='bbox 3259 419 3469 477; x_wconf 81' lang='lat' dir='ltr'>supra,</span> <span class='ocrx_word' id='word_1_16' title='bbox 3496 424 3598 466; x_wconf 83' lang='lat' dir='ltr'>us-</span> 
     </span>
    </p>
   </div>
   <div class='ocr_carea' id='block_1_3' title="bbox 358 389 1154 465">
    <p class='ocr_par' dir='ltr' id='par_1_3' title="bbox 358 389 1154 465">
     <span class='ocr_line' id='line_1_3' title="bbox 358 389 1154 465; baseline -0.008 -12"><span class='ocrx_word' id='word_1_17' title='bbox 358 401 499 465; x_wconf 87' lang='lat' dir='ltr'>Quos</span> <span class='ocrx_word' id='word_1_18' title='bbox 529 390 808 449; x_wconf 89' lang='lat' dir='ltr'>sustinere</span> <span class='ocrx_word' id='word_1_19' title='bbox 856 389 1154 456; x_wconf 84' lang='lat' dir='ltr'>convenit,</span> 
     </span>
    </p>
   </div>
   <div class='ocr_carea' id='block_1_4' title="bbox 355 480 959 550">
    <p class='ocr_par' dir='ltr' id='par_1_4' title="bbox 355 480 959 550">
     <span class='ocr_line' id='line_1_4' title="bbox 355 480 959 550; baseline -0.018 -5"><span class='ocrx_word' id='word_1_20' title='bbox 355 486 500 545; x_wconf 88' lang='lat' dir='ltr'>Tanti</span> <span class='ocrx_word' id='word_1_21' title='bbox 545 482 642 539; x_wconf 87' lang='lat' dir='ltr'>Dei</span> <span class='ocrx_word' id='word_1_22' title='bbox 686 480 959 550; x_wconf 80' lang='lat' dir='ltr'>gloriam.</span> 
     </span>
    </p>
   </div>
   <div class='ocr_carea' id='block_1_5' title="bbox 418 571 1262 643">
    <p class='ocr_par' dir='ltr' id='par_1_5' title="bbox 418 571 1262 643">
     <span class='ocr_line' id='line_1_5' title="bbox 418 571 1262 643; baseline -0.008 -11"><span class='ocrx_word' id='word_1_23' title='bbox 418 571 703 632; x_wconf 85' lang='lat' dir='ltr'>Secundus</span> <span class='ocrx_word' id='word_1_24' title='bbox 746 574 811 625; x_wconf 90' lang='lat' dir='ltr'>ut</span> <span class='ocrx_word' id='word_1_25' title='bbox 841 585 979 625; x_wconf 90' lang='lat' dir='ltr'>cum</span> <span class='ocrx_word' id='word_1_26' title='bbox 1002 573 1262 643; x_wconf 79' lang='lat' dir='ltr'>coeperit,</span> 
     </span>
    </p>
   </div>
   <div class='ocr_carea' id='block_1_6' title="bbox 356 662 1264 734">
    <p class='ocr_par' dir='ltr' id='par_1_6' title="bbox 356 662 1264 734">
     <span class='ocr_line' id='line_1_6' title="bbox 356 662 1264 734; baseline -0.002 -13"><span class='ocrx_word' id='word_1_27' title='bbox 356 665 679 734; x_wconf 88' lang='lat' dir='ltr'>Orbemque,</span> <span class='ocrx_word' id='word_1_28' title='bbox 721 663 909 715; x_wconf 89' lang='lat' dir='ltr'>terror</span> <span class='ocrx_word' id='word_1_29' title='bbox 946 662 1264 732; x_wconf 83' lang='lat' dir='ltr'>presserit;</span> 
     </span>
    </p>
   </div>
   <div class='ocr_carea' id='block_1_7' title="bbox 362 748 1167 813">
    <p class='ocr_par' dir='ltr' id='par_1_7' title="bbox 362 748 1167 813">
     <span class='ocr_line' id='line_1_7' title="bbox 362 748 1167 813; baseline -0.009 -1"><span class='ocrx_word' id='word_1_30' title='bbox 362 754 641 813; x_wconf 85' lang='lat' dir='ltr'>Succurrat</span> <span class='ocrx_word' id='word_1_31' title='bbox 663 749 795 804; x_wconf 69' lang='lat' dir='ltr'>haec</span> <span class='ocrx_word' id='word_1_32' title='bbox 823 748 1167 805; x_wconf 86' lang='lat' dir='ltr'>humillima</span> 
     </span>
    </p>
   </div>
   <div class='ocr_carea' id='block_1_8' title="bbox 364 837 1011 912">
    <p class='ocr_par' dir='ltr' id='par_1_8' title="bbox 364 837 1011 912">
     <span class='ocr_line' id='line_1_8' title="bbox 364 837 1011 912; baseline -0.011 -12"><span class='ocrx_word' id='word_1_33' title='bbox 364 839 689 912; x_wconf 86' lang='lat' dir='ltr'>Susceptoris</span> <span class='ocrx_word' id='word_1_34' title='bbox 733 837 1011 907; x_wconf 77' lang='lat' dir='ltr'>dignitas.</span> 
     </span>
    </p>
   </div>
   <div class='ocr_carea' id='block_1_9' title="bbox 421 925 1031 996">
    <p class='ocr_par' dir='ltr' id='par_1_9' title="bbox 421 925 1031 996">
     <span class='ocr_line' id='line_1_9' title="bbox 421 925 1031 996; baseline -0.005 -11"><span class='ocrx_word' id='word_1_35' title='bbox 421 934 521 987; x_wconf 90' lang='lat' dir='ltr'>Deo</span> <span class='ocrx_word' id='word_1_36' title='bbox 540 928 687 983; x_wconf 90' lang='lat' dir='ltr'>Patri</span> <span class='ocrx_word' id='word_1_37' title='bbox 718 927 791 982; x_wconf 87' lang='lat' dir='ltr'>sit</span> <span class='ocrx_word' id='word_1_38' title='bbox 819 925 1031 996; x_wconf 82' lang='lat' dir='ltr'>gloria,</span> 
     </span>
    </p>
   </div>
   <div class='ocr_carea' id='block_1_10' title="bbox 354 1015 953 1091">
    <p class='ocr_par' dir='ltr' id='par_1_10' title="bbox 354 1015 953 1091">
     <span class='ocr_line' id='line_1_10' title="bbox 354 1015 953 1091; baseline -0.008 -14"><span class='ocrx_word' id='word_1_39' title='bbox 354 1022 584 1091; x_wconf 84' lang='lat' dir='ltr'>Ejusque</span> <span class='ocrx_word' id='word_1_40' title='bbox 633 1015 743 1072; x_wconf 90' lang='lat' dir='ltr'>soli</span> <span class='ocrx_word' id='word_1_41' title='bbox 789 1015 953 1083; x_wconf 88' lang='lat' dir='ltr'>Filio,</span> 
     </span>
    </p>
   </div>
   <div class='ocr_carea' id='block_1_11' title="bbox 348 1103 1078 1177">
    <p class='ocr_par' dir='ltr' id='par_1_11' title="bbox 348 1103 1078 1177">
     <span class='ocr_line' id='line_1_11' title="bbox 348 1103 1078 1177; baseline -0.003 -14"><span class='ocrx_word' id='word_1_42' title='bbox 348 1108 477 1163; x_wconf 90' lang='lat' dir='ltr'>Cum</span> <span class='ocrx_word' id='word_1_43' title='bbox 526 1105 737 1177; x_wconf 79' lang='lat' dir='ltr'>Spiritu</span> <span class='ocrx_word' id='word_1_44' title='bbox 769 1103 1078 1175; x_wconf 89' lang='lat' dir='ltr'>Paraclito,</span> 
     </span>
    </p>
   </div>
   <div class='ocr_carea' id='block_1_12' title="bbox 348 1194 1064 1267">
    <p class='ocr_par' dir='ltr' id='par_1_12' title="bbox 348 1194 1064 1267">
     <span class='ocr_line' id='line_1_12' title="bbox 348 1194 1064 1267; baseline -0.004 -14"><span class='ocrx_word' id='word_1_45' title='bbox 348 1200 403 1253; x_wconf 87' lang='lat' dir='ltr'>tu</span> <span class='ocrx_word' id='word_1_46' title='bbox 429 1194 771 1267; x_wconf 90' lang='lat' dir='ltr'>sempiterna</span> <span class='ocrx_word' id='word_1_47' title='bbox 824 1194 1064 1250; x_wconf 81' lang='lat' dir='ltr'>saecula.</span> 
     </span>
    </p>
   </div>
   <div class='ocr_carea' id='block_1_13' title="bbox 348 1281 1218 1353">
    <p class='ocr_par' dir='ltr' id='par_1_13' title="bbox 348 1281 1218 1353">
     <span class='ocr_line' id='line_1_13' title="bbox 348 1281 1218 1353; baseline -0.007 -10"><span class='ocrx_word' id='word_1_48' title='bbox 348 1282 675 1353; x_wconf 80' lang='lat' dir='ltr'>Respondeat</span> <span class='ocrx_word' id='word_1_49' title='bbox 705 1281 963 1339; x_wconf 81' lang='lat' dir='ltr'>Chorus.</span> <span class='ocrx_word' id='word_1_50' title='bbox 1008 1284 1218 1339; x_wconf 82' lang='lat' dir='ltr'>Amen.</span> 
     </span>
    </p>
   </div>
   <div class='ocr_carea' id='block_1_14' title="bbox 286 1387 1824 1459">
    <p class='ocr_par' dir='ltr' id='par_1_14' title="bbox 286 1387 1824 1459">
     <span class='ocr_line' id='line_1_14' title="bbox 286 1387 1824 1459; baseline 0.003 -15"><span class='ocrx_word' id='word_1_51' title='bbox 286 1389 637 1458; x_wconf 66' lang='lat' dir='ltr'>Suppuratio.</span> <span class='ocrx_word' id='word_1_52' title='bbox 658 1388 903 1443; x_wconf 81' lang='lat' dir='ltr'>Oremus</span> <span class='ocrx_word' id='word_1_53' title='bbox 928 1387 1386 1459; x_wconf 83' lang='lat' dir='ltr'>Redemptorem</span> <span class='ocrx_word' id='word_1_54' title='bbox 1400 1390 1824 1448; x_wconf 78' lang='lat' dir='ltr'>mimdiDomi-</span> 
     </span>
    </p>
   </div>
   <div class='ocr_carea' id='block_1_15' title="bbox 227 1474 1823 1551">
    <p class='ocr_par' dir='ltr' id='par_1_15' title="bbox 227 1474 1823 1551">
     <span class='ocr_line' id='line_1_15' title="bbox 227 1474 1823 1551; baseline 0.002 -19"><span class='ocrx_word' id='word_1_55' title='bbox 227 1492 346 1532; x_wconf 90' lang='lat' dir='ltr'>num</span> <span class='ocrx_word' id='word_1_56' title='bbox 372 1481 615 1532; x_wconf 89' lang='lat' dir='ltr'>nostrum</span> <span class='ocrx_word' id='word_1_57' title='bbox 638 1477 845 1531; x_wconf 71' lang='lat' dir='ltr'>Iesum</span> <span class='ocrx_word' id='word_1_58' title='bbox 871 1474 1823 1551; x_wconf 86' lang='lat' dir='ltr'>Christum,cumomnisupplica—</span> 
     </span>
    </p>
   </div>
   <div class='ocr_carea' id='block_1_16' title="bbox 224 1565 1820 1640">
    <p class='ocr_par' dir='ltr' id='par_1_16' title="bbox 224 1565 1820 1640">
     <span class='ocr_line' id='line_1_16' title="bbox 224 1565 1820 1640; baseline 0.003 -20"><span class='ocrx_word' id='word_1_59' title='bbox 224 1566 352 1621; x_wconf 85' lang='lat' dir='ltr'>tione</span> <span class='ocrx_word' id='word_1_60' title='bbox 370 1570 722 1635; x_wconf 78' lang='lat' dir='ltr'>rogemus;ut</span> <span class='ocrx_word' id='word_1_61' title='bbox 742 1580 856 1620; x_wconf 86' lang='lat' dir='ltr'>nos</span> <span class='ocrx_word' id='word_1_62' title='bbox 887 1565 1079 1633; x_wconf 87' lang='lat' dir='ltr'>gratia</span> <span class='ocrx_word' id='word_1_63' title='bbox 1118 1565 1410 1622; x_wconf 89' lang='lat' dir='ltr'>adventus</span> <span class='ocrx_word' id='word_1_64' title='bbox 1423 1567 1516 1622; x_wconf 91' lang='lat' dir='ltr'>sui</span> <span class='ocrx_word' id='word_1_65' title='bbox 1535 1570 1820 1640; x_wconf 87' lang='lat' dir='ltr'>propitius</span> 
     </span>
    </p>
   </div>
   <div class='ocr_carea' id='block_1_17' title="bbox 215 1652 1817 1727">
    <p class='ocr_par' dir='ltr' id='par_1_17' title="bbox 215 1652 1817 1727">
     <span class='ocr_line' id='line_1_17' title="bbox 215 1652 1817 1727; baseline 0.004 -21"><span class='ocrx_word' id='word_1_66' title='bbox 215 1652 487 1721; x_wconf 83' lang='lat' dir='ltr'>justiﬁcare</span> <span class='ocrx_word' id='word_1_67' title='bbox 514 1652 816 1722; x_wconf 82' lang='lat' dir='ltr'>dignetur.</span> <span class='ocrx_word' id='word_1_68' title='bbox 849 1664 894 1721; x_wconf 58' lang='lat' dir='ltr'>ne</span> <span class='ocrx_word' id='word_1_69' title='bbox 937 1655 1159 1709; x_wconf 72' lang='lat' dir='ltr'>Praesta</span> <span class='ocrx_word' id='word_1_70' title='bbox 1187 1658 1402 1710; x_wconf 69' lang='lat' dir='ltr'>aeterne</span> <span class='ocrx_word' id='word_1_71' title='bbox 1432 1656 1817 1727; x_wconf 90' lang='lat' dir='ltr'>omnipotens</span> 
     </span>
    </p>
   </div>
   <div class='ocr_carea' id='block_1_18' title="bbox 218 1746 357 1798">
    <p class='ocr_par' dir='ltr' id='par_1_18' title="bbox 218 1746 357 1798">
     <span class='ocr_line' id='line_1_18' title="bbox 218 1746 357 1798; baseline -0.007 0"><span class='ocrx_word' id='word_1_72' title='bbox 218 1746 357 1798; x_wconf 86' lang='lat' dir='ltr'>Deus.</span> 
     </span>
    </p>
   </div>
   <div class='ocr_carea' id='block_1_19' title="bbox 264 1848 1810 1921">
    <p class='ocr_par' dir='ltr' id='par_1_19' title="bbox 264 1848 1810 1921">
     <span class='ocr_line' id='line_1_19' title="bbox 264 1848 1810 1921; baseline 0.003 -15"><span class='ocrx_word' id='word_1_73' title='bbox 264 1853 411 1907; x_wconf 80' lang='lat' dir='ltr'>Dicat</span> <span class='ocrx_word' id='word_1_74' title='bbox 432 1848 757 1920; x_wconf 73' lang='lat' dir='ltr'>Presbyter.</span> <span class='ocrx_word' id='word_1_75' title='bbox 788 1850 963 1921; x_wconf 82' lang='lat' dir='ltr'>Kyrie</span> <span class='ocrx_word' id='word_1_76' title='bbox 994 1849 1237 1907; x_wconf 91' lang='lat' dir='ltr'>eleison.</span> <span class='ocrx_word' id='word_1_77' title='bbox 1256 1851 1539 1920; x_wconf 64' lang='lat' dir='ltr'>nChriste</span> <span class='ocrx_word' id='word_1_78' title='bbox 1570 1852 1810 1910; x_wconf 91' lang='lat' dir='ltr'>eleison.</span> 
     </span>
    </p>
   </div>
   <div class='ocr_carea' id='block_1_20' title="bbox 208 1939 601 2012">
    <p class='ocr_par' dir='ltr' id='par_1_20' title="bbox 208 1939 601 2012">
     <span class='ocr_line' id='line_1_20' title="bbox 208 1939 601 2012; baseline -0.008 -18"><span class='ocrx_word' id='word_1_79' title='bbox 208 1939 347 2012; x_wconf 72' lang='lat' dir='ltr'>Iiyrie</span> <span class='ocrx_word' id='word_1_80' title='bbox 376 1939 601 1995; x_wconf 89' lang='lat' dir='ltr'>eleison.</span> 
     </span>
    </p>
   </div>
   <div class='ocr_carea' id='block_1_21' title="bbox 257 2044 1809 2116">
    <p class='ocr_par' dir='ltr' id='par_1_21' title="bbox 257 2044 1809 2116">
     <span class='ocr_line' id='line_1_21' title="bbox 257 2044 1809 2116; baseline 0.002 -14"><span class='ocrx_word' id='word_1_81' title='bbox 257 2046 557 2102; x_wconf 84' lang='lat' dir='ltr'>Notandum</span> <span class='ocrx_word' id='word_1_82' title='bbox 584 2049 696 2109; x_wconf 85' lang='lat' dir='ltr'>est,</span> <span class='ocrx_word' id='word_1_83' title='bbox 726 2045 885 2116; x_wconf 89' lang='lat' dir='ltr'>quod</span> <span class='ocrx_word' id='word_1_84' title='bbox 909 2050 1041 2114; x_wconf 88' lang='lat' dir='ltr'>post</span> <span class='ocrx_word' id='word_1_85' title='bbox 1061 2044 1568 2115; x_wconf 78' lang='lat' dir='ltr'>Supplicationem</span> <span class='ocrx_word' id='word_1_86' title='bbox 1598 2048 1809 2105; x_wconf 87' lang='lat' dir='ltr'>debent</span> 
     </span>
    </p>
   </div>
   <div class='ocr_carea' id='block_1_22' title="bbox 204 2134 1557 2205">
    <p class='ocr_par' dir='ltr' id='par_1_22' title="bbox 204 2134 1557 2205">
     <span class='ocr_line' id='line_1_22' title="bbox 204 2134 1557 2205; baseline 0.002 -16"><span class='ocrx_word' id='word_1_87' title='bbox 204 2135 299 2191; x_wconf 78' lang='lat' dir='ltr'>dici</span> <span class='ocrx_word' id='word_1_88' title='bbox 320 2136 407 2190; x_wconf 87' lang='lat' dir='ltr'>isti</span> <span class='ocrx_word' id='word_1_89' title='bbox 424 2134 586 2205; x_wconf 84' lang='lat' dir='ltr'>Kyrie</span> <span class='ocrx_word' id='word_1_90' title='bbox 646 2134 888 2199; x_wconf 89' lang='lat' dir='ltr'>eleison,</span> <span class='ocrx_word' id='word_1_91' title='bbox 919 2141 983 2189; x_wconf 88' lang='lat' dir='ltr'>ut</span> <span class='ocrx_word' id='word_1_92' title='bbox 1018 2149 1200 2205; x_wconf 82' lang='lat' dir='ltr'><strong><em>supra</em></strong></span> <span class='ocrx_word' id='word_1_93' title='bbox 1226 2135 1437 2192; x_wconf 85' lang='lat' dir='ltr'>dictum</span> <span class='ocrx_word' id='word_1_94' title='bbox 1455 2142 1557 2192; x_wconf 82' lang='lat' dir='ltr'>est.</span> 
     </span>
    </p>
   </div>
   <div class='ocr_carea' id='block_1_23' title="bbox 254 2240 1809 2311">
    <p class='ocr_par' dir='ltr' id='par_1_23' title="bbox 254 2240 1809 2311">
     <span class='ocr_line' id='line_1_23' title="bbox 254 2240 1809 2311; baseline 0.003 -14"><span class='ocrx_word' id='word_1_95' title='bbox 254 2243 516 2311; x_wconf 79' lang='lat' dir='ltr'>Capitula.</span> <span class='ocrx_word' id='word_1_96' title='bbox 536 2240 915 2305; x_wconf 80' lang='lat' dir='ltr'>Audivimus,</span> <span class='ocrx_word' id='word_1_97' title='bbox 937 2240 1162 2298; x_wconf 84' lang='lat' dir='ltr'>Christe</span> <span class='ocrx_word' id='word_1_98' title='bbox 1188 2259 1200 2309; x_wconf 92' lang='lat'><strong>;</strong></span> <span class='ocrx_word' id='word_1_99' title='bbox 1235 2242 1672 2311; x_wconf 83' lang='lat' dir='ltr'>confitemur,et</span> <span class='ocrx_word' id='word_1_100' title='bbox 1688 2260 1809 2301; x_wconf 90' lang='lat' dir='ltr'>cre-</span> 
     </span>
    </p>
   </div>
   <div class='ocr_carea' id='block_1_24' title="bbox 198 2329 1809 2403">
    <p class='ocr_par' dir='ltr' id='par_1_24' title="bbox 198 2329 1809 2403">
     <span class='ocr_line' id='line_1_24' title="bbox 198 2329 1809 2403; baseline 0.003 -18"><span class='ocrx_word' id='word_1_101' title='bbox 198 2330 377 2396; x_wconf 88' lang='lat' dir='ltr'>dimus,</span> <span class='ocrx_word' id='word_1_102' title='bbox 399 2330 545 2403; x_wconf 89' lang='lat' dir='ltr'>quod</span> <span class='ocrx_word' id='word_1_103' title='bbox 570 2329 655 2386; x_wconf 90' lang='lat' dir='ltr'>de</span> <span class='ocrx_word' id='word_1_104' title='bbox 681 2330 819 2385; x_wconf 90' lang='lat' dir='ltr'>sinu</span> <span class='ocrx_word' id='word_1_105' title='bbox 865 2330 1051 2385; x_wconf 82' lang='lat' dir='ltr'>Patris</span> <span class='ocrx_word' id='word_1_106' title='bbox 1120 2330 1453 2400; x_wconf 89' lang='lat' dir='ltr'>egrediens,</span> <span class='ocrx_word' id='word_1_107' title='bbox 1481 2334 1809 2399; x_wconf 85' lang='lat' dir='ltr'>veneris,ut</span> 
     </span>
    </p>
   </div>
   <div class='ocr_carea' id='block_1_25' title="bbox 198 2416 1803 2489">
    <p class='ocr_par' dir='ltr' id='par_1_25' title="bbox 198 2416 1803 2489">
     <span class='ocr_line' id='line_1_25' title="bbox 198 2416 1803 2489; baseline 0.002 -15"><span class='ocrx_word' id='word_1_108' title='bbox 198 2420 355 2475; x_wconf 85' lang='lat' dir='ltr'>carnis</span> <span class='ocrx_word' id='word_1_109' title='bbox 397 2423 604 2475; x_wconf 63' lang='lat' dir='ltr'>nostra;</span> <span class='ocrx_word' id='word_1_110' title='bbox 655 2416 951 2474; x_wconf 81' lang='lat' dir='ltr'>vestibulo</span> <span class='ocrx_word' id='word_1_111' title='bbox 1011 2418 1376 2489; x_wconf 88' lang='lat' dir='ltr'>cingereris;</span> <span class='ocrx_word' id='word_1_112' title='bbox 1420 2419 1803 2487; x_wconf 81' lang='lat' dir='ltr'>liberaturus,</span> 
     </span>
    </p>
   </div>
   <div class='ocr_carea' id='block_1_26' title="bbox 200 2506 1805 2583">
    <p class='ocr_par' dir='ltr' id='par_1_26' title="bbox 200 2506 1805 2583">
     <span class='ocr_line' id='line_1_26' title="bbox 200 2506 1805 2583; baseline 0.003 -20"><span class='ocrx_word' id='word_1_113' title='bbox 200 2508 378 2563; x_wconf 81' lang='lat' dir='ltr'>scilicet</span> <span class='ocrx_word' id='word_1_114' title='bbox 391 2513 675 2580; x_wconf 70' lang='lat' dir='ltr'>suscepta:</span> <span class='ocrx_word' id='word_1_115' title='bbox 690 2506 1118 2564; x_wconf 85' lang='lat' dir='ltr'>incarnationis</span> <span class='ocrx_word' id='word_1_116' title='bbox 1133 2508 1605 2581; x_wconf 88' lang='lat' dir='ltr'>mysterio,quod</span> <span class='ocrx_word' id='word_1_117' title='bbox 1622 2512 1805 2583; x_wconf 89' lang='lat' dir='ltr'>perie—</span> 
     </span>
    </p>
   </div>
   <div class='ocr_carea' id='block_1_27' title="bbox 196 2596 1807 2669">
    <p class='ocr_par' dir='ltr' id='par_1_27' title="bbox 196 2596 1807 2669">
     <span class='ocr_line' id='line_1_27' title="bbox 196 2596 1807 2669; baseline 0.004 -18"><span class='ocrx_word' id='word_1_118' title='bbox 196 2602 263 2651; x_wconf 81' lang='lat' dir='ltr'>rat</span> <span class='ocrx_word' id='word_1_119' title='bbox 286 2601 487 2652; x_wconf 74' lang='lat' dir='ltr'>naturae</span> <span class='ocrx_word' id='word_1_120' title='bbox 510 2596 740 2651; x_wconf 82' lang='lat' dir='ltr'>vitiatae</span> <span class='ocrx_word' id='word_1_121' title='bbox 754 2596 1050 2665; x_wconf 88' lang='lat' dir='ltr'>contagio.</span> <span class='ocrx_word' id='word_1_122' title='bbox 1088 2598 1198 2652; x_wconf 88' lang='lat' dir='ltr'>Fac</span> <span class='ocrx_word' id='word_1_123' title='bbox 1237 2612 1373 2666; x_wconf 92' lang='lat' dir='ltr'>nos,</span> <span class='ocrx_word' id='word_1_124' title='bbox 1404 2601 1807 2669; x_wconf 83' lang='lat' dir='ltr'>praenuntiata</span> 
     </span>
    </p>
   </div>
   <div class='ocr_carea' id='block_1_28' title="bbox 196 2684 1803 2758">
    <p class='ocr_par' dir='ltr' id='par_1_28' title="bbox 196 2684 1803 2758">
     <span class='ocr_line' id='line_1_28' title="bbox 196 2684 1803 2758; baseline 0.004 -17"><span class='ocrx_word' id='word_1_125' title='bbox 196 2684 436 2741; x_wconf 78' lang='lat' dir='ltr'>adventus</span> <span class='ocrx_word' id='word_1_126' title='bbox 448 2685 525 2741; x_wconf 89' lang='lat' dir='ltr'>tui</span> <span class='ocrx_word' id='word_1_127' title='bbox 536 2684 1232 2758; x_wconf 77' lang='lat' dir='ltr'>gaudia,promptissima</span> <span class='ocrx_word' id='word_1_128' title='bbox 1244 2688 1803 2747; x_wconf 87' lang='lat' dir='ltr'>surrectionisdevo-</span> 
     </span>
    </p>
   </div>
   <div class='ocr_carea' id='block_1_29' title="bbox 195 2774 1800 2850">
    <p class='ocr_par' dir='ltr' id='par_1_29' title="bbox 195 2774 1800 2850">
     <span class='ocr_line' id='line_1_29' title="bbox 195 2774 1800 2850; baseline 0.004 -21"><span class='ocrx_word' id='word_1_129' title='bbox 195 2774 315 2830; x_wconf 88' lang='lat' dir='ltr'>tione</span> <span class='ocrx_word' id='word_1_130' title='bbox 335 2776 585 2847; x_wconf 81' lang='lat' dir='ltr'>excipere</span> <span class='ocrx_word' id='word_1_131' title='bbox 623 2774 896 2845; x_wconf 90' lang='lat' dir='ltr'>:ut,quia</span> <span class='ocrx_word' id='word_1_132' title='bbox 924 2780 987 2829; x_wconf 92' lang='lat' dir='ltr'>tu</span> <span class='ocrx_word' id='word_1_133' title='bbox 1009 2790 1040 2830; x_wconf 93' lang='lat' dir='ltr'>e</span> <span class='ocrx_word' id='word_1_134' title='bbox 1067 2774 1198 2831; x_wconf 91' lang='lat' dir='ltr'>loco</span> <span class='ocrx_word' id='word_1_135' title='bbox 1231 2776 1421 2847; x_wconf 89' lang='lat' dir='ltr'>patrio</span> <span class='ocrx_word' id='word_1_136' title='bbox 1455 2784 1800 2850; x_wconf 89' lang='lat' dir='ltr'>secretoque</span> 
     </span>
    </p>
   </div>
   <div class='ocr_carea' id='block_1_30' title="bbox 191 2861 1799 2937">
    <p class='ocr_par' dir='ltr' id='par_1_30' title="bbox 191 2861 1799 2937">
     <span class='ocr_line' id='line_1_30' title="bbox 191 2861 1799 2937; baseline 0.004 -21"><span class='ocrx_word' id='word_1_137' title='bbox 191 2863 525 2932; x_wconf 80' lang='lat' dir='ltr'>progrediens</span> <span class='ocrx_word' id='word_1_138' title='bbox 551 2861 901 2919; x_wconf 82' lang='lat' dir='ltr'>salvaturus</span> <span class='ocrx_word' id='word_1_139' title='bbox 918 2862 1575 2933; x_wconf 87' lang='lat' dir='ltr'>homines,humanitus</span> <span class='ocrx_word' id='word_1_140' title='bbox 1590 2882 1799 2937; x_wconf 88' lang='lat' dir='ltr'>prope-</span> 
     </span>
    </p>
   </div>
   <div class='ocr_carea' id='block_1_31' title="bbox 189 2951 1792 3024">
    <p class='ocr_par' dir='ltr' id='par_1_31' title="bbox 189 2951 1792 3024">
     <span class='ocr_line' id='line_1_31' title="bbox 189 2951 1792 3024; baseline 0.003 -19"><span class='ocrx_word' id='word_1_141' title='bbox 189 2951 303 3006; x_wconf 82' lang='lat' dir='ltr'>rasti</span> <span class='ocrx_word' id='word_1_142' title='bbox 326 2952 386 3006; x_wconf 87' lang='lat' dir='ltr'>ad</span> <span class='ocrx_word' id='word_1_143' title='bbox 410 2951 720 3024; x_wconf 88' lang='lat' dir='ltr'>publicum</span> <span class='ocrx_word' id='word_1_144' title='bbox 746 2967 760 3016; x_wconf 91' lang='lat'><strong>;</strong></span> <span class='ocrx_word' id='word_1_145' title='bbox 792 2967 903 3007; x_wconf 88' lang='lat' dir='ltr'>nos</span> <span class='ocrx_word' id='word_1_146' title='bbox 936 2967 965 3006; x_wconf 91' lang='lat' dir='ltr'>e</span> <span class='ocrx_word' id='word_1_147' title='bbox 997 2952 1128 3007; x_wconf 92' lang='lat' dir='ltr'>loco</span> <span class='ocrx_word' id='word_1_148' title='bbox 1181 2952 1448 3008; x_wconf 86' lang='lat' dir='ltr'>criminis</span> <span class='ocrx_word' id='word_1_149' title='bbox 1488 2958 1792 3022; x_wconf 84' lang='lat' dir='ltr'>exeuntes,</span> 
     </span>
    </p>
   </div>
   <div class='ocr_carea' id='block_1_32' title="bbox 191 3038 1792 3115">
    <p class='ocr_par' dir='ltr' id='par_1_32' title="bbox 191 3038 1792 3115">
     <span class='ocr_line' id='line_1_32' title="bbox 191 3038 1792 3115; baseline 0.004 -24"><span class='ocrx_word' id='word_1_150' title='bbox 191 3039 521 3095; x_wconf 84' lang='lat' dir='ltr'>munditiores</span> <span class='ocrx_word' id='word_1_151' title='bbox 534 3040 840 3096; x_wconf 89' lang='lat' dir='ltr'>concitum</span> <span class='ocrx_word' id='word_1_152' title='bbox 864 3038 1191 3096; x_wconf 84' lang='lat' dir='ltr'>divinitatis</span> <span class='ocrx_word' id='word_1_153' title='bbox 1211 3045 1325 3097; x_wconf 79' lang='lat' dir='ltr'>tuae</span> <span class='ocrx_word' id='word_1_154' title='bbox 1338 3047 1792 3115; x_wconf 85' lang='lat' dir='ltr'>prospectemus</span> 
     </span>
    </p>
   </div>
   <div class='ocr_carea' id='block_1_33' title="bbox 185 3127 1789 3197">
    <p class='ocr_par' dir='ltr' id='par_1_33' title="bbox 185 3127 1789 3197">
     <span class='ocr_line' id='line_1_33' title="bbox 185 3127 1789 3197; baseline 0.004 -16"><span class='ocrx_word' id='word_1_155' title='bbox 185 3140 455 3184; x_wconf 80' lang='lat' dir='ltr'>excursum</span> <span class='ocrx_word' id='word_1_156' title='bbox 480 3133 568 3185; x_wconf 91' lang='lat' dir='ltr'>:ut</span> <span class='ocrx_word' id='word_1_157' title='bbox 595 3134 875 3185; x_wconf 82' lang='lat' dir='ltr'>extrema</span> <span class='ocrx_word' id='word_1_158' title='bbox 904 3127 1041 3183; x_wconf 74' lang='lat' dir='ltr'>vitae</span> <span class='ocrx_word' id='word_1_159' title='bbox 1069 3134 1307 3197; x_wconf 69' lang='lat' dir='ltr'>nostrae,</span> <span class='ocrx_word' id='word_1_160' title='bbox 1331 3130 1553 3187; x_wconf 88' lang='lat' dir='ltr'>nullius</span> <span class='ocrx_word' id='word_1_161' title='bbox 1584 3131 1789 3189; x_wconf 91' lang='lat' dir='ltr'>discri-</span> 
     </span>
    </p>
   </div>
   <div class='ocr_carea' id='block_1_34' title="bbox 182 3217 1785 3291">
    <p class='ocr_par' dir='ltr' id='par_1_34' title="bbox 182 3217 1785 3291">
     <span class='ocr_line' id='line_1_34' title="bbox 182 3217 1785 3291; baseline 0.006 -22"><span class='ocrx_word' id='word_1_162' title='bbox 182 3217 324 3271; x_wconf 87' lang='lat' dir='ltr'>minis</span> <span class='ocrx_word' id='word_1_163' title='bbox 344 3218 783 3274; x_wconf 87' lang='lat' dir='ltr'>conculcatione</span> <span class='ocrx_word' id='word_1_164' title='bbox 801 3217 1108 3274; x_wconf 88' lang='lat' dir='ltr'>involvens</span> <span class='ocrx_word' id='word_1_165' title='bbox 1134 3236 1147 3283; x_wconf 89' lang='lat'><strong>;</strong></span> <span class='ocrx_word' id='word_1_166' title='bbox 1164 3220 1247 3275; x_wconf 87' lang='lat' dir='ltr'>sic</span> <span class='ocrx_word' id='word_1_167' title='bbox 1261 3234 1551 3291; x_wconf 89' lang='lat' dir='ltr'>provoces</span> <span class='ocrx_word' id='word_1_168' title='bbox 1566 3224 1785 3280; x_wconf 89' lang='lat' dir='ltr'>terrore</span> 
     </span>
    </p>
   </div>
   <div class='ocr_carea' id='block_1_35' title="bbox 175 3304 1283 3378">
    <p class='ocr_par' dir='ltr' id='par_1_35' title="bbox 175 3304 1283 3378">
     <span class='ocr_line' id='line_1_35' title="bbox 175 3304 1283 3378; baseline 0.005 -20"><span class='ocrx_word' id='word_1_169' title='bbox 175 3304 391 3373; x_wconf 70' lang='lat' dir='ltr'>justitim,</span> <span class='ocrx_word' id='word_1_170' title='bbox 422 3310 482 3362; x_wconf 89' lang='lat' dir='ltr'>ut</span> <span class='ocrx_word' id='word_1_171' title='bbox 509 3306 693 3364; x_wconf 87' lang='lat' dir='ltr'>solita</span> <span class='ocrx_word' id='word_1_172' title='bbox 718 3306 1014 3377; x_wconf 85' lang='lat' dir='ltr'>justiﬁces</span> <span class='ocrx_word' id='word_1_173' title='bbox 1045 3306 1283 3378; x_wconf 86' lang='lat' dir='ltr'>pietate.</span> 
     </span>
    </p>
   </div>
   <div class='ocr_carea' id='block_1_36' title="bbox 232 3411 1784 3484">
    <p class='ocr_par' dir='ltr' id='par_1_36' title="bbox 232 3411 1784 3484">
     <span class='ocr_line' id='line_1_36' title="bbox 232 3411 1784 3484; baseline 0.005 -20"><span class='ocrx_word' id='word_1_174' title='bbox 232 3413 372 3467; x_wconf 86' lang='lat' dir='ltr'>Pater</span> <span class='ocrx_word' id='word_1_175' title='bbox 396 3417 615 3478; x_wconf 89' lang='lat' dir='ltr'>noster,</span> <span class='ocrx_word' id='word_1_176' title='bbox 650 3411 762 3484; x_wconf 89' lang='lat' dir='ltr'>qui</span> <span class='ocrx_word' id='word_1_177' title='bbox 811 3428 873 3467; x_wconf 88' lang='lat' dir='ltr'>es</span> <span class='ocrx_word' id='word_1_178' title='bbox 903 3412 961 3467; x_wconf 93' lang='lat' dir='ltr'>in</span> <span class='ocrx_word' id='word_1_179' title='bbox 994 3412 1181 3471; x_wconf 65' lang='lat' dir='ltr'>caelis.</span> <span class='ocrx_word' id='word_1_180' title='bbox 1207 3426 1269 3473; x_wconf 72' lang='lat' dir='ltr'>BI.</span> <span class='ocrx_word' id='word_1_181' title='bbox 1287 3418 1491 3471; x_wconf 83' lang='lat' dir='ltr'>Amen.</span> <span class='ocrx_word' id='word_1_182' title='bbox 1516 3417 1784 3472; x_wconf 86' lang='lat' dir='ltr'>Sanctiﬁ-</span> 
     </span>
    </p>
   </div>
   <div class='ocr_carea' id='block_1_37' title="bbox 181 3503 1784 3573">
    <p class='ocr_par' dir='ltr' id='par_1_37' title="bbox 181 3503 1784 3573">
     <span class='ocr_line' id='line_1_37' title="bbox 181 3503 1784 3573; baseline 0.005 -20"><span class='ocrx_word' id='word_1_183' title='bbox 181 3504 312 3555; x_wconf 87' lang='lat' dir='ltr'>cetur</span> <span class='ocrx_word' id='word_1_184' title='bbox 335 3516 543 3557; x_wconf 87' lang='lat' dir='ltr'>nomen</span> <span class='ocrx_word' id='word_1_185' title='bbox 576 3507 771 3557; x_wconf 87' lang='lat' dir='ltr'>tuum.</span> <span class='ocrx_word' id='word_1_186' title='bbox 830 3513 892 3563; x_wconf 60' lang='lat' dir='ltr'>Rv.</span> <span class='ocrx_word' id='word_1_187' title='bbox 948 3505 1154 3557; x_wconf 80' lang='lat' dir='ltr'>Amen.</span> <span class='ocrx_word' id='word_1_188' title='bbox 1210 3503 1503 3561; x_wconf 85' lang='lat' dir='ltr'>Adveniat</span> <span class='ocrx_word' id='word_1_189' title='bbox 1530 3521 1784 3573; x_wconf 83' lang='lat' dir='ltr'>regnum</span> 
     </span>
    </p>
   </div>
   <div class='ocr_carea' id='block_1_38' title="bbox 178 3589 1779 3661">
    <p class='ocr_par' dir='ltr' id='par_1_38' title="bbox 178 3589 1779 3661">
     <span class='ocr_line' id='line_1_38' title="bbox 178 3589 1779 3661; baseline 0.006 -20"><span class='ocrx_word' id='word_1_190' title='bbox 178 3590 329 3643; x_wconf 88' lang='lat' dir='ltr'>tuum.</span> <span class='ocrx_word' id='word_1_191' title='bbox 356 3602 414 3649; x_wconf 68' lang='lat' dir='ltr'>Re.</span> <span class='ocrx_word' id='word_1_192' title='bbox 438 3595 649 3647; x_wconf 78' lang='lat' dir='ltr'>Amen.</span> <span class='ocrx_word' id='word_1_193' title='bbox 687 3590 810 3646; x_wconf 86' lang='lat' dir='ltr'>Fiat</span> <span class='ocrx_word' id='word_1_194' title='bbox 856 3589 1136 3646; x_wconf 90' lang='lat' dir='ltr'>voluntas</span> <span class='ocrx_word' id='word_1_195' title='bbox 1163 3596 1282 3659; x_wconf 88' lang='lat' dir='ltr'>tua,</span> <span class='ocrx_word' id='word_1_196' title='bbox 1335 3592 1483 3647; x_wconf 88' lang='lat' dir='ltr'>sicut</span> <span class='ocrx_word' id='word_1_197' title='bbox 1524 3594 1583 3648; x_wconf 92' lang='lat' dir='ltr'>in</span> <span class='ocrx_word' id='word_1_198' title='bbox 1611 3595 1779 3661; x_wconf 80' lang='lat' dir='ltr'>coelo,</span> 
     </span>
    </p>
   </div>
   <div class='ocr_carea' id='block_1_39' title="bbox 178 3676 1780 3753">
    <p class='ocr_par' dir='ltr' id='par_1_39' title="bbox 178 3676 1780 3753">
     <span class='ocr_line' id='line_1_39' title="bbox 178 3676 1780 3753; baseline 0.006 -23"><span class='ocrx_word' id='word_1_199' title='bbox 178 3679 219 3730; x_wconf 87' lang='lat' dir='ltr'>et</span> <span class='ocrx_word' id='word_1_200' title='bbox 239 3676 291 3732; x_wconf 87' lang='lat' dir='ltr'>in</span> <span class='ocrx_word' id='word_1_201' title='bbox 307 3684 464 3735; x_wconf 87' lang='lat' dir='ltr'>terra.</span> <span class='ocrx_word' id='word_1_202' title='bbox 492 3690 555 3749; x_wconf 60' lang='lat' dir='ltr'>ﬁ.</span> <span class='ocrx_word' id='word_1_203' title='bbox 573 3681 1018 3735; x_wconf 87' lang='lat' dir='ltr'>Amen.Panem</span> <span class='ocrx_word' id='word_1_204' title='bbox 1045 3683 1317 3736; x_wconf 90' lang='lat' dir='ltr'>nostrum</span> <span class='ocrx_word' id='word_1_205' title='bbox 1340 3681 1780 3753; x_wconf 89' lang='lat' dir='ltr'>quodidianum</span> 
     </span>
    </p>
   </div>
   <div class='ocr_carea' id='block_1_40' title="bbox 175 3763 1778 3835">
    <p class='ocr_par' dir='ltr' id='par_1_40' title="bbox 175 3763 1778 3835">
     <span class='ocr_line' id='line_1_40' title="bbox 175 3763 1778 3835; baseline 0.004 -17"><span class='ocrx_word' id='word_1_206' title='bbox 175 3763 394 3821; x_wconf 86' lang='lat' dir='ltr'>danobis</span> <span class='ocrx_word' id='word_1_207' title='bbox 431 3766 632 3825; x_wconf 86' lang='lat' dir='ltr'>hodie.</span> <span class='ocrx_word' id='word_1_208' title='bbox 660 3778 725 3835; x_wconf 69' lang='lat' dir='ltr'>Rt.</span> <span class='ocrx_word' id='word_1_209' title='bbox 750 3766 899 3832; x_wconf 86' lang='lat' dir='ltr'>Quia</span> <span class='ocrx_word' id='word_1_210' title='bbox 934 3769 1085 3823; x_wconf 90' lang='lat' dir='ltr'>Deus</span> <span class='ocrx_word' id='word_1_211' title='bbox 1116 3782 1195 3822; x_wconf 91' lang='lat' dir='ltr'>es.</span> <span class='ocrx_word' id='word_1_212' title='bbox 1225 3770 1293 3823; x_wconf 90' lang='lat' dir='ltr'>Et</span> <span class='ocrx_word' id='word_1_213' title='bbox 1342 3767 1572 3825; x_wconf 89' lang='lat' dir='ltr'>dimitte</span> <span class='ocrx_word' id='word_1_214' title='bbox 1604 3769 1778 3826; x_wconf 87' lang='lat' dir='ltr'>nobis</span> 
     </span>
    </p>
   </div>
   <div class='ocr_carea' id='block_1_41' title="bbox 172 3850 1776 3923">
    <p class='ocr_par' dir='ltr' id='par_1_41' title="bbox 172 3850 1776 3923">
     <span class='ocr_line' id='line_1_41' title="bbox 172 3850 1776 3923; baseline 0.006 -19"><span class='ocrx_word' id='word_1_215' title='bbox 172 3850 333 3909; x_wconf 87' lang='lat' dir='ltr'>debita</span> <span class='ocrx_word' id='word_1_216' title='bbox 350 3860 568 3923; x_wconf 86' lang='lat' dir='ltr'>nostra,</span> <span class='ocrx_word' id='word_1_217' title='bbox 594 3856 769 3918; x_wconf 90' lang='lat' dir='ltr'>sicut,</span> <span class='ocrx_word' id='word_1_218' title='bbox 801 3858 858 3911; x_wconf 89' lang='lat' dir='ltr'>et</span> <span class='ocrx_word' id='word_1_219' title='bbox 886 3870 997 3911; x_wconf 92' lang='lat' dir='ltr'>nos</span> <span class='ocrx_word' id='word_1_220' title='bbox 1018 3854 1373 3911; x_wconf 86' lang='lat' dir='ltr'>dimittimus</span> <span class='ocrx_word' id='word_1_221' title='bbox 1401 3854 1776 3913; x_wconf 83' lang='lat' dir='ltr'>debitoribus</span> 
     </span>
    </p>
   </div>
   <div class='ocr_carea' id='block_1_42' title="bbox 167 3943 1773 4009">
    <p class='ocr_par' dir='ltr' id='par_1_42' title="bbox 167 3943 1773 4009">
     <span class='ocr_line' id='line_1_42' title="bbox 167 3943 1773 4009; baseline 0.004 -15"><span class='ocrx_word' id='word_1_222' title='bbox 167 3943 361 3998; x_wconf 86' lang='lat' dir='ltr'>nostris.</span> <span class='ocrx_word' id='word_1_223' title='bbox 384 3944 667 4009; x_wconf 54' lang='lat' dir='ltr'>mAmen.</span> <span class='ocrx_word' id='word_1_224' title='bbox 684 3945 746 3998; x_wconf 78' lang='lat' dir='ltr'>Et</span> <span class='ocrx_word' id='word_1_225' title='bbox 766 3959 839 3998; x_wconf 91' lang='lat' dir='ltr'>ne</span> <span class='ocrx_word' id='word_1_226' title='bbox 870 3959 983 3999; x_wconf 90' lang='lat' dir='ltr'>nos</span> <span class='ocrx_word' id='word_1_227' title='bbox 1008 3943 1265 3999; x_wconf 91' lang='lat' dir='ltr'>inducas</span> <span class='ocrx_word' id='word_1_228' title='bbox 1282 3944 1339 3998; x_wconf 92' lang='lat' dir='ltr'>in</span> <span class='ocrx_word' id='word_1_229' title='bbox 1366 3947 1773 4001; x_wconf 88' lang='lat' dir='ltr'>tentationem.</span> 
     </span>
    </p>
   </div>
   <div class='ocr_carea' id='block_1_43' title="bbox 168 4030 981 4089">
    <p class='ocr_par' dir='ltr' id='par_1_43' title="bbox 168 4030 981 4089">
     <span class='ocr_line' id='line_1_43' title="bbox 168 4030 981 4089; baseline -0.002 -2"><span class='ocrx_word' id='word_1_230' title='bbox 168 4038 212 4087; x_wconf 74' lang='lat' dir='ltr'>tt.</span> <span class='ocrx_word' id='word_1_231' title='bbox 240 4030 337 4086; x_wconf 88' lang='lat' dir='ltr'>Sed</span> <span class='ocrx_word' id='word_1_232' title='bbox 366 4031 546 4088; x_wconf 89' lang='lat' dir='ltr'>libera</span> <span class='ocrx_word' id='word_1_233' title='bbox 574 4048 696 4088; x_wconf 90' lang='lat' dir='ltr'>nos</span> <span class='ocrx_word' id='word_1_234' title='bbox 728 4048 764 4089; x_wconf 90' lang='lat' dir='ltr'>a</span> <span class='ocrx_word' id='word_1_235' title='bbox 800 4032 981 4089; x_wconf 90' lang='lat' dir='ltr'>malo.</span> 
     </span>
    </p>
   </div>
   <div class='ocr_carea' id='block_1_44' title="bbox 215 4118 755 4191">
    <p class='ocr_par' dir='ltr' id='par_1_44' title="bbox 215 4118 755 4191">
     <span class='ocr_line' id='line_1_44' title="bbox 215 4118 755 4191; baseline 0.007 -20"><span class='ocrx_word' id='word_1_236' title='bbox 215 4118 369 4175; x_wconf 80' lang='lat' dir='ltr'>Dicat</span> <span class='ocrx_word' id='word_1_237' title='bbox 422 4120 755 4191; x_wconf 81' lang='lat' dir='ltr'>Presbyter.</span> 
     </span>
    </p>
   </div>
   <div class='ocr_carea' id='block_1_45' title="bbox 212 4207 1777 4281">
    <p class='ocr_par' dir='ltr' id='par_1_45' title="bbox 212 4207 1777 4281">
     <span class='ocr_line' id='line_1_45' title="bbox 212 4207 1777 4281; baseline 0.004 -21"><span class='ocrx_word' id='word_1_238' title='bbox 212 4207 441 4263; x_wconf 73' lang='lat' dir='ltr'>liberati</span> <span class='ocrx_word' id='word_1_239' title='bbox 468 4225 505 4265; x_wconf 88' lang='lat' dir='ltr'>a</span> <span class='ocrx_word' id='word_1_240' title='bbox 529 4210 718 4273; x_wconf 89' lang='lat' dir='ltr'>malo,</span> <span class='ocrx_word' id='word_1_241' title='bbox 748 4209 1082 4265; x_wconf 85' lang='lat' dir='ltr'>conﬁrmati</span> <span class='ocrx_word' id='word_1_242' title='bbox 1109 4224 1349 4281; x_wconf 90' lang='lat' dir='ltr'>semper</span> <span class='ocrx_word' id='word_1_243' title='bbox 1384 4209 1447 4266; x_wconf 93' lang='lat' dir='ltr'>in</span> <span class='ocrx_word' id='word_1_244' title='bbox 1488 4210 1648 4266; x_wconf 91' lang='lat' dir='ltr'>bono</span> <span class='ocrx_word' id='word_1_245' title='bbox 1672 4210 1777 4267; x_wconf 89' lang='lat' dir='ltr'>tibi</span> 
     </span>
    </p>
   </div>
   <div class='ocr_carea' id='block_1_46' title="bbox 154 4296 1770 4364">
    <p class='ocr_par' dir='ltr' id='par_1_46' title="bbox 154 4296 1770 4364">
     <span class='ocr_line' id='line_1_46' title="bbox 154 4296 1770 4364; baseline 0.005 -16"><span class='ocrx_word' id='word_1_246' title='bbox 154 4296 337 4351; x_wconf 83' lang='lat' dir='ltr'>servire</span> <span class='ocrx_word' id='word_1_247' title='bbox 356 4312 695 4354; x_wconf 89' lang='lat' dir='ltr'>mereamur</span> <span class='ocrx_word' id='word_1_248' title='bbox 726 4300 867 4361; x_wconf 92' lang='lat' dir='ltr'>Deo,</span> <span class='ocrx_word' id='word_1_249' title='bbox 899 4314 969 4353; x_wconf 91' lang='lat' dir='ltr'>ac</span> <span class='ocrx_word' id='word_1_250' title='bbox 1001 4298 1255 4354; x_wconf 91' lang='lat' dir='ltr'>Domino</span> <span class='ocrx_word' id='word_1_251' title='bbox 1307 4303 1536 4356; x_wconf 89' lang='lat' dir='ltr'>nostro.</span> <span class='ocrx_word' id='word_1_252' title='bbox 1595 4301 1770 4364; x_wconf 89' lang='lat' dir='ltr'>Pone,</span> 
     </span>
    </p>
   </div>
   <div class='ocr_carea' id='block_1_47' title="bbox 158 4384 1777 4459">
    <p class='ocr_par' dir='ltr' id='par_1_47' title="bbox 158 4384 1777 4459">
     <span class='ocr_line' id='line_1_47' title="bbox 158 4384 1777 4459; baseline 0.005 -23"><span class='ocrx_word' id='word_1_253' title='bbox 158 4384 580 4449; x_wconf 82' lang='lat' dir='ltr'>Domine,ﬁnem</span> <span class='ocrx_word' id='word_1_254' title='bbox 595 4386 1089 4459; x_wconf 87' lang='lat' dir='ltr'>peccatisnostris</span> <span class='ocrx_word' id='word_1_255' title='bbox 1121 4407 1131 4445; x_wconf 93' lang='lat'><strong>:</strong></span> <span class='ocrx_word' id='word_1_256' title='bbox 1159 4386 1243 4443; x_wconf 88' lang='lat' dir='ltr'>da</span> <span class='ocrx_word' id='word_1_257' title='bbox 1272 4388 1562 4459; x_wconf 84' lang='lat' dir='ltr'>gaudium</span> <span class='ocrx_word' id='word_1_258' title='bbox 1596 4388 1777 4444; x_wconf 90' lang='lat' dir='ltr'>tribu-</span> 
     </span>
    </p>
   </div>
   <div class='ocr_carea' id='block_1_48' title="bbox 3530 282 3602 339">
    <p class='ocr_par' dir='ltr' id='par_1_48' title="bbox 3530 282 3602 339">
     <span class='ocr_line' id='line_1_48' title="bbox 3530 282 3602 339; baseline 0 0"><span class='ocrx_word' id='word_1_259' title='bbox 3530 282 3602 339; x_wconf 90' lang='lat'>50</span> 
     </span>
    </p>
   </div>
   <div class='ocr_carea' id='block_1_49' title="bbox 1945 484 2808 553">
    <p class='ocr_par' dir='ltr' id='par_1_49' title="bbox 1945 484 2808 553">
     <span class='ocr_line' id='line_1_49' title="bbox 1945 484 2808 553; baseline 0.009 -16"><span class='ocrx_word' id='word_1_260' title='bbox 1945 498 2057 553; x_wconf 87' lang='lat' dir='ltr'>que</span> <span class='ocrx_word' id='word_1_261' title='bbox 2081 484 2184 541; x_wconf 86' lang='lat' dir='ltr'>ubi</span> <span class='ocrx_word' id='word_1_262' title='bbox 2218 485 2366 541; x_wconf 80' lang='lat' dir='ltr'>dicit</span> <span class='ocrx_word' id='word_1_263' title='bbox 2420 487 2808 546; x_wconf 82' lang='lat' dir='ltr'>:Benedictio.</span> 
     </span>
    </p>
   </div>
   <div class='ocr_carea' id='block_1_50' title="bbox 2017 573 2553 647">
    <p class='ocr_par' dir='ltr' id='par_1_50' title="bbox 2017 573 2553 647">
     <span class='ocr_line' id='line_1_50' title="bbox 2017 573 2553 647; baseline 0.007 -20"><span class='ocrx_word' id='word_1_264' title='bbox 2017 573 2189 629; x_wconf 80' lang='lat' dir='ltr'>Dicat</span> <span class='ocrx_word' id='word_1_265' title='bbox 2218 576 2553 647; x_wconf 83' lang='lat' dir='ltr'>Presbyter.</span> 
     </span>
    </p>
   </div>
   <div class='ocr_carea' id='block_1_51' title="bbox 2014 662 3596 745">
    <p class='ocr_par' dir='ltr' id='par_1_51' title="bbox 2014 662 3596 745">
     <span class='ocr_line' id='line_1_51' title="bbox 2014 662 3596 745; baseline 0.009 -29"><span class='ocrx_word' id='word_1_266' title='bbox 2014 662 2379 720; x_wconf 76' lang='lat' dir='ltr'>Benedictio.</span> <span class='ocrx_word' id='word_1_267' title='bbox 2400 663 2662 721; x_wconf 85' lang='lat' dir='ltr'>Christus</span> <span class='ocrx_word' id='word_1_268' title='bbox 2675 664 2982 733; x_wconf 90' lang='lat' dir='ltr'>Dominus,</span> <span class='ocrx_word' id='word_1_269' title='bbox 3014 666 3113 737; x_wconf 88' lang='lat' dir='ltr'>qui</span> <span class='ocrx_word' id='word_1_270' title='bbox 3128 666 3207 725; x_wconf 88' lang='lat' dir='ltr'>ad</span> <span class='ocrx_word' id='word_1_271' title='bbox 3231 670 3596 745; x_wconf 88' lang='lat' dir='ltr'>redemptio-</span> 
     </span>
    </p>
   </div>
   <div class='ocr_carea' id='block_1_52' title="bbox 1943 755 3593 825">
    <p class='ocr_par' dir='ltr' id='par_1_52' title="bbox 1943 755 3593 825">
     <span class='ocr_line' id='line_1_52' title="bbox 1943 755 3593 825; baseline 0.01 -21"><span class='ocrx_word' id='word_1_272' title='bbox 1943 765 2081 805; x_wconf 90' lang='lat' dir='ltr'>nem</span> <span class='ocrx_word' id='word_1_273' title='bbox 2112 757 2378 809; x_wconf 84' lang='lat' dir='ltr'>nostram</span> <span class='ocrx_word' id='word_1_274' title='bbox 2403 755 2583 823; x_wconf 89' lang='lat' dir='ltr'>venit,</span> <span class='ocrx_word' id='word_1_275' title='bbox 2598 770 2719 811; x_wconf 91' lang='lat' dir='ltr'>non</span> <span class='ocrx_word' id='word_1_276' title='bbox 2739 757 3065 813; x_wconf 88' lang='lat' dir='ltr'>mutatione</span> <span class='ocrx_word' id='word_1_277' title='bbox 3099 756 3237 825; x_wconf 89' lang='lat' dir='ltr'>loci,</span> <span class='ocrx_word' id='word_1_278' title='bbox 3257 760 3363 815; x_wconf 91' lang='lat' dir='ltr'>sed</span> <span class='ocrx_word' id='word_1_279' title='bbox 3381 763 3593 820; x_wconf 86' lang='lat' dir='ltr'>verita-</span> 
     </span>
    </p>
   </div>
   <div class='ocr_carea' id='block_1_53' title="bbox 1943 839 3591 915">
    <p class='ocr_par' dir='ltr' id='par_1_53' title="bbox 1943 839 3591 915">
     <span class='ocr_line' id='line_1_53' title="bbox 1943 839 3591 915; baseline 0.008 -21"><span class='ocrx_word' id='word_1_280' title='bbox 1943 844 1995 894; x_wconf 91' lang='lat' dir='ltr'>te</span> <span class='ocrx_word' id='word_1_281' title='bbox 2025 839 2285 895; x_wconf 86' lang='lat' dir='ltr'>hominis</span> <span class='ocrx_word' id='word_1_282' title='bbox 2326 843 2621 915; x_wconf 84' lang='lat' dir='ltr'>assumpti</span> <span class='ocrx_word' id='word_1_283' title='bbox 2680 843 3101 902; x_wconf 84' lang='lat' dir='ltr'>clariﬁcandos</span> <span class='ocrx_word' id='word_1_284' title='bbox 3148 862 3259 903; x_wconf 87' lang='lat' dir='ltr'>nos</span> <span class='ocrx_word' id='word_1_285' title='bbox 3282 847 3591 908; x_wconf 86' lang='lat' dir='ltr'>attollatin</span> 
     </span>
    </p>
   </div>
   <div class='ocr_carea' id='block_1_54' title="bbox 1942 928 3591 1006">
    <p class='ocr_par' dir='ltr' id='par_1_54' title="bbox 1942 928 3591 1006">
     <span class='ocr_line' id='line_1_54' title="bbox 1942 928 3591 1006; baseline 0.008 -24"><span class='ocrx_word' id='word_1_286' title='bbox 1942 928 2195 997; x_wconf 80' lang='lat' dir='ltr'>gloriam</span> <span class='ocrx_word' id='word_1_287' title='bbox 2224 930 2407 1002; x_wconf 82' lang='lat' dir='ltr'>regni.</span> <span class='ocrx_word' id='word_1_288' title='bbox 2446 943 2512 999; x_wconf 50' lang='lat' dir='ltr'>Pr.</span> <span class='ocrx_word' id='word_1_289' title='bbox 2538 936 2749 990; x_wconf 85' lang='lat' dir='ltr'>Amen.</span> <span class='ocrx_word' id='word_1_290' title='bbox 2776 938 2965 1006; x_wconf 80' lang='lat' dir='ltr'>Atque</span> <span class='ocrx_word' id='word_1_291' title='bbox 2996 933 3159 991; x_wconf 89' lang='lat' dir='ltr'>idem</span> <span class='ocrx_word' id='word_1_292' title='bbox 3189 936 3268 994; x_wconf 84' lang='lat' dir='ltr'>ad</span> <span class='ocrx_word' id='word_1_293' title='bbox 3292 937 3591 996; x_wconf 88' lang='lat' dir='ltr'>redimen-</span> 
     </span>
    </p>
   </div>
   <div class='ocr_carea' id='block_1_55' title="bbox 1939 1016 3589 1093">
    <p class='ocr_par' dir='ltr' id='par_1_55' title="bbox 1939 1016 3589 1093">
     <span class='ocr_line' id='line_1_55' title="bbox 1939 1016 3589 1093; baseline 0.008 -22"><span class='ocrx_word' id='word_1_294' title='bbox 1939 1016 2086 1072; x_wconf 86' lang='lat' dir='ltr'>dum</span> <span class='ocrx_word' id='word_1_295' title='bbox 2114 1019 2376 1088; x_wconf 85' lang='lat' dir='ltr'>veniens,</span> <span class='ocrx_word' id='word_1_296' title='bbox 2403 1020 2745 1093; x_wconf 86' lang='lat' dir='ltr'>redemptos</span> <span class='ocrx_word' id='word_1_297' title='bbox 2757 1037 2868 1079; x_wconf 90' lang='lat' dir='ltr'>nos</span> <span class='ocrx_word' id='word_1_298' title='bbox 2896 1038 2931 1078; x_wconf 91' lang='lat' dir='ltr'>a</span> <span class='ocrx_word' id='word_1_299' title='bbox 2958 1023 3135 1080; x_wconf 89' lang='lat' dir='ltr'>malis</span> <span class='ocrx_word' id='word_1_300' title='bbox 3162 1025 3445 1083; x_wconf 89' lang='lat' dir='ltr'>omnibus</span> <span class='ocrx_word' id='word_1_301' title='bbox 3467 1044 3589 1086; x_wconf 86' lang='lat' dir='ltr'>ser-</span> 
     </span>
    </p>
   </div>
   <div class='ocr_carea' id='block_1_56' title="bbox 1939 1108 3589 1188">
    <p class='ocr_par' dir='ltr' id='par_1_56' title="bbox 1939 1108 3589 1188">
     <span class='ocr_line' id='line_1_56' title="bbox 1939 1108 3589 1188; baseline 0.009 -29"><span class='ocrx_word' id='word_1_302' title='bbox 1939 1108 2051 1161; x_wconf 90' lang='lat' dir='ltr'>vet.</span> <span class='ocrx_word' id='word_1_303' title='bbox 2084 1117 2145 1165; x_wconf 69' lang='grc' dir='ltr'>Ην.</span> <span class='ocrx_word' id='word_1_304' title='bbox 2176 1108 2444 1178; x_wconf 57' lang='grc' dir='ltr'>Αηιθιιζῐςι</span> <span class='ocrx_word' id='word_1_305' title='bbox 2468 1110 2760 1181; x_wconf 89' lang='lat' dir='ltr'>quoniam</span> <span class='ocrx_word' id='word_1_306' title='bbox 2790 1109 2916 1181; x_wconf 89' lang='lat' dir='ltr'>ipse</span> <span class='ocrx_word' id='word_1_307' title='bbox 2941 1110 3292 1170; x_wconf 89' lang='lat' dir='ltr'>humiliatus</span> <span class='ocrx_word' id='word_1_308' title='bbox 3312 1114 3589 1188; x_wconf 89' lang='lat' dir='ltr'>iniquita-</span> 
     </span>
    </p>
   </div>
   <div class='ocr_carea' id='block_1_57' title="bbox 1938 1196 3586 1269">
    <p class='ocr_par' dir='ltr' id='par_1_57' title="bbox 1938 1196 3586 1269">
     <span class='ocr_line' id='line_1_57' title="bbox 1938 1196 3586 1269; baseline 0.008 -22"><span class='ocrx_word' id='word_1_309' title='bbox 1938 1196 2057 1248; x_wconf 90' lang='lat' dir='ltr'>tem</span> <span class='ocrx_word' id='word_1_310' title='bbox 2086 1199 2353 1251; x_wconf 88' lang='lat' dir='ltr'>nostram</span> <span class='ocrx_word' id='word_1_311' title='bbox 2380 1196 2654 1263; x_wconf 88' lang='lat' dir='ltr'>abstulit;</span> <span class='ocrx_word' id='word_1_312' title='bbox 2696 1197 2823 1269; x_wconf 91' lang='lat' dir='ltr'>ipse</span> <span class='ocrx_word' id='word_1_313' title='bbox 2876 1197 3171 1269; x_wconf 87' lang='lat' dir='ltr'>ploriosus</span> <span class='ocrx_word' id='word_1_314' title='bbox 3203 1200 3586 1260; x_wconf 86' lang='lat' dir='ltr'>beatitudinis</span> 
     </span>
    </p>
   </div>
   <div class='ocr_carea' id='block_1_58' title="bbox 1935 1282 3583 1355">
    <p class='ocr_par' dir='ltr' id='par_1_58' title="bbox 1935 1282 3583 1355">
     <span class='ocr_line' id='line_1_58' title="bbox 1935 1282 3583 1355; baseline 0.007 -18"><span class='ocrx_word' id='word_1_315' title='bbox 1935 1282 2111 1339; x_wconf 88' lang='lat' dir='ltr'>nobis</span> <span class='ocrx_word' id='word_1_316' title='bbox 2139 1284 2389 1355; x_wconf 71' lang='lat' dir='ltr'>praemia</span> <span class='ocrx_word' id='word_1_317' title='bbox 2413 1285 2614 1342; x_wconf 91' lang='lat' dir='ltr'>donet.</span> <span class='ocrx_word' id='word_1_318' title='bbox 2640 1298 2703 1353; x_wconf 62' lang='grc' dir='ltr'><strong>η.</strong></span> <span class='ocrx_word' id='word_1_319' title='bbox 2732 1292 2939 1343; x_wconf 85' lang='lat' dir='ltr'>Amen.</span> <span class='ocrx_word' id='word_1_320' title='bbox 2974 1291 3078 1345; x_wconf 90' lang='lat' dir='ltr'>Per</span> <span class='ocrx_word' id='word_1_321' title='bbox 3108 1290 3583 1350; x_wconf 89' lang='lat' dir='ltr'>misericordiam</span> 
     </span>
    </p>
   </div>
   <div class='ocr_carea' id='block_1_59' title="bbox 1934 1370 3581 1448">
    <p class='ocr_par' dir='ltr' id='par_1_59' title="bbox 1934 1370 3581 1448">
     <span class='ocr_line' id='line_1_59' title="bbox 1934 1370 3581 1448; baseline 0.008 -23"><span class='ocrx_word' id='word_1_322' title='bbox 1934 1370 2122 1442; x_wconf 92' lang='lat' dir='ltr'>ipsius</span> <span class='ocrx_word' id='word_1_323' title='bbox 2138 1374 2236 1429; x_wconf 89' lang='lat' dir='ltr'>Dei</span> <span class='ocrx_word' id='word_1_324' title='bbox 2257 1375 2571 1447; x_wconf 85' lang='lat' dir='ltr'>nostri,qui</span> <span class='ocrx_word' id='word_1_325' title='bbox 2588 1382 2679 1431; x_wconf 88' lang='lat' dir='ltr'>est</span> <span class='ocrx_word' id='word_1_326' title='bbox 2702 1374 3074 1444; x_wconf 79' lang='lat' dir='ltr'>benedictus,</span> <span class='ocrx_word' id='word_1_327' title='bbox 3105 1378 3324 1448; x_wconf 87' lang='lat' dir='ltr'>etvivit,</span> <span class='ocrx_word' id='word_1_328' title='bbox 3373 1384 3429 1438; x_wconf 89' lang='lat' dir='ltr'>et</span> <span class='ocrx_word' id='word_1_329' title='bbox 3455 1396 3581 1438; x_wconf 91' lang='lat' dir='ltr'>om-</span> 
     </span>
    </p>
   </div>
   <div class='ocr_carea' id='block_1_60' title="bbox 1930 1460 3283 1535">
    <p class='ocr_par' dir='ltr' id='par_1_60' title="bbox 1930 1460 3283 1535">
     <span class='ocr_line' id='line_1_60' title="bbox 1930 1460 3283 1535; baseline 0.005 -20"><span class='ocrx_word' id='word_1_330' title='bbox 1930 1460 2030 1517; x_wconf 91' lang='lat' dir='ltr'>nia</span> <span class='ocrx_word' id='word_1_331' title='bbox 2058 1462 2205 1531; x_wconf 89' lang='lat' dir='ltr'>regit</span> <span class='ocrx_word' id='word_1_332' title='bbox 2235 1462 2297 1518; x_wconf 91' lang='lat' dir='ltr'>in</span> <span class='ocrx_word' id='word_1_333' title='bbox 2328 1464 2547 1520; x_wconf 83' lang='lat' dir='ltr'>saecula</span> <span class='ocrx_word' id='word_1_334' title='bbox 2568 1464 2943 1521; x_wconf 68' lang='lat' dir='ltr'>saeculorum.</span> <span class='ocrx_word' id='word_1_335' title='bbox 2975 1477 3040 1535; x_wconf 58' lang='lat' dir='ltr'>11v.</span> <span class='ocrx_word' id='word_1_336' title='bbox 3075 1468 3283 1524; x_wconf 80' lang='lat' dir='ltr'>Amen.</span> 
     </span>
    </p>
   </div>
   <div class='ocr_carea' id='block_1_61' title="bbox 2000 1551 3576 1630">
    <p class='ocr_par' dir='ltr' id='par_1_61' title="bbox 2000 1551 3576 1630">
     <span class='ocr_line' id='line_1_61' title="bbox 2000 1551 3576 1630; baseline 0.008 -27"><span class='ocrx_word' id='word_1_337' title='bbox 2000 1551 2174 1607; x_wconf 86' lang='lat' dir='ltr'>Dicat</span> <span class='ocrx_word' id='word_1_338' title='bbox 2204 1552 2542 1625; x_wconf 79' lang='lat' dir='ltr'>Presbyter.</span> <span class='ocrx_word' id='word_1_339' title='bbox 2573 1552 2859 1611; x_wconf 90' lang='lat' dir='ltr'>Dominus</span> <span class='ocrx_word' id='word_1_340' title='bbox 2886 1554 2960 1611; x_wconf 88' lang='lat' dir='ltr'>sit</span> <span class='ocrx_word' id='word_1_341' title='bbox 2986 1571 3222 1630; x_wconf 89' lang='lat' dir='ltr'>semper</span> <span class='ocrx_word' id='word_1_342' title='bbox 3250 1556 3576 1617; x_wconf 88' lang='lat' dir='ltr'>vobiscum.</span> 
     </span>
    </p>
   </div>
   <div class='ocr_carea' id='block_1_62' title="bbox 1930 1641 2282 1698">
    <p class='ocr_par' dir='ltr' id='par_1_62' title="bbox 1930 1641 2282 1698">
     <span class='ocr_line' id='line_1_62' title="bbox 1930 1641 2282 1698; baseline -0.009 0"><span class='ocrx_word' id='word_1_343' title='bbox 1930 1650 1991 1698; x_wconf 63' lang='grc' dir='ltr'><strong>ἢ.</strong></span> <span class='ocrx_word' id='word_1_344' title='bbox 2019 1641 2084 1695; x_wconf 85' lang='lat' dir='ltr'>Et</span> <span class='ocrx_word' id='word_1_345' title='bbox 2124 1656 2282 1697; x_wconf 91' lang='lat' dir='ltr'>cum.</span> 
     </span>
    </p>
   </div>
   <div class='ocr_carea' id='block_1_63' title="bbox 1844 1729 3575 1801">
    <p class='ocr_par' dir='ltr' id='par_1_63' title="bbox 1844 1729 3575 1801">
     <span class='ocr_line' id='line_1_63' title="bbox 1844 1729 3575 1801; baseline 0.006 -19"><span class='ocrx_word' id='word_1_346' title='bbox 1844 1744 1887 1799; x_wconf 79' lang='grc' dir='ltr'>Β</span> <span class='ocrx_word' id='word_1_347' title='bbox 1995 1729 2073 1784; x_wconf 84' lang='lat' dir='ltr'>Et</span> <span class='ocrx_word' id='word_1_348' title='bbox 2096 1736 2254 1794; x_wconf 86' lang='lat' dir='ltr'>nota,</span> <span class='ocrx_word' id='word_1_349' title='bbox 2278 1733 2427 1801; x_wconf 81' lang='lat' dir='ltr'>quod</span> <span class='ocrx_word' id='word_1_350' title='bbox 2452 1733 2510 1785; x_wconf 85' lang='lat' dir='ltr'>in</span> <span class='ocrx_word' id='word_1_351' title='bbox 2531 1733 2653 1801; x_wconf 79' lang='lat' dir='ltr'>ﬁne</span> <span class='ocrx_word' id='word_1_352' title='bbox 2677 1733 2938 1789; x_wconf 87' lang='lat' dir='ltr'>omnium</span> <span class='ocrx_word' id='word_1_353' title='bbox 2966 1734 3456 1792; x_wconf 78' lang='lat' dir='ltr'>Benedictionum</span> <span class='ocrx_word' id='word_1_354' title='bbox 3479 1737 3575 1794; x_wconf 85' lang='lat' dir='ltr'>de—</span> 
     </span>
    </p>
   </div>
   <div class='ocr_carea' id='block_1_64' title="bbox 1928 1816 2785 1891">
    <p class='ocr_par' dir='ltr' id='par_1_64' title="bbox 1928 1816 2785 1891">
     <span class='ocr_line' id='line_1_64' title="bbox 1928 1816 2785 1891; baseline 0.006 -20"><span class='ocrx_word' id='word_1_355' title='bbox 1928 1816 2017 1873; x_wconf 87' lang='lat' dir='ltr'>bet</span> <span class='ocrx_word' id='word_1_356' title='bbox 2033 1818 2155 1873; x_wconf 87' lang='lat' dir='ltr'>dici</span> <span class='ocrx_word' id='word_1_357' title='bbox 2179 1819 2345 1875; x_wconf 86' lang='lat' dir='ltr'>modo</span> <span class='ocrx_word' id='word_1_358' title='bbox 2372 1835 2557 1891; x_wconf 83' lang='lat' dir='ltr'>supra</span> <span class='ocrx_word' id='word_1_359' title='bbox 2608 1821 2785 1879; x_wconf 85' lang='lat' dir='ltr'>dicto.</span> 
     </span>
    </p>
   </div>
   <div class='ocr_carea' id='block_1_65' title="bbox 1994 1907 3572 1983">
    <p class='ocr_par' dir='ltr' id='par_1_65' title="bbox 1994 1907 3572 1983">
     <span class='ocr_line' id='line_1_65' title="bbox 1994 1907 3572 1983; baseline 0.006 -22"><span class='ocrx_word' id='word_1_360' title='bbox 1994 1907 2227 1963; x_wconf 86' lang='lat' dir='ltr'>Lauda.</span> <span class='ocrx_word' id='word_1_361' title='bbox 2262 1909 2372 1974; x_wconf 89' lang='lat' dir='ltr'>Qui</span> <span class='ocrx_word' id='word_1_362' title='bbox 2391 1909 2563 1964; x_wconf 91' lang='lat' dir='ltr'>sedes</span> <span class='ocrx_word' id='word_1_363' title='bbox 2589 1910 3091 1981; x_wconf 91' lang='lat' dir='ltr'>supercherubim</span> <span class='ocrx_word' id='word_1_364' title='bbox 3126 1914 3572 1983; x_wconf 82' lang='lat' dir='ltr'>appare.P.Ve-</span> 
     </span>
    </p>
   </div>
   <div class='ocr_carea' id='block_1_66' title="bbox 1920 1994 3575 2071">
    <p class='ocr_par' dir='ltr' id='par_1_66' title="bbox 1920 1994 3575 2071">
     <span class='ocr_line' id='line_1_66' title="bbox 1920 1994 3575 2071; baseline 0.005 -21"><span class='ocrx_word' id='word_1_365' title='bbox 1920 1994 2005 2065; x_wconf 92' lang='lat' dir='ltr'>ni,</span> <span class='ocrx_word' id='word_1_366' title='bbox 2026 2001 2083 2051; x_wconf 91' lang='lat' dir='ltr'>et</span> <span class='ocrx_word' id='word_1_367' title='bbox 2107 1996 2275 2053; x_wconf 89' lang='lat' dir='ltr'>salva</span> <span class='ocrx_word' id='word_1_368' title='bbox 2302 1998 2708 2065; x_wconf 89' lang='lat' dir='ltr'>nos,Domine.</span> <span class='ocrx_word' id='word_1_369' title='bbox 2733 1998 3002 2057; x_wconf 82' lang='lat' dir='ltr'>Alleluia.</span> <span class='ocrx_word' id='word_1_370' title='bbox 3022 2000 3081 2059; x_wconf 56' lang='lat' dir='ltr'>in</span> <span class='ocrx_word' id='word_1_371' title='bbox 3099 2001 3238 2066; x_wconf 82' lang='lat' dir='ltr'>Quis</span> <span class='ocrx_word' id='word_1_372' title='bbox 3259 2002 3575 2071; x_wconf 90' lang='lat' dir='ltr'>regislsra-</span> 
     </span>
    </p>
   </div>
   <div class='ocr_carea' id='block_1_67' title="bbox 1921 2083 3567 2162">
    <p class='ocr_par' dir='ltr' id='par_1_67' title="bbox 1921 2083 3567 2162">
     <span class='ocr_line' id='line_1_67' title="bbox 1921 2083 3567 2162; baseline 0.005 -23"><span class='ocrx_word' id='word_1_373' title='bbox 1921 2083 1994 2150; x_wconf 92' lang='lat' dir='ltr'>el,</span> <span class='ocrx_word' id='word_1_374' title='bbox 2018 2084 2257 2141; x_wconf 89' lang='lat' dir='ltr'>intende</span> <span class='ocrx_word' id='word_1_375' title='bbox 2291 2088 2432 2159; x_wconf 89' lang='lat' dir='ltr'>:qui</span> <span class='ocrx_word' id='word_1_376' title='bbox 2482 2086 2754 2158; x_wconf 90' lang='lat' dir='ltr'>deducis,</span> <span class='ocrx_word' id='word_1_377' title='bbox 2784 2088 2947 2145; x_wconf 90' lang='lat' dir='ltr'>velut</span> <span class='ocrx_word' id='word_1_378' title='bbox 2998 2104 3186 2156; x_wconf 91' lang='lat' dir='ltr'>ovem,</span> <span class='ocrx_word' id='word_1_379' title='bbox 3231 2091 3567 2162; x_wconf 88' lang='lat' dir='ltr'>Joseph.P.</span> 
     </span>
    </p>
   </div>
   <div class='ocr_carea' id='block_1_68' title="bbox 1922 2173 3574 2245">
    <p class='ocr_par' dir='ltr' id='par_1_68' title="bbox 1922 2173 3574 2245">
     <span class='ocr_line' id='line_1_68' title="bbox 1922 2173 3574 2245; baseline 0.006 -17"><span class='ocrx_word' id='word_1_380' title='bbox 1922 2173 2080 2240; x_wconf 90' lang='lat' dir='ltr'>Veni,</span> <span class='ocrx_word' id='word_1_381' title='bbox 2100 2177 2156 2230; x_wconf 91' lang='lat' dir='ltr'>et</span> <span class='ocrx_word' id='word_1_382' title='bbox 2185 2176 2370 2231; x_wconf 90' lang='lat' dir='ltr'>salva.</span> <span class='ocrx_word' id='word_1_383' title='bbox 2400 2176 2463 2235; x_wconf 64' lang='lat' dir='ltr'>it.</span> <span class='ocrx_word' id='word_1_384' title='bbox 2483 2175 2698 2241; x_wconf 90' lang='lat' dir='ltr'>Gloria,</span> <span class='ocrx_word' id='word_1_385' title='bbox 2733 2181 2790 2232; x_wconf 89' lang='lat' dir='ltr'>et</span> <span class='ocrx_word' id='word_1_386' title='bbox 2816 2176 3011 2234; x_wconf 89' lang='lat' dir='ltr'>honor</span> <span class='ocrx_word' id='word_1_387' title='bbox 3036 2178 3208 2245; x_wconf 89' lang='lat' dir='ltr'>Patri,</span> <span class='ocrx_word' id='word_1_388' title='bbox 3233 2183 3290 2235; x_wconf 90' lang='lat' dir='ltr'>et</span> <span class='ocrx_word' id='word_1_389' title='bbox 3322 2178 3481 2245; x_wconf 85' lang='lat' dir='ltr'>Filio,</span> <span class='ocrx_word' id='word_1_390' title='bbox 3515 2186 3574 2238; x_wconf 90' lang='lat' dir='ltr'>et</span> 
     </span>
    </p>
   </div>
   <div class='ocr_carea' id='block_1_69' title="bbox 1920 2261 3386 2333">
    <p class='ocr_par' dir='ltr' id='par_1_69' title="bbox 1920 2261 3386 2333">
     <span class='ocr_line' id='line_1_69' title="bbox 1920 2261 3386 2333; baseline 0.005 -17"><span class='ocrx_word' id='word_1_391' title='bbox 1920 2261 2159 2333; x_wconf 87' lang='lat' dir='ltr'>Spiritui</span> <span class='ocrx_word' id='word_1_392' title='bbox 2183 2264 2397 2319; x_wconf 90' lang='lat' dir='ltr'>Sancto</span> <span class='ocrx_word' id='word_1_393' title='bbox 2422 2264 2483 2320; x_wconf 92' lang='lat' dir='ltr'>in</span> <span class='ocrx_word' id='word_1_394' title='bbox 2517 2264 2737 2321; x_wconf 72' lang='lat' dir='ltr'>saecula</span> <span class='ocrx_word' id='word_1_395' title='bbox 2762 2264 3151 2326; x_wconf 81' lang='lat' dir='ltr'>sceculorum.</span> <span class='ocrx_word' id='word_1_396' title='bbox 3178 2267 3386 2325; x_wconf 89' lang='lat' dir='ltr'>Amen.</span> 
     </span>
    </p>
   </div>
   <div class='ocr_carea' id='block_1_70' title="bbox 1986 2351 2746 2421">
    <p class='ocr_par' dir='ltr' id='par_1_70' title="bbox 1986 2351 2746 2421">
     <span class='ocr_line' id='line_1_70' title="bbox 1986 2351 2746 2421; baseline 0.008 -18"><span class='ocrx_word' id='word_1_397' title='bbox 1986 2351 2050 2403; x_wconf 93' lang='lat' dir='ltr'>P.</span> <span class='ocrx_word' id='word_1_398' title='bbox 2087 2351 2246 2421; x_wconf 86' lang='lat' dir='ltr'>Veni,</span> <span class='ocrx_word' id='word_1_399' title='bbox 2281 2356 2338 2408; x_wconf 88' lang='lat' dir='ltr'>et</span> <span class='ocrx_word' id='word_1_400' title='bbox 2394 2351 2562 2408; x_wconf 85' lang='lat' dir='ltr'>salva</span> <span class='ocrx_word' id='word_1_401' title='bbox 2612 2369 2746 2409; x_wconf 91' lang='lat' dir='ltr'>nos.</span> 
     </span>
    </p>
   </div>
   <div class='ocr_carea' id='block_1_71' title="bbox 1990 2438 3565 2515">
    <p class='ocr_par' dir='ltr' id='par_1_71' title="bbox 1990 2438 3565 2515">
     <span class='ocr_line' id='line_1_71' title="bbox 1990 2438 3565 2515; baseline 0.006 -23"><span class='ocrx_word' id='word_1_402' title='bbox 1990 2439 2042 2510; x_wconf 80' lang='lat'>3</span> <span class='ocrx_word' id='word_1_403' title='bbox 2079 2438 2303 2496; x_wconf 83' lang='lat' dir='ltr'>Oratio.</span> <span class='ocrx_word' id='word_1_404' title='bbox 2335 2443 2506 2512; x_wconf 89' lang='lat' dir='ltr'>Deus,</span> <span class='ocrx_word' id='word_1_405' title='bbox 2561 2442 2663 2498; x_wconf 89' lang='lat' dir='ltr'>Dei</span> <span class='ocrx_word' id='word_1_406' title='bbox 2718 2441 2911 2509; x_wconf 88' lang='lat' dir='ltr'>Filius,</span> <span class='ocrx_word' id='word_1_407' title='bbox 2965 2443 3137 2515; x_wconf 90' lang='lat' dir='ltr'>cujus</span> <span class='ocrx_word' id='word_1_408' title='bbox 3166 2445 3228 2500; x_wconf 91' lang='lat' dir='ltr'>in</span> <span class='ocrx_word' id='word_1_409' title='bbox 3276 2449 3565 2503; x_wconf 68' lang='lat' dir='ltr'>aeternum</span> 
     </span>
    </p>
   </div>
   <div class='ocr_carea' id='block_1_72' title="bbox 1917 2529 3566 2603">
    <p class='ocr_par' dir='ltr' id='par_1_72' title="bbox 1917 2529 3566 2603">
     <span class='ocr_line' id='line_1_72' title="bbox 1917 2529 3566 2603; baseline 0.005 -21"><span class='ocrx_word' id='word_1_410' title='bbox 1917 2541 2023 2598; x_wconf 89' lang='lat' dir='ltr'>per</span> <span class='ocrx_word' id='word_1_411' title='bbox 2045 2534 2249 2585; x_wconf 89' lang='lat' dir='ltr'>manet</span> <span class='ocrx_word' id='word_1_412' title='bbox 2272 2546 2492 2586; x_wconf 90' lang='lat' dir='ltr'>nomen</span> <span class='ocrx_word' id='word_1_413' title='bbox 2518 2529 2775 2603; x_wconf 89' lang='lat' dir='ltr'>;quique</span> <span class='ocrx_word' id='word_1_414' title='bbox 2808 2547 2999 2588; x_wconf 89' lang='lat' dir='ltr'>unum</span> <span class='ocrx_word' id='word_1_415' title='bbox 3031 2537 3084 2588; x_wconf 93' lang='lat' dir='ltr'>te</span> <span class='ocrx_word' id='word_1_416' title='bbox 3127 2549 3257 2591; x_wconf 89' lang='lat' dir='ltr'>esse</span> <span class='ocrx_word' id='word_1_417' title='bbox 3304 2534 3566 2591; x_wconf 87' lang='lat' dir='ltr'>innotes-</span> 
     </span>
    </p>
   </div>
   <div class='ocr_carea' id='block_1_73' title="bbox 1916 2615 3564 2694">
    <p class='ocr_par' dir='ltr' id='par_1_73' title="bbox 1916 2615 3564 2694">
     <span class='ocr_line' id='line_1_73' title="bbox 1916 2615 3564 2694; baseline 0.006 -25"><span class='ocrx_word' id='word_1_418' title='bbox 1916 2630 2057 2670; x_wconf 89' lang='lat' dir='ltr'>cens</span> <span class='ocrx_word' id='word_1_419' title='bbox 2082 2615 2269 2673; x_wconf 91' lang='lat' dir='ltr'>Deum</span> <span class='ocrx_word' id='word_1_420' title='bbox 2299 2633 2369 2674; x_wconf 91' lang='lat' dir='ltr'>ac</span> <span class='ocrx_word' id='word_1_421' title='bbox 2402 2619 2740 2685; x_wconf 87' lang='lat' dir='ltr'>Dominum,</span> <span class='ocrx_word' id='word_1_422' title='bbox 2774 2636 2881 2691; x_wconf 87' lang='lat' dir='ltr'>per</span> <span class='ocrx_word' id='word_1_423' title='bbox 2899 2622 3564 2694; x_wconf 70' lang='lat' dir='ltr'>susceptteincarnatio-</span> 
     </span>
    </p>
   </div>
   <div class='ocr_carea' id='block_1_74' title="bbox 1913 2702 3562 2775">
    <p class='ocr_par' dir='ltr' id='par_1_74' title="bbox 1913 2702 3562 2775">
     <span class='ocr_line' id='line_1_74' title="bbox 1913 2702 3562 2775; baseline 0.006 -19"><span class='ocrx_word' id='word_1_424' title='bbox 1913 2702 2005 2757; x_wconf 90' lang='lat' dir='ltr'>nis</span> <span class='ocrx_word' id='word_1_425' title='bbox 2035 2705 2386 2775; x_wconf 88' lang='lat' dir='ltr'>mysterium</span> <span class='ocrx_word' id='word_1_426' title='bbox 2430 2706 2672 2761; x_wconf 91' lang='lat' dir='ltr'>venistis</span> <span class='ocrx_word' id='word_1_427' title='bbox 2721 2707 2778 2761; x_wconf 88' lang='lat' dir='ltr'>in</span> <span class='ocrx_word' id='word_1_428' title='bbox 2837 2722 3060 2775; x_wconf 81' lang='lat' dir='ltr'>regem,</span> <span class='ocrx_word' id='word_1_429' title='bbox 3126 2713 3191 2764; x_wconf 90' lang='lat' dir='ltr'>ut</span> <span class='ocrx_word' id='word_1_430' title='bbox 3238 2710 3562 2766; x_wconf 90' lang='lat' dir='ltr'>redimeres</span> 
     </span>
    </p>
   </div>
   <div class='ocr_carea' id='block_1_75' title="bbox 1912 2791 3561 2867">
    <p class='ocr_par' dir='ltr' id='par_1_75' title="bbox 1912 2791 3561 2867">
     <span class='ocr_line' id='line_1_75' title="bbox 1912 2791 3561 2867; baseline 0.005 -22"><span class='ocrx_word' id='word_1_431' title='bbox 1912 2791 2201 2847; x_wconf 67' lang='lat' dir='ltr'>saeculum</span> <span class='ocrx_word' id='word_1_432' title='bbox 2225 2811 2237 2844; x_wconf 90' lang='lat'><strong>:</strong></span> <span class='ocrx_word' id='word_1_433' title='bbox 2266 2792 2346 2848; x_wconf 88' lang='lat' dir='ltr'>da</span> <span class='ocrx_word' id='word_1_434' title='bbox 2380 2793 2578 2861; x_wconf 91' lang='lat' dir='ltr'>nobis,</span> <span class='ocrx_word' id='word_1_435' title='bbox 2612 2794 2693 2849; x_wconf 89' lang='lat' dir='ltr'>ita</span> <span class='ocrx_word' id='word_1_436' title='bbox 2719 2794 2943 2849; x_wconf 86' lang='lat' dir='ltr'>fervere</span> <span class='ocrx_word' id='word_1_437' title='bbox 2972 2796 3151 2865; x_wconf 90' lang='lat' dir='ltr'>hujus</span> <span class='ocrx_word' id='word_1_438' title='bbox 3177 2798 3460 2867; x_wconf 84' lang='lat' dir='ltr'>mysterio</span> <span class='ocrx_word' id='word_1_439' title='bbox 3481 2798 3561 2867; x_wconf 89' lang='lat' dir='ltr'>pi-</span> 
     </span>
    </p>
   </div>
   <div class='ocr_carea' id='block_1_76' title="bbox 1907 2880 3560 2955">
    <p class='ocr_par' dir='ltr' id='par_1_76' title="bbox 1907 2880 3560 2955">
     <span class='ocr_line' id='line_1_76' title="bbox 1907 2880 3560 2955; baseline 0.003 -20"><span class='ocrx_word' id='word_1_440' title='bbox 1907 2880 2095 2946; x_wconf 87' lang='lat' dir='ltr'>etatis,</span> <span class='ocrx_word' id='word_1_441' title='bbox 2126 2884 2188 2934; x_wconf 90' lang='lat' dir='ltr'>ut</span> <span class='ocrx_word' id='word_1_442' title='bbox 2208 2895 2311 2952; x_wconf 90' lang='lat' dir='ltr'>per</span> <span class='ocrx_word' id='word_1_443' title='bbox 2330 2880 2459 2936; x_wconf 81' lang='lat' dir='ltr'>haec</span> <span class='ocrx_word' id='word_1_444' title='bbox 2490 2880 2822 2936; x_wconf 89' lang='lat' dir='ltr'>evadamus</span> <span class='ocrx_word' id='word_1_445' title='bbox 2848 2882 3249 2953; x_wconf 89' lang='lat' dir='ltr'>muscipulam</span> <span class='ocrx_word' id='word_1_446' title='bbox 3281 2885 3560 2955; x_wconf 90' lang='lat' dir='ltr'>decepto-</span> 
     </span>
    </p>
   </div>
   <div class='ocr_carea' id='block_1_77' title="bbox 1903 2968 3557 3045">
    <p class='ocr_par' dir='ltr' id='par_1_77' title="bbox 1903 2968 3557 3045">
     <span class='ocr_line' id='line_1_77' title="bbox 1903 2968 3557 3045; baseline 0.003 -21"><span class='ocrx_word' id='word_1_447' title='bbox 1903 2970 1985 3024; x_wconf 90' lang='lat' dir='ltr'>ris</span> <span class='ocrx_word' id='word_1_448' title='bbox 2010 2985 2024 3025; x_wconf 92' lang='lat'><strong>:</strong></span> <span class='ocrx_word' id='word_1_449' title='bbox 2059 2973 2138 3039; x_wconf 90' lang='lat' dir='ltr'>ut,</span> <span class='ocrx_word' id='word_1_450' title='bbox 2168 2968 2268 3041; x_wconf 88' lang='lat' dir='ltr'>qui</span> <span class='ocrx_word' id='word_1_451' title='bbox 2298 2968 2604 3025; x_wconf 87' lang='lat' dir='ltr'>Adventus</span> <span class='ocrx_word' id='word_1_452' title='bbox 2629 2970 2708 3025; x_wconf 88' lang='lat' dir='ltr'>tui</span> <span class='ocrx_word' id='word_1_453' title='bbox 2732 2969 2955 3039; x_wconf 89' lang='lat' dir='ltr'>gaudia</span> <span class='ocrx_word' id='word_1_454' title='bbox 2982 2968 3204 3026; x_wconf 84' lang='lat' dir='ltr'>diffuso</span> <span class='ocrx_word' id='word_1_455' title='bbox 3221 2987 3320 3027; x_wconf 91' lang='lat' dir='ltr'>ore</span> <span class='ocrx_word' id='word_1_456' title='bbox 3352 2973 3557 3045; x_wconf 86' lang='lat' dir='ltr'>praeci-</span> 
     </span>
    </p>
   </div>
   <div class='ocr_carea' id='block_1_78' title="bbox 1900 3057 3555 3131">
    <p class='ocr_par' dir='ltr' id='par_1_78' title="bbox 1900 3057 3555 3131">
     <span class='ocr_line' id='line_1_78' title="bbox 1900 3057 3555 3131; baseline 0.003 -18"><span class='ocrx_word' id='word_1_457' title='bbox 1900 3057 2127 3130; x_wconf 89' lang='lat' dir='ltr'>qimus,</span> <span class='ocrx_word' id='word_1_458' title='bbox 2155 3057 2417 3114; x_wconf 89' lang='lat' dir='ltr'>salvatos</span> <span class='ocrx_word' id='word_1_459' title='bbox 2441 3074 2572 3129; x_wconf 88' lang='lat' dir='ltr'>nos,</span> <span class='ocrx_word' id='word_1_460' title='bbox 2607 3074 2746 3114; x_wconf 91' lang='lat' dir='ltr'>cum</span> <span class='ocrx_word' id='word_1_461' title='bbox 2778 3058 2854 3114; x_wconf 88' lang='lat' dir='ltr'>ad</span> <span class='ocrx_word' id='word_1_462' title='bbox 2894 3058 3191 3131; x_wconf 88' lang='lat' dir='ltr'>judicium</span> <span class='ocrx_word' id='word_1_463' title='bbox 3216 3060 3469 3129; x_wconf 87' lang='lat' dir='ltr'>veneris,</span> <span class='ocrx_word' id='word_1_464' title='bbox 3501 3066 3555 3118; x_wconf 89' lang='lat' dir='ltr'>te</span> 
     </span>
    </p>
   </div>
   <div class='ocr_carea' id='block_1_79' title="bbox 1892 3146 3550 3217">
    <p class='ocr_par' dir='ltr' id='par_1_79' title="bbox 1892 3146 3550 3217">
     <span class='ocr_line' id='line_1_79' title="bbox 1892 3146 3550 3217; baseline 0.003 -16"><span class='ocrx_word' id='word_1_465' title='bbox 1892 3146 2113 3217; x_wconf 90' lang='lat' dir='ltr'>judice,</span> <span class='ocrx_word' id='word_1_466' title='bbox 2149 3146 2536 3217; x_wconf 87' lang='lat' dir='ltr'>gratulemur.</span> <span class='ocrx_word' id='word_1_467' title='bbox 2566 3158 2627 3215; x_wconf 52' lang='lat' dir='ltr'>Ia.</span> <span class='ocrx_word' id='word_1_468' title='bbox 2677 3152 2888 3202; x_wconf 81' lang='lat' dir='ltr'>Amen.</span> <span class='ocrx_word' id='word_1_469' title='bbox 2918 3150 3021 3203; x_wconf 91' lang='lat' dir='ltr'>Per</span> <span class='ocrx_word' id='word_1_470' title='bbox 3059 3148 3550 3206; x_wconf 87' lang='lat' dir='ltr'>misericordiam.</span> 
     </span>
    </p>
   </div>
   <div class='ocr_carea' id='block_1_80' title="bbox 1968 3235 3556 3311">
    <p class='ocr_par' dir='ltr' id='par_1_80' title="bbox 1968 3235 3556 3311">
     <span class='ocr_line' id='line_1_80' title="bbox 1968 3235 3556 3311; baseline 0.003 -20"><span class='ocrx_word' id='word_1_471' title='bbox 1968 3240 2031 3291; x_wconf 87' lang='lat' dir='ltr'>In</span> <span class='ocrx_word' id='word_1_472' title='bbox 2054 3235 2297 3291; x_wconf 90' lang='lat' dir='ltr'>nomine</span> <span class='ocrx_word' id='word_1_473' title='bbox 2331 3236 2562 3292; x_wconf 92' lang='lat' dir='ltr'>Domini</span> <span class='ocrx_word' id='word_1_474' title='bbox 2594 3237 2780 3293; x_wconf 89' lang='lat' dir='ltr'>nostri</span> <span class='ocrx_word' id='word_1_475' title='bbox 2830 3238 2969 3292; x_wconf 84' lang='lat' dir='ltr'>Jesu</span> <span class='ocrx_word' id='word_1_476' title='bbox 3024 3236 3236 3293; x_wconf 87' lang='lat' dir='ltr'>Christi</span> <span class='ocrx_word' id='word_1_477' title='bbox 3288 3238 3556 3311; x_wconf 89' lang='lat' dir='ltr'>perﬁcia-</span> 
     </span>
    </p>
   </div>
   <div class='ocr_carea' id='block_1_81' title="bbox 1894 3324 2965 3397">
    <p class='ocr_par' dir='ltr' id='par_1_81' title="bbox 1894 3324 2965 3397">
     <span class='ocr_line' id='line_1_81' title="bbox 1894 3324 2965 3397; baseline -0.001 -17"><span class='ocrx_word' id='word_1_478' title='bbox 1894 3341 2030 3380; x_wconf 90' lang='lat' dir='ltr'>mus</span> <span class='ocrx_word' id='word_1_479' title='bbox 2060 3341 2197 3379; x_wconf 93' lang='lat' dir='ltr'>cum</span> <span class='ocrx_word' id='word_1_480' title='bbox 2230 3340 2409 3397; x_wconf 90' lang='lat' dir='ltr'>pace:</span> <span class='ocrx_word' id='word_1_481' title='bbox 2444 3336 2509 3395; x_wconf 61' lang='lat' dir='ltr'>Rv.</span> <span class='ocrx_word' id='word_1_482' title='bbox 2568 3326 2686 3381; x_wconf 92' lang='lat' dir='ltr'>Deo</span> <span class='ocrx_word' id='word_1_483' title='bbox 2722 3324 2965 3395; x_wconf 83' lang='lat' dir='ltr'>gratias.</span> 
     </span>
    </p>
   </div>
   <div class='ocr_carea' id='block_1_82' title="bbox 1964 3412 3547 3484">
    <p class='ocr_par' dir='ltr' id='par_1_82' title="bbox 1964 3412 3547 3484">
     <span class='ocr_line' id='line_1_82' title="bbox 1964 3412 3547 3484; baseline -0.002 -16"><span class='ocrx_word' id='word_1_484' title='bbox 1964 3414 2718 3484; x_wconf 85' lang='lat' dir='ltr'>SequensCommemoratio</span> <span class='ocrx_word' id='word_1_485' title='bbox 2749 3414 2917 3468; x_wconf 85' lang='lat' dir='ltr'>debet</span> <span class='ocrx_word' id='word_1_486' title='bbox 2964 3413 3085 3467; x_wconf 86' lang='lat' dir='ltr'>dici</span> <span class='ocrx_word' id='word_1_487' title='bbox 3115 3414 3177 3466; x_wconf 89' lang='lat' dir='ltr'>in</span> <span class='ocrx_word' id='word_1_488' title='bbox 3203 3412 3331 3481; x_wconf 78' lang='lat' dir='ltr'>ﬁne</span> <span class='ocrx_word' id='word_1_489' title='bbox 3358 3412 3547 3468; x_wconf 80' lang='lat' dir='ltr'>omni~</span> 
     </span>
    </p>
   </div>
   <div class='ocr_carea' id='block_1_83' title="bbox 1893 3504 3082 3571">
    <p class='ocr_par' dir='ltr' id='par_1_83' title="bbox 1893 3504 3082 3571">
     <span class='ocr_line' id='line_1_83' title="bbox 1893 3504 3082 3571; baseline -0.002 -16"><span class='ocrx_word' id='word_1_490' title='bbox 1893 3518 1992 3557; x_wconf 85' lang='lat' dir='ltr'>um</span> <span class='ocrx_word' id='word_1_491' title='bbox 2029 3504 2413 3571; x_wconf 86' lang='lat' dir='ltr'>Vesperorum</span> <span class='ocrx_word' id='word_1_492' title='bbox 2474 3518 2582 3571; x_wconf 82' lang='lat' dir='ltr'>per</span> <span class='ocrx_word' id='word_1_493' title='bbox 2628 3508 2812 3556; x_wconf 86' lang='lat' dir='ltr'>totum</span> <span class='ocrx_word' id='word_1_494' title='bbox 2839 3515 3082 3555; x_wconf 73' lang='lat' dir='ltr'>armum.</span> 
     </span>
    </p>
   </div>
   <div class='ocr_carea' id='block_1_84' title="bbox 1967 3586 3546 3662">
    <p class='ocr_par' dir='ltr' id='par_1_84' title="bbox 1967 3586 3546 3662">
     <span class='ocr_line' id='line_1_84' title="bbox 1967 3586 3546 3662; baseline -0.001 -17"><span class='ocrx_word' id='word_1_495' title='bbox 1967 3591 2195 3647; x_wconf 87' lang='lat' dir='ltr'>Lauda.</span> <span class='ocrx_word' id='word_1_496' title='bbox 2219 3593 2489 3662; x_wconf 85' lang='lat' dir='ltr'>Vespere,</span> <span class='ocrx_word' id='word_1_497' title='bbox 2519 3594 2575 3645; x_wconf 90' lang='lat' dir='ltr'>et</span> <span class='ocrx_word' id='word_1_498' title='bbox 2598 3604 2791 3651; x_wconf 89' lang='lat' dir='ltr'>mane,</span> <span class='ocrx_word' id='word_1_499' title='bbox 2824 3592 2881 3643; x_wconf 91' lang='lat' dir='ltr'>et</span> <span class='ocrx_word' id='word_1_500' title='bbox 2912 3586 3178 3643; x_wconf 90' lang='lat' dir='ltr'>meridie.</span> <span class='ocrx_word' id='word_1_501' title='bbox 3211 3587 3285 3643; x_wconf 93' lang='lat' dir='ltr'>P.</span> <span class='ocrx_word' id='word_1_502' title='bbox 3319 3589 3394 3643; x_wconf 87' lang='lat' dir='ltr'>Te</span> <span class='ocrx_word' id='word_1_503' title='bbox 3416 3586 3546 3643; x_wconf 88' lang='lat' dir='ltr'>lau-</span> 
     </span>
    </p>
   </div>
   <div class='ocr_carea' id='block_1_85' title="bbox 1890 3678 2427 3745">
    <p class='ocr_par' dir='ltr' id='par_1_85' title="bbox 1890 3678 2427 3745">
     <span class='ocr_line' id='line_1_85' title="bbox 1890 3678 2427 3745; baseline -0.004 -11"><span class='ocrx_word' id='word_1_504' title='bbox 1890 3678 2132 3745; x_wconf 85' lang='lat' dir='ltr'>damus,</span> <span class='ocrx_word' id='word_1_505' title='bbox 2170 3678 2427 3735; x_wconf 90' lang='lat' dir='ltr'>Domine.</span> 
     </span>
    </p>
   </div>
   <div class='ocr_carea' id='block_1_86' title="bbox 1963 3765 3542 3838">
    <p class='ocr_par' dir='ltr' id='par_1_86' title="bbox 1963 3765 3542 3838">
     <span class='ocr_line' id='line_1_86' title="bbox 1963 3765 3542 3838; baseline -0.002 -16"><span class='ocrx_word' id='word_1_506' title='bbox 1963 3768 2187 3823; x_wconf 85' lang='lat' dir='ltr'>Oratio.</span> <span class='ocrx_word' id='word_1_507' title='bbox 2208 3766 2474 3832; x_wconf 91' lang='lat' dir='ltr'>Domine,</span> <span class='ocrx_word' id='word_1_508' title='bbox 2506 3769 2657 3820; x_wconf 91' lang='lat' dir='ltr'>Deus</span> <span class='ocrx_word' id='word_1_509' title='bbox 2689 3765 3091 3838; x_wconf 91' lang='lat' dir='ltr'>omnipotens,</span> <span class='ocrx_word' id='word_1_510' title='bbox 3125 3765 3230 3837; x_wconf 91' lang='lat' dir='ltr'>qui</span> <span class='ocrx_word' id='word_1_511' title='bbox 3277 3779 3542 3836; x_wconf 89' lang='lat' dir='ltr'>vespere,</span> 
     </span>
    </p>
   </div>
   <div class='ocr_carea' id='block_1_87' title="bbox 1888 3852 3540 3924">
    <p class='ocr_par' dir='ltr' id='par_1_87' title="bbox 1888 3852 3540 3924">
     <span class='ocr_line' id='line_1_87' title="bbox 1888 3852 3540 3924; baseline -0.001 -13"><span class='ocrx_word' id='word_1_512' title='bbox 1888 3859 1943 3911; x_wconf 90' lang='lat' dir='ltr'>et</span> <span class='ocrx_word' id='word_1_513' title='bbox 1974 3870 2172 3921; x_wconf 90' lang='lat' dir='ltr'>mane,</span> <span class='ocrx_word' id='word_1_514' title='bbox 2198 3858 2253 3910; x_wconf 88' lang='lat' dir='ltr'>et</span> <span class='ocrx_word' id='word_1_515' title='bbox 2276 3853 2524 3908; x_wconf 90' lang='lat' dir='ltr'>meridie</span> <span class='ocrx_word' id='word_1_516' title='bbox 2548 3868 2738 3909; x_wconf 90' lang='lat' dir='ltr'>unum</span> <span class='ocrx_word' id='word_1_517' title='bbox 2764 3852 2925 3909; x_wconf 91' lang='lat' dir='ltr'>diem</span> <span class='ocrx_word' id='word_1_518' title='bbox 2942 3852 3139 3910; x_wconf 91' lang='lat' dir='ltr'>vocari</span> <span class='ocrx_word' id='word_1_519' title='bbox 3165 3852 3400 3924; x_wconf 89' lang='lat' dir='ltr'>jussisti</span> <span class='ocrx_word' id='word_1_520' title='bbox 3426 3870 3439 3908; x_wconf 90' lang='lat'><strong>:</strong></span> <span class='ocrx_word' id='word_1_521' title='bbox 3462 3858 3540 3923; x_wconf 89' lang='lat' dir='ltr'>et,</span> 
     </span>
    </p>
   </div>
   <div class='ocr_carea' id='block_1_88' title="bbox 1888 3942 3542 4014">
    <p class='ocr_par' dir='ltr' id='par_1_88' title="bbox 1888 3942 3542 4014">
     <span class='ocr_line' id='line_1_88' title="bbox 1888 3942 3542 4014; baseline -0.002 -15"><span class='ocrx_word' id='word_1_522' title='bbox 1888 3949 1952 3999; x_wconf 91' lang='lat' dir='ltr'>ut</span> <span class='ocrx_word' id='word_1_523' title='bbox 1982 3942 2073 3999; x_wconf 89' lang='lat' dir='ltr'>sol</span> <span class='ocrx_word' id='word_1_524' title='bbox 2088 3946 2435 4013; x_wconf 91' lang='lat' dir='ltr'>agnosceret</span> <span class='ocrx_word' id='word_1_525' title='bbox 2466 3957 2750 3998; x_wconf 87' lang='lat' dir='ltr'>occasum</span> <span class='ocrx_word' id='word_1_526' title='bbox 2782 3959 2981 4006; x_wconf 90' lang='lat' dir='ltr'>suum,</span> <span class='ocrx_word' id='word_1_527' title='bbox 3021 3942 3367 4014; x_wconf 83' lang='lat' dir='ltr'>imperasti;</span> <span class='ocrx_word' id='word_1_528' title='bbox 3402 3956 3542 4012; x_wconf 86' lang='lat' dir='ltr'>ape-</span> 
     </span>
    </p>
   </div>
   <div class='ocr_carea' id='block_1_89' title="bbox 1885 4030 3539 4103">
    <p class='ocr_par' dir='ltr' id='par_1_89' title="bbox 1885 4030 3539 4103">
     <span class='ocr_line' id='line_1_89' title="bbox 1885 4030 3539 4103; baseline -0.001 -16"><span class='ocrx_word' id='word_1_529' title='bbox 1885 4032 1952 4097; x_wconf 89' lang='lat' dir='ltr'>ri,</span> <span class='ocrx_word' id='word_1_530' title='bbox 1982 4047 2356 4103; x_wconf 68' lang='lat' dir='ltr'>qumsumus,</span> <span class='ocrx_word' id='word_1_531' title='bbox 2391 4031 2667 4087; x_wconf 89' lang='lat' dir='ltr'>tenebras</span> <span class='ocrx_word' id='word_1_532' title='bbox 2707 4030 2979 4086; x_wconf 89' lang='lat' dir='ltr'>cordium</span> <span class='ocrx_word' id='word_1_533' title='bbox 3006 4034 3467 4101; x_wconf 90' lang='lat' dir='ltr'>nostrorum,ut,</span> <span class='ocrx_word' id='word_1_534' title='bbox 3484 4035 3539 4086; x_wconf 89' lang='lat' dir='ltr'>te</span> 
     </span>
    </p>
   </div>
   <div class='ocr_carea' id='block_1_90' title="bbox 1885 4118 3538 4190">
    <p class='ocr_par' dir='ltr' id='par_1_90' title="bbox 1885 4118 3538 4190">
     <span class='ocr_line' id='line_1_90' title="bbox 1885 4118 3538 4190; baseline 0 -14"><span class='ocrx_word' id='word_1_535' title='bbox 1885 4119 2176 4184; x_wconf 89' lang='lat' dir='ltr'>radiante,</span> <span class='ocrx_word' id='word_1_536' title='bbox 2206 4135 2644 4190; x_wconf 86' lang='lat' dir='ltr'>cognoscamus</span> <span class='ocrx_word' id='word_1_537' title='bbox 2686 4125 2743 4176; x_wconf 91' lang='lat' dir='ltr'>te</span> <span class='ocrx_word' id='word_1_538' title='bbox 2773 4120 2962 4176; x_wconf 90' lang='lat' dir='ltr'>Deum</span> <span class='ocrx_word' id='word_1_539' title='bbox 2989 4134 3200 4175; x_wconf 90' lang='lat' dir='ltr'>verum</span> <span class='ocrx_word' id='word_1_540' title='bbox 3235 4123 3290 4174; x_wconf 92' lang='lat' dir='ltr'>et</span> <span class='ocrx_word' id='word_1_541' title='bbox 3331 4118 3538 4176; x_wconf 90' lang='lat' dir='ltr'>lumen</span> 
     </span>
    </p>
   </div>
   <div class='ocr_carea' id='block_1_91' title="bbox 1886 4209 2493 4278">
    <p class='ocr_par' dir='ltr' id='par_1_91' title="bbox 1886 4209 2493 4278">
     <span class='ocr_line' id='line_1_91' title="bbox 1886 4209 2493 4278; baseline -0.003 -13"><span class='ocrx_word' id='word_1_542' title='bbox 1886 4214 2152 4266; x_wconf 70' lang='lat' dir='ltr'>ueterum.</span> <span class='ocrx_word' id='word_1_543' title='bbox 2188 4220 2251 4278; x_wconf 54' lang='lat' dir='ltr'>BI.</span> <span class='ocrx_word' id='word_1_544' title='bbox 2284 4209 2493 4265; x_wconf 90' lang='lat' dir='ltr'>Amen.</span> 
     </span>
    </p>
   </div>
   <div class='ocr_carea' id='block_1_92' title="bbox 1956 4299 2797 4356">
    <p class='ocr_par' dir='ltr' id='par_1_92' title="bbox 1956 4299 2797 4356">
     <span class='ocr_line' id='line_1_92' title="bbox 1956 4299 2797 4356; baseline 0 -2"><span class='ocrx_word' id='word_1_545' title='bbox 1956 4300 2065 4355; x_wconf 88' lang='lat' dir='ltr'>Per</span> <span class='ocrx_word' id='word_1_546' title='bbox 2089 4299 2562 4356; x_wconf 90' lang='lat' dir='ltr'>misericordiam</span> <span class='ocrx_word' id='word_1_547' title='bbox 2607 4302 2797 4355; x_wconf 90' lang='lat' dir='ltr'>tuam.</span> 
     </span>
    </p>
   </div>
   <div class='ocr_carea' id='block_1_93' title="bbox 1955 4384 3534 4459">
    <p class='ocr_par' dir='ltr' id='par_1_93' title="bbox 1955 4384 3534 4459">
     <span class='ocr_line' id='line_1_93' title="bbox 1955 4384 3534 4459; baseline -0.001 -17"><span class='ocrx_word' id='word_1_548' title='bbox 1955 4389 2130 4445; x_wconf 89' lang='lat' dir='ltr'>Dicat</span> <span class='ocrx_word' id='word_1_549' title='bbox 2156 4386 2475 4459; x_wconf 80' lang='lat' dir='ltr'>Presbyter.</span> <span class='ocrx_word' id='word_1_550' title='bbox 2523 4388 2589 4443; x_wconf 94' lang='lat' dir='ltr'>In</span> <span class='ocrx_word' id='word_1_551' title='bbox 2619 4386 2853 4443; x_wconf 86' lang='lat' dir='ltr'>nomine</span> <span class='ocrx_word' id='word_1_552' title='bbox 2885 4385 3121 4442; x_wconf 91' lang='lat' dir='ltr'>Domini</span> <span class='ocrx_word' id='word_1_553' title='bbox 3168 4384 3359 4442; x_wconf 90' lang='lat' dir='ltr'>nostri</span> <span class='ocrx_word' id='word_1_554' title='bbox 3388 4385 3418 4440; x_wconf 89' lang='lat' dir='ltr'><strong>J</strong></span> <span class='ocrx_word' id='word_1_555' title='bbox 3428 4399 3534 4441; x_wconf 90' lang='lat' dir='ltr'>esu</span> 
     </span>
    </p>
   </div>
   <div class='ocr_carea' id='block_1_94' title="bbox 152 4441 3363 4549">
    <p class='ocr_par' dir='ltr' id='par_1_94' title="bbox 152 4441 3363 4549">
     <span class='ocr_line' id='line_1_94' title="bbox 152 4441 3363 4549; baseline 0.001 -23"><span class='ocrx_word' id='word_1_556' title='bbox 152 4469 256 4527; x_wconf 80' lang='lat' dir='ltr'>latis</span> <span class='ocrx_word' id='word_1_557' title='bbox 283 4491 296 4528; x_wconf 88' lang='lat'><strong><em>:</em></strong></span> <span class='ocrx_word' id='word_1_558' title='bbox 327 4441 1016 4548; x_wconf 57' lang='lat' dir='ltr'>praberedemptionem</span> <span class='ocrx_word' id='word_1_559' title='bbox 1040 4441 1307 4549; x_wconf 62' lang='lat' dir='ltr'>captivi;</span> <span class='ocrx_word' id='word_1_560' title='bbox 1326 4494 1338 4531; x_wconf 92' lang='lat'>:</span> <span class='ocrx_word' id='word_1_561' title='bbox 1358 4478 1776 4534; x_wconf 88' lang='lat' dir='ltr'>sanitatemin-</span> <span class='ocrx_word' id='word_1_562' title='bbox 1808 4441 1853 4495; x_wconf 83' lang='lat' dir='ltr'>D</span> <span class='ocrx_word' id='word_1_563' title='bbox 1887 4477 2102 4534; x_wconf 88' lang='lat' dir='ltr'>Christi</span> <span class='ocrx_word' id='word_1_564' title='bbox 2136 4441 2518 4549; x_wconf 63' lang='lat' dir='ltr'>perficiamus</span> <span class='ocrx_word' id='word_1_565' title='bbox 2546 4492 2686 4531; x_wconf 89' lang='lat' dir='ltr'>cum</span> <span class='ocrx_word' id='word_1_566' title='bbox 2699 4490 2867 4547; x_wconf 89' lang='lat' dir='ltr'>pace.</span> <span class='ocrx_word' id='word_1_567' title='bbox 2892 4486 2956 4544; x_wconf 63' lang='lat' dir='ltr'>ﬁ.</span> <span class='ocrx_word' id='word_1_568' title='bbox 2976 4475 3095 4531; x_wconf 91' lang='lat' dir='ltr'>Deo</span> <span class='ocrx_word' id='word_1_569' title='bbox 3118 4474 3363 4543; x_wconf 89' lang='lat' dir='ltr'>gratias.</span> 
     </span>
    </p>
   </div>
   <div class='ocr_carea' id='block_1_95' title="bbox 153 4558 1779 4639">
    <p class='ocr_par' dir='ltr' id='par_1_95' title="bbox 153 4558 1779 4639">
     <span class='ocr_line' id='line_1_95' title="bbox 153 4558 1779 4639; baseline 0.005 -25"><span class='ocrx_word' id='word_1_570' title='bbox 153 4558 759 4637; x_wconf 79' lang='lat' dir='ltr'>ﬁrmiszrequiemque</span> <span class='ocrx_word' id='word_1_571' title='bbox 785 4564 1103 4620; x_wconf 85' lang='lat' dir='ltr'>defunctis.</span> <span class='ocrx_word' id='word_1_572' title='bbox 1138 4566 1406 4622; x_wconf 87' lang='lat' dir='ltr'>Concede</span> <span class='ocrx_word' id='word_1_573' title='bbox 1452 4582 1666 4638; x_wconf 88' lang='lat' dir='ltr'>pacem</span> <span class='ocrx_word' id='word_1_574' title='bbox 1721 4583 1779 4639; x_wconf 60' lang='lat' dir='ltr'>et</span> 
     </span>
    </p>
   </div>
   <div class='ocr_carea' id='block_1_96' title="bbox 154 4650 1777 4724">
    <p class='ocr_par' dir='ltr' id='par_1_96' title="bbox 154 4650 1777 4724">
     <span class='ocr_line' id='line_1_96' title="bbox 154 4650 1777 4724; baseline 0.004 -20"><span class='ocrx_word' id='word_1_575' title='bbox 154 4650 484 4707; x_wconf 79' lang='lat' dir='ltr'>securitatem</span> <span class='ocrx_word' id='word_1_576' title='bbox 503 4653 568 4707; x_wconf 91' lang='lat' dir='ltr'>in</span> <span class='ocrx_word' id='word_1_577' title='bbox 590 4652 876 4708; x_wconf 90' lang='lat' dir='ltr'>omnibus</span> <span class='ocrx_word' id='word_1_578' title='bbox 893 4652 1109 4709; x_wconf 89' lang='lat' dir='ltr'>diebus</span> <span class='ocrx_word' id='word_1_579' title='bbox 1132 4654 1349 4710; x_wconf 89' lang='lat' dir='ltr'>nostris</span> <span class='ocrx_word' id='word_1_580' title='bbox 1389 4672 1401 4709; x_wconf 88' lang='lat'><strong>:</strong></span> <span class='ocrx_word' id='word_1_581' title='bbox 1429 4654 1637 4724; x_wconf 84' lang='lat' dir='ltr'>frange</span> <span class='ocrx_word' id='word_1_582' title='bbox 1668 4670 1777 4710; x_wconf 89' lang='lat' dir='ltr'>au-</span> 
     </span>
    </p>
   </div>
   <div class='ocr_carea' id='block_1_97' title="bbox 150 4736 1773 4813">
    <p class='ocr_par' dir='ltr' id='par_1_97' title="bbox 150 4736 1773 4813">
     <span class='ocr_line' id='line_1_97' title="bbox 150 4736 1773 4813; baseline 0.004 -21"><span class='ocrx_word' id='word_1_583' title='bbox 150 4736 342 4796; x_wconf 84' lang='lat' dir='ltr'>daciam</span> <span class='ocrx_word' id='word_1_584' title='bbox 368 4742 755 4798; x_wconf 89' lang='lat' dir='ltr'>inimicorum</span> <span class='ocrx_word' id='word_1_585' title='bbox 782 4748 1123 4799; x_wconf 89' lang='lat' dir='ltr'>nostrorum</span> <span class='ocrx_word' id='word_1_586' title='bbox 1153 4743 1421 4807; x_wconf 78' lang='lat' dir='ltr'>:exaudi,</span> <span class='ocrx_word' id='word_1_587' title='bbox 1449 4745 1773 4813; x_wconf 87' lang='lat' dir='ltr'>Deus,ora-</span> 
     </span>
    </p>
   </div>
   <div class='ocr_carea' id='block_1_98' title="bbox 151 4825 1773 4889">
    <p class='ocr_par' dir='ltr' id='par_1_98' title="bbox 151 4825 1773 4889">
     <span class='ocr_line' id='line_1_98' title="bbox 151 4825 1773 4889; baseline 0.006 -10"><span class='ocrx_word' id='word_1_588' title='bbox 151 4825 325 4887; x_wconf 74' lang='lat' dir='ltr'>tionem</span> <span class='ocrx_word' id='word_1_589' title='bbox 340 4844 654 4887; x_wconf 86' lang='lat' dir='ltr'>servorum</span> <span class='ocrx_word' id='word_1_590' title='bbox 667 4835 907 4888; x_wconf 89' lang='lat' dir='ltr'>tuorum</span> <span class='ocrx_word' id='word_1_591' title='bbox 924 4833 1198 4888; x_wconf 92' lang='lat' dir='ltr'>omnium</span> <span class='ocrx_word' id='word_1_592' title='bbox 1215 4832 1482 4889; x_wconf 83' lang='lat' dir='ltr'>ﬁdelium</span> <span class='ocrx_word' id='word_1_593' title='bbox 1506 4832 1773 4888; x_wconf 88' lang='lat' dir='ltr'>christia-</span> 
     </span>
    </p>
   </div>
   <div class='ocr_carea' id='block_1_99' title="bbox 146 4919 1771 4993">
    <p class='ocr_par' dir='ltr' id='par_1_99' title="bbox 146 4919 1771 4993">
     <span class='ocr_line' id='line_1_99' title="bbox 146 4919 1771 4993; baseline 0.005 -25"><span class='ocrx_word' id='word_1_594' title='bbox 146 4928 321 4974; x_wconf 89' lang='lat' dir='ltr'>norum</span> <span class='ocrx_word' id='word_1_595' title='bbox 350 4919 409 4975; x_wconf 92' lang='lat' dir='ltr'>in</span> <span class='ocrx_word' id='word_1_596' title='bbox 442 4920 563 4976; x_wconf 88' lang='lat' dir='ltr'>hoc</span> <span class='ocrx_word' id='word_1_597' title='bbox 590 4919 708 4987; x_wconf 89' lang='lat' dir='ltr'>die,</span> <span class='ocrx_word' id='word_1_598' title='bbox 738 4924 795 4977; x_wconf 93' lang='lat' dir='ltr'>et</span> <span class='ocrx_word' id='word_1_599' title='bbox 821 4921 883 4976; x_wconf 93' lang='lat' dir='ltr'>in</span> <span class='ocrx_word' id='word_1_600' title='bbox 914 4920 1081 4977; x_wconf 90' lang='lat' dir='ltr'>omni</span> <span class='ocrx_word' id='word_1_601' title='bbox 1111 4924 1403 4993; x_wconf 89' lang='lat' dir='ltr'>tempore.</span> <span class='ocrx_word' id='word_1_602' title='bbox 1455 4925 1557 4977; x_wconf 89' lang='lat' dir='ltr'>Per</span> <span class='ocrx_word' id='word_1_603' title='bbox 1577 4920 1771 4977; x_wconf 83' lang='lat' dir='ltr'>Domi-</span> 
     </span>
    </p>
   </div>
   <div class='ocr_carea' id='block_1_100' title="bbox 144 5010 1766 5082">
    <p class='ocr_par' dir='ltr' id='par_1_100' title="bbox 144 5010 1766 5082">
     <span class='ocr_line' id='line_1_100' title="bbox 144 5010 1766 5082; baseline 0.006 -26"><span class='ocrx_word' id='word_1_604' title='bbox 144 5013 530 5065; x_wconf 86' lang='lat' dir='ltr'>numnostrum</span> <span class='ocrx_word' id='word_1_605' title='bbox 560 5011 763 5067; x_wconf 72' lang='lat' dir='ltr'>Iesum</span> <span class='ocrx_word' id='word_1_606' title='bbox 795 5010 1093 5067; x_wconf 88' lang='lat' dir='ltr'>Christum</span> <span class='ocrx_word' id='word_1_607' title='bbox 1113 5010 1324 5066; x_wconf 86' lang='lat' dir='ltr'>Filium</span> <span class='ocrx_word' id='word_1_608' title='bbox 1357 5014 1548 5078; x_wconf 89' lang='lat' dir='ltr'>tuum,</span> <span class='ocrx_word' id='word_1_609' title='bbox 1567 5010 1671 5082; x_wconf 88' lang='lat' dir='ltr'>qui</span> <span class='ocrx_word' id='word_1_610' title='bbox 1692 5015 1766 5066; x_wconf 86' lang='lat' dir='ltr'>te-</span> 
     </span>
    </p>
   </div>
   <div class='ocr_carea' id='block_1_101' title="bbox 145 5097 1768 5172">
    <p class='ocr_par' dir='ltr' id='par_1_101' title="bbox 145 5097 1768 5172">
     <span class='ocr_line' id='line_1_101' title="bbox 145 5097 1768 5172; baseline 0.004 -25"><span class='ocrx_word' id='word_1_611' title='bbox 145 5106 252 5148; x_wconf 88' lang='lat' dir='ltr'>cum</span> <span class='ocrx_word' id='word_1_612' title='bbox 268 5097 463 5155; x_wconf 79' lang='lat' dir='ltr'>vivitet</span> <span class='ocrx_word' id='word_1_613' title='bbox 492 5103 712 5168; x_wconf 89' lang='lat' dir='ltr'>regnat</span> <span class='ocrx_word' id='word_1_614' title='bbox 737 5100 799 5154; x_wconf 93' lang='lat' dir='ltr'>in</span> <span class='ocrx_word' id='word_1_615' title='bbox 826 5099 1051 5156; x_wconf 87' lang='lat' dir='ltr'>unitate</span> <span class='ocrx_word' id='word_1_616' title='bbox 1081 5099 1335 5172; x_wconf 89' lang='lat' dir='ltr'>Spiritus</span> <span class='ocrx_word' id='word_1_617' title='bbox 1370 5100 1569 5156; x_wconf 90' lang='lat' dir='ltr'>Sancti</span> <span class='ocrx_word' id='word_1_618' title='bbox 1615 5102 1768 5155; x_wconf 89' lang='lat' dir='ltr'>Deus</span> 
     </span>
    </p>
   </div>
   <div class='ocr_carea' id='block_1_102' title="bbox 142 5186 1763 5259">
    <p class='ocr_par' dir='ltr' id='par_1_102' title="bbox 142 5186 1763 5259">
     <span class='ocr_line' id='line_1_102' title="bbox 142 5186 1763 5259; baseline -0.003 -13"><span class='ocrx_word' id='word_1_619' title='bbox 142 5191 227 5246; x_wconf 64' lang='lat' dir='ltr'>Per</span> <span class='ocrx_word' id='word_1_620' title='bbox 246 5186 429 5241; x_wconf 85' lang='lat' dir='ltr'>omnia</span> <span class='ocrx_word' id='word_1_621' title='bbox 462 5202 707 5259; x_wconf 88' lang='lat' dir='ltr'>semper</span> <span class='ocrx_word' id='word_1_622' title='bbox 738 5189 962 5244; x_wconf 79' lang='lat' dir='ltr'>saecula</span> <span class='ocrx_word' id='word_1_623' title='bbox 1020 5187 1403 5243; x_wconf 79' lang='lat' dir='ltr'>saeculorum.</span> <span class='ocrx_word' id='word_1_624' title='bbox 1434 5199 1500 5257; x_wconf 50' lang='lat' dir='ltr'>ne.</span> <span class='ocrx_word' id='word_1_625' title='bbox 1550 5191 1763 5242; x_wconf 83' lang='lat' dir='ltr'>Amen.</span> 
     </span>
    </p>
   </div>
   <div class='ocr_carea' id='block_1_103' title="bbox 195 5269 1763 5347">
    <p class='ocr_par' dir='ltr' id='par_1_103' title="bbox 195 5269 1763 5347">
     <span class='ocr_line' id='line_1_103' title="bbox 195 5269 1763 5347; baseline 0.006 -24"><span class='ocrx_word' id='word_1_626' title='bbox 195 5269 983 5347; x_wconf 80' lang='lat' dir='ltr'>DicatPrebyter.Humiliate</span> <span class='ocrx_word' id='word_1_627' title='bbox 1012 5293 1123 5333; x_wconf 91' lang='lat' dir='ltr'>vos</span> <span class='ocrx_word' id='word_1_628' title='bbox 1152 5278 1230 5334; x_wconf 92' lang='lat' dir='ltr'>ad</span> <span class='ocrx_word' id='word_1_629' title='bbox 1247 5277 1763 5334; x_wconf 59' lang='lat' dir='ltr'>benedictionem.</span> 
     </span>
    </p>
   </div>
   <div class='ocr_carea' id='block_1_104' title="bbox 138 5357 1764 5447">
    <p class='ocr_par' dir='ltr' id='par_1_104' title="bbox 138 5357 1764 5447">
     <span class='ocr_line' id='line_1_104' title="bbox 138 5357 1764 5447; baseline 0.003 -30"><span class='ocrx_word' id='word_1_630' title='bbox 138 5357 385 5419; x_wconf 79' lang='lat' dir='ltr'>Dominus</span> <span class='ocrx_word' id='word_1_631' title='bbox 411 5366 485 5421; x_wconf 87' lang='lat' dir='ltr'>sit</span> <span class='ocrx_word' id='word_1_632' title='bbox 522 5381 764 5439; x_wconf 86' lang='lat' dir='ltr'>semper</span> <span class='ocrx_word' id='word_1_633' title='bbox 810 5366 1152 5447; x_wconf 80' lang='lat' dir='ltr'>vobiscum.</span> <span class='ocrx_word' id='word_1_634' title='bbox 1184 5379 1243 5435; x_wconf 50' lang='lat' dir='ltr'>lio.</span> <span class='ocrx_word' id='word_1_635' title='bbox 1280 5369 1512 5423; x_wconf 86' lang='lat' dir='ltr'>Etcum</span> <span class='ocrx_word' id='word_1_636' title='bbox 1548 5365 1764 5438; x_wconf 89' lang='lat' dir='ltr'>spiritu</span> 
     </span>
    </p>
   </div>
   <div class='ocr_carea' id='block_1_105' title="bbox 141 5450 239 5502">
    <p class='ocr_par' dir='ltr' id='par_1_105' title="bbox 141 5450 239 5502">
     <span class='ocr_line' id='line_1_105' title="bbox 141 5450 239 5502; baseline 0.031 -3"><span class='ocrx_word' id='word_1_637' title='bbox 141 5450 239 5502; x_wconf 86' lang='lat' dir='ltr'>tuo.</span> 
     </span>
    </p>
   </div>
   <div class='ocr_carea' id='block_1_106' title="bbox 192 5536 1763 5623">
    <p class='ocr_par' dir='ltr' id='par_1_106' title="bbox 192 5536 1763 5623">
     <span class='ocr_line' id='line_1_106' title="bbox 192 5536 1763 5623; baseline 0.004 -30"><span class='ocrx_word' id='word_1_638' title='bbox 192 5536 507 5598; x_wconf 80' lang='lat' dir='ltr'>Notandum</span> <span class='ocrx_word' id='word_1_639' title='bbox 517 5546 783 5623; x_wconf 83' lang='lat' dir='ltr'>est,quod</span> <span class='ocrx_word' id='word_1_640' title='bbox 792 5546 1014 5619; x_wconf 85' lang='lat' dir='ltr'>quoties</span> <span class='ocrx_word' id='word_1_641' title='bbox 1026 5560 1266 5619; x_wconf 87' lang='lat' dir='ltr'>cumque</span> <span class='ocrx_word' id='word_1_642' title='bbox 1278 5547 1501 5602; x_wconf 85' lang='lat' dir='ltr'>venerit</span> <span class='ocrx_word' id='word_1_643' title='bbox 1513 5544 1763 5605; x_wconf 84' lang='lat' dir='ltr'>Liberati</span> 
     </span>
    </p>
   </div>
   <div class='ocr_carea' id='block_1_107' title="bbox 1955 4563 3531 4636">
    <p class='ocr_par' dir='ltr' id='par_1_107' title="bbox 1955 4563 3531 4636">
     <span class='ocr_line' id='line_1_107' title="bbox 1955 4563 3531 4636; baseline -0.003 -15"><span class='ocrx_word' id='word_1_644' title='bbox 1955 4566 2321 4634; x_wconf 85' lang='lat' dir='ltr'>Notandum,</span> <span class='ocrx_word' id='word_1_645' title='bbox 2353 4566 2511 4636; x_wconf 83' lang='lat' dir='ltr'>quod</span> <span class='ocrx_word' id='word_1_646' title='bbox 2535 4566 2594 4619; x_wconf 82' lang='lat' dir='ltr'>in</span> <span class='ocrx_word' id='word_1_647' title='bbox 2621 4566 2741 4633; x_wconf 84' lang='lat' dir='ltr'>ﬁne</span> <span class='ocrx_word' id='word_1_648' title='bbox 2778 4564 3043 4620; x_wconf 87' lang='lat' dir='ltr'>omnium</span> <span class='ocrx_word' id='word_1_649' title='bbox 3070 4563 3365 4620; x_wconf 86' lang='lat' dir='ltr'>Horarum</span> <span class='ocrx_word' id='word_1_650' title='bbox 3389 4577 3531 4619; x_wconf 84' lang='lat' dir='ltr'>sem-</span> 
     </span>
    </p>
   </div>
   <div class='ocr_carea' id='block_1_108' title="bbox 1881 4652 3524 4725">
    <p class='ocr_par' dir='ltr' id='par_1_108' title="bbox 1881 4652 3524 4725">
     <span class='ocr_line' id='line_1_108' title="bbox 1881 4652 3524 4725; baseline -0.004 -13"><span class='ocrx_word' id='word_1_651' title='bbox 1881 4670 1992 4725; x_wconf 89' lang='lat' dir='ltr'>per</span> <span class='ocrx_word' id='word_1_652' title='bbox 2019 4655 2183 4711; x_wconf 88' lang='lat' dir='ltr'>debet</span> <span class='ocrx_word' id='word_1_653' title='bbox 2210 4654 2354 4710; x_wconf 85' lang='lat' dir='ltr'>dici.</span> <span class='ocrx_word' id='word_1_654' title='bbox 2383 4658 2445 4710; x_wconf 93' lang='lat' dir='ltr'>1n</span> <span class='ocrx_word' id='word_1_655' title='bbox 2474 4653 2718 4709; x_wconf 91' lang='lat' dir='ltr'>nomine</span> <span class='ocrx_word' id='word_1_656' title='bbox 2769 4652 3022 4723; x_wconf 89' lang='lat' dir='ltr'>Domini,</span> <span class='ocrx_word' id='word_1_657' title='bbox 3048 4659 3115 4709; x_wconf 89' lang='lat' dir='ltr'>ut</span> <span class='ocrx_word' id='word_1_658' title='bbox 3168 4652 3264 4709; x_wconf 86' lang='lat' dir='ltr'>hic</span> <span class='ocrx_word' id='word_1_659' title='bbox 3316 4665 3524 4723; x_wconf 85' lang='lat' dir='ltr'>supra.</span> 
     </span>
    </p>
   </div>
   <div class='ocr_carea' id='block_1_109' title="bbox 2451 4741 2958 4797">
    <p class='ocr_par' dir='ltr' id='par_1_109' title="bbox 2451 4741 2958 4797">
     <span class='ocr_line' id='line_1_109' title="bbox 2451 4741 2958 4797; baseline 0 0"><span class='ocrx_word' id='word_1_660' title='bbox 2451 4742 2543 4797; x_wconf 83' lang='lat' dir='ltr'>Ad</span> <span class='ocrx_word' id='word_1_661' title='bbox 2565 4741 2958 4797; x_wconf 79' lang='lat' dir='ltr'>Matutinum.</span> 
     </span>
    </p>
   </div>
   <div class='ocr_carea' id='block_1_110' title="bbox 2594 4830 2884 4898">
    <p class='ocr_par' dir='ltr' id='par_1_110' title="bbox 2594 4830 2884 4898">
     <span class='ocr_line' id='line_1_110' title="bbox 2594 4830 2884 4898; baseline 0 -14"><span class='ocrx_word' id='word_1_662' title='bbox 2594 4830 2884 4898; x_wconf 80' lang='lat' dir='ltr'>Hymnus.</span> 
     </span>
    </p>
   </div>
   <div class='ocr_carea' id='block_1_111' title="bbox 2025 4917 2822 4985">
    <p class='ocr_par' dir='ltr' id='par_1_111' title="bbox 2025 4917 2822 4985">
     <span class='ocr_line' id='line_1_111' title="bbox 2025 4917 2822 4985; baseline -0.001 -10"><span class='ocrx_word' id='word_1_663' title='bbox 2025 4924 2087 4976; x_wconf 64' lang='lat' dir='ltr'>Ai</span> <span class='ocrx_word' id='word_1_664' title='bbox 2096 4923 2256 4977; x_wconf 89' lang='lat' dir='ltr'>terne</span> <span class='ocrx_word' id='word_1_665' title='bbox 2277 4934 2477 4975; x_wconf 89' lang='lat' dir='ltr'>rerum</span> <span class='ocrx_word' id='word_1_666' title='bbox 2522 4917 2822 4985; x_wconf 89' lang='lat' dir='ltr'>Conditor,</span> 
     </span>
    </p>
   </div>
   <div class='ocr_carea' id='block_1_112' title="bbox 2021 5007 2913 5080">
    <p class='ocr_par' dir='ltr' id='par_1_112' title="bbox 2021 5007 2913 5080">
     <span class='ocr_line' id='line_1_112' title="bbox 2021 5007 2913 5080; baseline -0.003 -15"><span class='ocrx_word' id='word_1_667' title='bbox 2021 5012 2264 5065; x_wconf 88' lang='lat' dir='ltr'>Noctem</span> <span class='ocrx_word' id='word_1_668' title='bbox 2280 5007 2555 5080; x_wconf 91' lang='lat' dir='ltr'>diemque</span> <span class='ocrx_word' id='word_1_669' title='bbox 2599 5007 2705 5080; x_wconf 90' lang='lat' dir='ltr'>qui</span> <span class='ocrx_word' id='word_1_670' title='bbox 2735 5008 2913 5078; x_wconf 89' lang='lat' dir='ltr'>regis,</span> 
     </span>
    </p>
   </div>
   <div class='ocr_carea' id='block_1_113' title="bbox 2020 5096 2963 5169">
    <p class='ocr_par' dir='ltr' id='par_1_113' title="bbox 2020 5096 2963 5169">
     <span class='ocr_line' id='line_1_113' title="bbox 2020 5096 2963 5169; baseline -0.001 -17"><span class='ocrx_word' id='word_1_671' title='bbox 2020 5099 2086 5153; x_wconf 90' lang='lat' dir='ltr'>Et</span> <span class='ocrx_word' id='word_1_672' title='bbox 2114 5101 2453 5169; x_wconf 91' lang='lat' dir='ltr'>temporum</span> <span class='ocrx_word' id='word_1_673' title='bbox 2512 5096 2623 5153; x_wconf 87' lang='lat' dir='ltr'>das</span> <span class='ocrx_word' id='word_1_674' title='bbox 2690 5100 2963 5169; x_wconf 89' lang='lat' dir='ltr'>tempora</span> 
     </span>
    </p>
   </div>
   <div class='ocr_carea' id='block_1_114' title="bbox 2020 5185 2693 5243">
    <p class='ocr_par' dir='ltr' id='par_1_114' title="bbox 2020 5185 2693 5243">
     <span class='ocr_line' id='line_1_114' title="bbox 2020 5185 2693 5243; baseline 0.003 -2"><span class='ocrx_word' id='word_1_675' title='bbox 2020 5189 2089 5241; x_wconf 91' lang='lat' dir='ltr'>Ut</span> <span class='ocrx_word' id='word_1_676' title='bbox 2116 5185 2333 5242; x_wconf 90' lang='lat' dir='ltr'>alleves</span> <span class='ocrx_word' id='word_1_677' title='bbox 2364 5185 2693 5243; x_wconf 88' lang='lat' dir='ltr'>fastidium.</span> 
     </span>
    </p>
   </div>
   <div class='ocr_carea' id='block_1_115' title="bbox 2054 5273 2776 5345">
    <p class='ocr_par' dir='ltr' id='par_1_115' title="bbox 2054 5273 2776 5345">
     <span class='ocr_line' id='line_1_115' title="bbox 2054 5273 2776 5345; baseline -0.001 -16"><span class='ocrx_word' id='word_1_678' title='bbox 2054 5277 2249 5330; x_wconf 83' lang='lat' dir='ltr'>Praeco</span> <span class='ocrx_word' id='word_1_679' title='bbox 2284 5273 2396 5330; x_wconf 91' lang='lat' dir='ltr'>diei</span> <span class='ocrx_word' id='word_1_680' title='bbox 2423 5275 2553 5345; x_wconf 87' lang='lat' dir='ltr'>jam</span> <span class='ocrx_word' id='word_1_681' title='bbox 2584 5278 2776 5331; x_wconf 89' lang='lat' dir='ltr'>sonat.</span> 
     </span>
    </p>
   </div>
   <div class='ocr_carea' id='block_1_116' title="bbox 2017 5362 2911 5436">
    <p class='ocr_par' dir='ltr' id='par_1_116' title="bbox 2017 5362 2911 5436">
     <span class='ocr_line' id='line_1_116' title="bbox 2017 5362 2911 5436; baseline 0 -17"><span class='ocrx_word' id='word_1_682' title='bbox 2017 5362 2210 5419; x_wconf 87' lang='lat' dir='ltr'>Noctis</span> <span class='ocrx_word' id='word_1_683' title='bbox 2244 5364 2559 5436; x_wconf 69' lang='lat' dir='ltr'>profundae</span> <span class='ocrx_word' id='word_1_684' title='bbox 2616 5363 2869 5436; x_wconf 89' lang='lat' dir='ltr'>pervigil</span> <span class='ocrx_word' id='word_1_685' title='bbox 2899 5382 2911 5419; x_wconf 92' lang='lat'><strong>:</strong></span> 
     </span>
    </p>
   </div>
   <div class='ocr_carea' id='block_1_117' title="bbox 2015 5451 2828 5527">
    <p class='ocr_par' dir='ltr' id='par_1_117' title="bbox 2015 5451 2828 5527">
     <span class='ocr_line' id='line_1_117' title="bbox 2015 5451 2828 5527; baseline -0.001 -19"><span class='ocrx_word' id='word_1_686' title='bbox 2015 5451 2317 5527; x_wconf 73' lang='lat' dir='ltr'>Nocturna</span> <span class='ocrx_word' id='word_1_687' title='bbox 2344 5452 2447 5508; x_wconf 86' lang='lat' dir='ltr'>lux</span> <span class='ocrx_word' id='word_1_688' title='bbox 2497 5452 2828 5516; x_wconf 86' lang='lat' dir='ltr'>viantibus,</span> 
     </span>
    </p>
   </div>
   <div class='ocr_carea' id='block_1_118' title="bbox 2014 5546 2897 5616">
    <p class='ocr_par' dir='ltr' id='par_1_118' title="bbox 2014 5546 2897 5616">
     <span class='ocr_line' id='line_1_118' title="bbox 2014 5546 2897 5616; baseline -0.006 -15"><span class='ocrx_word' id='word_1_689' title='bbox 2014 5546 2061 5601; x_wconf 87' lang='lat' dir='ltr'><strong>A</strong></span> <span class='ocrx_word' id='word_1_690' title='bbox 2083 5548 2255 5601; x_wconf 88' lang='lat' dir='ltr'>nocte</span> <span class='ocrx_word' id='word_1_691' title='bbox 2284 5546 2521 5600; x_wconf 89' lang='lat' dir='ltr'>noctem</span> <span class='ocrx_word' id='word_1_692' title='bbox 2550 5556 2897 5616; x_wconf 89' lang='lat' dir='ltr'>segregans.</span> 
     </span>
    </p>
   </div>
  </div>
