4118 6184
1683 209 2137 273 BREVIARIUM
2188 209 2585 273 GOTHICUM.
3771 221 3830 274 52

669 352 789 405 Hoc
810 345 1091 403 excitatus
1137 343 1341 400 lucifer

586 437 768 496 Solvit
801 435 1009 508 polum
1075 432 1326 503 caligine
1354 447 1368 498 ;

583 529 705 583 Hoc
743 523 936 580 omnis
972 536 1243 577 errorum
1272 520 1486 577 chorus

583 615 753 670 Viam
780 610 1036 666 nocendi
1066 609 1304 665 deserit.

656 705 776 758 Hoc
803 702 990 754 nauta
1017 698 1169 753 vires
1213 697 1436 766 colligit

622 789 910 860 Pontique
943 785 1264 843 mitescunt
1296 787 1446 842 freta
1481 801 1496 844 :

587 881 707 934 Hoc
731 878 865 950 ipsa
891 882 1061 950 petra
1093 875 1365 932 Ecclesia

627 969 904 1032 Canente,
943 967 1185 1039 culpam
1230 965 1420 1020 diluit.

664 1059 1015 1126 Surgamus,
1049 1070 1191 1126 ergo
1234 1059 1493 1122 strenue,

594 1145 795 1203 Gallus
820 1145 1107 1216 jacentes.
1142 1142 1379 1207 excitat,

594 1237 662 1298 Et
690 1233 1103 1290 somnolentos
1131 1231 1404 1304 increpat

597 1323 795 1379 Gallus
823 1325 1116 1392 negantes
1146 1320 1362 1390 arguit.

704 1411 868 1466 Gallo
889 1414 1140 1466 canente
1199 1423 1337 1481 spes
1363 1407 1535 1477 redit,

635 1499 828 1572 Egris
850 1499 1011 1554 salus
1035 1497 1396 1554 refunditur.

601 1592 797 1647 Mucro
835 1587 1082 1644 latronis
1133 1586 1428 1654 conditur,

605 1678 816 1750 Lapsis
840 1677 990 1732 ﬁdes
1014 1676 1342 1740 revertitur,

675 1768 705 1820 J
711 1782 816 1822 esu
841 1765 1112 1822 labentes
1151 1763 1400 1835 respice,

605 1857 673 1912 Et
696 1871 808 1911 nos
830 1853 1091 1910 videndo
1131 1853 1360 1921 corrige
1390 1867 1404 1908 :

612 1945 669 2000 Si
692 1942 959 2016 respicis,
993 1940 1145 2014 lapsi
1174 1940 1438 2009 stabunt,

614 2035 894 2105 Fletuque
921 2030 1098 2102 culpa
1119 2029 1379 2086 solvitur.

683 2124 767 2177 Tu
795 2119 919 2188 lux,
951 2117 1176 2189 refulge
1216 2115 1514 2181 sensibus,

613 2210 935 2282 Mentisque
968 2223 1254 2264 somnum
1303 2205 1537 2261 discute
1569 2220 1584 2262 :

616 2301 692 2354 Te
720 2301 924 2354 nostra
951 2311 1065 2352 vox
1084 2295 1350 2367 primum
1381 2296 1573 2363 sonet,

617 2390 686 2442 Et
703 2402 806 2442 ore
832 2385 1170 2458 psallamus
1214 2382 1339 2439 tibi.

691 2474 890 2531 Gloria
916 2473 1067 2530 Patri
1128 2471 1410 2542 ingenito,

623 2563 820 2622 Gloria
871 2561 1210 2632 Unigenito,

622 2656 752 2709 Una
779 2668 920 2708 cum
973 2653 1187 2707 Sancto
1247 2647 1488 2721 Spiritu,

622 2744 688 2797 In
733 2740 1096 2813 sempiterna
1139 2737 1382 2793 sacula.

694 2840 759 2899 13;.
796 2833 1004 2884 Amen.

556 2934 1093 2992 OratioJEternum
1110 2935 1165 2988 te
1195 2932 1525 2998 auctorem,
1554 2930 1610 2986 et
1641 2926 2023 2985 Conditorem
2048 2939 2136 2980 re—

2111 335 2159 390 A
2195 353 2332 394 cum
2346 339 2571 396 Sanctis
2585 341 2794 411 regnat
2815 336 3112 410 gloria,sic
3132 339 3190 394 et
3212 335 3275 394 in
3293 337 3470 395 nobis
3483 341 3732 399 maneat
3749 356 3833 398 sa-

2197 427 2708 488 lusetbenedictio
2737 433 2861 486 tua.
2890 439 2954 498 R.
2982 433 3192 483 Amen.
3645 425 3650 428 ’

2267 520 2373 572 Per
2402 517 2875 574 misericordiam
2904 521 3089 572 tuam.

2272 605 2328 677 ἀ.
2367 607 2740 676 Antiphona.
2771 605 2971 660 Veniet
3003 602 3290 660 Dominus
3320 604 3381 660 in
3396 619 3597 675 regem
3625 622 3640 662 :
3669 621 3837 680 super

2203 709 2445 751 omnem
2497 700 2714 751 terram
2744 694 2851 751 erit
2882 692 3170 749 Dominus
3221 711 3379 750 unus
3412 694 3495 749 :P.
3532 698 3598 752 Et
3627 711 3837 752 nomen

2203 784 2332 853 ejus
2359 783 2420 838 in
2445 787 2734 840 aternum
2773 788 2994 839 manet.
3034 783 3098 842 ἲν.
3132 783 3397 840 Exultate
3431 785 3550 839 Deo
3587 783 3836 856 adjutori

2201 876 2408 930 nostro
2443 891 2455 928 :
2471 873 2722 945 jubilate
2750 876 2868 930 Deo
2894 873 3100 930 Jacob.
3137 877 3207 929 P.
3241 876 3305 929 Et
3347 888 3593 933 nomen.
3623 875 3687 937 κγ.
3721 875 3843 931 Glo-

2204 963 2313 1029 ria,
2355 967 2411 1018 et
2433 964 2627 1020 honor
2654 963 2824 1029 Patri,
2869 963 3048 1019 etc.P.
3085 965 3150 1018 Et
3171 978 3418 1019 nomen.

2281 1051 2504 1107 Oratio.
2527 1053 2806 1118 Deus,Dei
2827 1051 3204 1122 Filius,cujus
3219 1052 3281 1107 in
3311 1056 3598 1110 aternum
3621 1067 3850 1127 perma-

2209 1143 2311 1195 net
2353 1140 2630 1211 .Requz're
2653 1142 2769 1210 fol.
2801 1145 2854 1195 3.

2283 1227 2623 1297 Antz'phona
2646 1232 2700 1284 2.
2714 1227 2916 1284 Veniet
2936 1225 3015 1283 ad
3035 1226 3236 1283 locum
3249 1231 3525 1284 sanctum
3540 1228 3846 1298 Dominus,

2214 1333 2394 1391 quem
2407 1333 2516 1373 vos
2543 1317 2721 1374 vultis
2749 1336 2762 1387 ;
2795 1321 2852 1374 et
2870 1317 3130 1387 Angelus
3175 1318 3532 1383 testamenti,
3555 1333 3850 1390 quemvos

2216 1406 2581 1462 desideratis.
2608 1409 2678 1463 P.
2713 1409 2857 1463 Ecce
2905 1408 3098 1463 veniet
3127 1406 3414 1463 Dominus
3458 1406 3847 1479 omnipotens.

2217 1496 2280 1555 ἲν.
2313 1498 2560 1565 Magnus
2588 1497 2878 1552 Dominus
2905 1501 3128 1563 noster,
3154 1501 3209 1552 et
3234 1509 3459 1565 magna
3491 1495 3670 1550 virtus
3712 1495 3850 1566 ejus.

2221 1587 2278 1639 et
2307 1583 2612 1655 sapientia
2633 1585 2762 1655 ejus
2787 1599 2907 1641 non
2941 1588 2996 1640 et
3019 1599 3326 1640 numerus.
3357 1585 3426 1639 P.
3475 1585 3620 1639 Ecce
3643 1584 3854 1639 veniet.

2147 1691 2192 1746 Β
2221 1673 2283 1734 v.
2319 1672 2528 1739 Gloria,
2565 1678 2621 1729 et
2647 1675 2860 1741 honor,
2889 1678 2998 1730 etc.
3024 1674 3240 1730 P.Ecce
3268 1672 3484 1728 veniet.

2297 1762 2524 1818 Oratio.
2557 1761 2802 1828 Christe,
2819 1763 2919 1818 Dei
2946 1762 3142 1832 Filius,
3164 1762 3267 1834 qui
3293 1762 3542 1817 veniens
3560 1761 3639 1818 ad
3664 1763 3861 1818 locum

2223 1850 2375 1907 uteri
2403 1850 2739 1919 Virginalis,
2752 1867 2928 1908 verus
2942 1850 3193 1920 angelus
3206 1851 3564 1917 testamenti,
3584 1863 3865 1921 agnosce-

2224 1939 2307 1994 ris
2331 1940 2610 1995 :concedc
2635 1940 2829 2008 nobis,
2858 1943 2922 1996 ut
2939 1939 3111 2004 ﬁdes,
3153 1956 3274 2012 qua
3297 1939 3721 1996 incarnationis
3753 1942 3868 1996 tuae

2228 2027 2452 2098 gaudia
2473 2027 2690 2090 diffuso
2703 2043 2803 2084 ore
2815 2029 3208 2094 concinimus,
3241 2027 3318 2083 ab
3366 2027 3530 2091 omni
3555 2028 3747 2100 culpa
3766 2042 3870 2084 no-

2229 2120 2364 2170 stra
2390 2130 2500 2170 nos
2528 2115 2731 2174 debito
2759 2118 2972 2188 expiet,
2992 2132 3130 2173 cum
3156 2118 3370 2174 iterum
3400 2121 3454 2173 te
3487 2117 3566 2182 ad
3579 2116 3872 2188 judicium

2228 2208 2548 2259 venturum
2574 2206 2915 2262 viderimus.
2938 2217 3001 2276 Ie.
3027 2212 3237 2262 Amen.

2301 2295 2407 2348 Per
2433 2294 2906 2351 misericordiam
2952 2302 3138 2352 tuam.

2301 2383 2644 2453 Antiphonti
2663 2385 3306 2442 3.Venietdesideratus
3325 2385 3554 2446 cunctis
3578 2384 3872 2456 gentibus,

2233 2472 2301 2530 P.
2320 2474 2386 2527 Et
2413 2473 3004 2531 videbiteumomnis
3033 2476 3260 2531 oculus.
3280 2476 3340 2538 in
3389 2479 3539 2540 Deus
3567 2475 3878 2532 manifeste

2235 2561 2430 2616 veniet
2462 2578 2474 2616 :
2501 2565 2654 2619 Deus
2676 2573 2875 2622 noster
2904 2569 3104 2632 etnon
3145 2564 3357 2622 silebit.
3398 2565 3464 2621 P.
3514 2565 3578 2630 Et
3633 2563 3879 2624 videbit.

2235 2649 2298 2709 72’.
2324 2649 2538 2718 Gloria,
2566 2657 2622 2708 et
2647 2653 2839 2710 honor
2859 2653 3156 2722 Patri,etc.
3185 2654 3250 2708 P.
3294 2657 3360 2720 Et
3391 2653 3632 2719 videbit.

2259 2723 2262 2726 ’
2313 2739 2542 2796 Oratio.
2562 2741 2897 2798 Desiderate
2915 2743 3142 2798 cunctis
3165 2742 3440 2809 gentibus
3460 2731 3496 2798 ὁ
3531 2741 3888 2808 Christe,ad-

2240 2827 2508 2891 veniens,
2529 2829 2694 2886 salva
2710 2831 2966 2903 populos
2997 2831 3227 2888 tibimet
3252 2831 3596 2888 conﬁtentes
3629 2851 3640 2889 :
3669 2836 3751 2902 ut,
3785 2832 3894 2905 qui

2245 2915 2323 2970 ad
2351 2916 2465 2972 hoc
2486 2919 2805 2988 pramium
2821 2920 3029 2978 venisti
3047 2925 3110 2976 ut
3137 2919 3404 2994 primum
3425 2919 3747 2986 redimeres
3775 2939 3787 2989 ;
3812 2921 3897 2980 ad

483 3038 741 3094 rumque
755 3022 1028 3077 omnium
1044 3019 1354 3075 Dominum
1369 3015 1785 3086 omnislingua
1798 3014 2131 3080 conﬁtetur,
2176 3037 2217 3094 ρ
2249 3003 2363 3060 hoc
2383 3006 2596 3094 iterum
2626 3009 2833 3064 venias
2855 3024 2867 3063 :
2886 3014 2947 3065 ut
2967 3009 3272 3065 credentes
3287 3009 3395 3068 tibi
3410 3025 3519 3086 pro
3537 3003 3757 3068 meritis
3770 3025 3899 3066 non

489 3115 548 3168 et
574 3110 760 3166 credit
791 3127 804 3165 :
833 3113 898 3164 tu
928 3107 1091 3163 enim
1116 3107 1178 3162 in
1216 3105 1511 3178 principio
1552 3105 1755 3161 omnia
1801 3102 1991 3159 fecisti
2025 3119 2039 3156 :
2076 3105 2137 3157 tu

489 3199 626 3271 ipsa
645 3201 814 3270 petra
833 3194 1128 3264 Ecclesia,
1153 3193 1214 3250 in
1245 3209 1367 3266 qua
1385 3192 1591 3266 culpas
1606 3195 1840 3247 nostras
1855 3189 2140 3246 deﬂentes

490 3286 807 3343 diluimus:
839 3287 906 3340 tu
929 3282 1090 3339 enim
1110 3282 1170 3338 in
1200 3271 1498 3356 principio
1517 3279 1786 3336 labentes
1815 3277 2062 3352 respice,
2089 3279 2144 3331 et

489 3374 751 3434 videndo
779 3388 893 3438 nos
925 3371 1151 3442 corrige
1178 3389 1190 3440 ;
1223 3373 1506 3426 utnostra
1521 3384 1641 3424 vox
1666 3368 1773 3424 tibi
1807 3366 2145 3440 sempcrin-

491 3467 661 3521 sonet
683 3464 743 3519 in
771 3461 934 3518 atriis
980 3461 1116 3525 tuis,
1173 3464 1228 3516 et
1279 3457 1576 3514 resolvere
1633 3473 1976 3513 mereamur
2017 3455 2142 3512 tibi.

490 3556 733 3625 Propter
753 3551 1130 3608 clementiam
1145 3554 1310 3605 tuam
1327 3549 1610 3622 petimus,
1637 3545 1953 3602 ineﬁ‘abilis
1970 3548 2146 3613 Deus,

493 3645 558 3698 ut
593 3656 772 3714 super
786 3656 898 3696 nos
916 3639 1118 3709 vigilet
1133 3635 1411 3694 custodia
1431 3641 1532 3692 tua
1559 3651 1800 3708 semper
1825 3633 2098 3704 angelica
2131 3650 2144 3688 :

495 3734 552 3786 et
569 3729 874 3796 venientes
888 3728 966 3784 ad
983 3728 1180 3784 lucem
1202 3743 1339 3782 cum
1354 3725 1718 3783 exultatione
1735 3741 1772 3780 a
1800 3728 1903 3780 tuo
1926 3723 2150 3778 lumine

495 3819 557 3874 in
571 3822 859 3874 aternum
873 3830 1206 3887 numquam
1219 3815 1626 3871 discedamus:
1645 3817 1702 3870 et
1737 3813 1936 3868 electis
1955 3811 2068 3868 tuis
2089 3811 2150 3866 in

500 3910 720 3964 aterna
750 3903 973 3975 gaudia
1001 3903 1193 3976 perfui
1219 3918 1574 3960 mereamur.
1616 3914 1683 3976 11'.
1716 3905 1906 3958 Amen

570 3997 675 4052 Per
744 3992 1219 4054 misericordiam
1273 3996 1460 4048 tuam.

570 4102 940 4173 Antiphona.
985 4099 1232 4156 Domine
1271 4098 1420 4170 quid
1461 4097 1836 4170 multiplicati
1879 4100 2018 4166 sunt
2050 4095 2155 4169 qui

502 4191 786 4248 tribulant
812 4205 909 4246 me
929 4192 1035 4246 ?tu
1060 4191 1279 4253 autem,
1308 4187 1573 4252 Domine,
1631 4189 1940 4260 susceptor
1980 4200 2152 4242 meus

505 4297 586 4337 es.
617 4280 884 4337 Psalmus
934 4295 1016 4335 Ill.

2251 3093 2642 3154 condemnes.
2675 3109 2737 3166 Ρρ.
2764 3099 2973 3154 Amen.

2330 3185 2435 3238 Per
2464 3186 2936 3244 misericordiam
2998 3190 3183 3244 tuam.

2333 3306 2378 3362 Η
2406 3293 2566 3358 Veni,
2629 3292 3085 3352 clementissime
3117 3293 3364 3352 Domine
3399 3311 3414 3352 :
3456 3310 3704 3352 succure
3745 3295 3907 3366 jam,

2254 3387 2310 3441 et
2338 3397 2517 3456 parce
2546 3381 2720 3438 fessis
2753 3399 2763 3437 :
2793 3383 2920 3454 jam
2960 3382 3312 3440 miseranda
3364 3383 3521 3454 erige
3556 3397 3911 3456 oppressos.

2255 3471 2572 3528 Redemisti
2593 3471 2752 3526 vivos
2787 3491 2798 3529 :
2833 3471 2994 3543 eripe
3026 3472 3316 3543 captivos.
3342 3471 3683 3530 Adventum
3727 3478 3916 3529 tuum

2257 3560 2453 3616 omnis
2476 3564 2745 3615 creatura
2771 3564 2873 3615 tua
2911 3565 3201 3634 expectat.
3230 3560 3296 3615 P.
3324 3562 3510 3626 Deum
3538 3561 3630 3630 hic
3678 3577 3763 3626 es,
3800 3561 3920 3616 ab-

2260 3649 2421 3705 solve
2443 3665 2577 3705 reos
2607 3667 2620 3706 :
2649 3654 2706 3706 et
2734 3649 2880 3706 dum
2917 3649 3168 3718 veneris,
3223 3649 3474 3707 defende
3497 3639 3609 3718 nes
3665 3653 3817 3710 tuos.
3843 3649 3917 3708 Ἐν.

2259 3737 2422 3802 Veni,
2443 3737 2776 3807 Domine,et
2801 3737 3174 3800 nolitardare
3208 3754 3221 3792 :
3252 3738 3454 3794 relaxa
3491 3735 3758 3802 facinora
3784 3738 3922 3812 ple-

2259 3826 2322 3883 bi
2351 3832 2479 3894 tua,
2510 3826 3104 3898 etrevocadispersos
3122 3827 3181 3884 in
3204 3830 3420 3884 terram
3436 3843 3626 3893 suam.
3647 3827 3710 3882 P.
3750 3830 3920 3886 Dum

2259 3917 2357 3972 hic
2392 3932 2475 3975 es.
2507 3916 2570 3978 ὢν.
2603 3916 2816 3983 Gloria,
2849 3921 2902 3972 et
2928 3916 3120 3972 honor
3150 3917 3320 3973 Patri.
3350 3928 3412 3984 R’.
3445 3917 3608 3986 Veni,
3649 3917 3926 3976 clemen-

2261 4006 2490 4060 tissime
2522 4005 2788 4061 Domine.
3578 3989 3582 3992 ’

2336 4095 2559 4150 Oratio.
2577 4094 2717 4149 Veni
2731 4094 3195 4150 clementissime
3214 4095 3480 4167 Domine,
3500 4095 3632 4162 veni
3655 4099 3934 4168 ;etpra-

2261 4198 2412 4256 roga
2430 4184 2768 4240 libertatem
2788 4183 3092 4256 oppressis
3127 4184 3686 4258 :excitapotentiam
3700 4190 3883 4242 tuam
3921 4203 3940 4249 ;

2263 4272 2569 4346 etplebem
2582 4272 2820 4344 posside
2834 4272 3942 4346 conquisitam:dirigevineam,quam

568 4387 930 4457 Antiphona.
957 4383 1528 4452 Lavame,Domine,
1566 4382 1644 4439 ab
1659 4380 1948 4454 injustitia
1980 4397 2149 4438 mea:
2187 4391 2234 4446 D
2262 4376 2370 4457 Ρξπ
2395 4361 2588 4416 Virum
2620 4360 2899 4457 P1311335“
2925 4361 3183 4457 ᾀέξφιξδθ
3210 4366 3322 4457 “fi-‘3
3350 4379 3362 4417 ³
3397 4361 3687 4457 E_tFilium
3716 4362 3948 4457 ῘιοῖξιΫ

505 4480 565 4532 et
587 4493 624 4534 a
651 4480 898 4548 peccato
920 4489 1056 4531 meo
1078 4473 1308 4530 munda
1350 4487 1470 4529 me.
1516 4473 1798 4528 Psalmus
1817 4488 1870 4528 L.

574 4565 1108 4635 Antiphona.Lava
1121 4562 1526 4631 me,Domine,
1545 4560 1624 4617 ab
1654 4559 1944 4631 injustitia
1971 4574 2108 4616 mea
2140 4573 2154 4615 :

507 4658 565 4712 et
585 4670 621 4711 a
649 4657 898 4726 peccato
928 4667 1063 4708 meo
1089 4651 1320 4708 munda
1364 4665 1480 4716 me,
1506 4649 1779 4706 Domine.

577 4760 929 4830 Antiphona.
960 4763 1023 4814 In
1052 4761 1108 4814 te
1137 4757 1385 4814 conﬁdit
1407 4755 1763 4813 animamea
1794 4770 1806 4809 :
1830 4753 2018 4811 libera
2038 4769 2154 4810 me.

512 4850 778 4906 Domine.
832 4849 1103 4905 Psalmus
1167 4863 1279 4903 va.

580 4939 950 5008 Antiphona.
975 4940 1039 4992 ln
1069 4939 1122 4992 te
1139 4935 1384 4993 conﬁdit
1419 4934 1623 4991 anima
1651 4948 1826 4994 mea:
1864 4931 2160 4990 liberame

513 5027 784 5083 Domine.

585 5115 815 5171 Oratio.
837 5114 1083 5170 Domine
1107 5116 1244 5170 Jesu
1274 5112 1518 5181 Christe,
1542 5111 1649 5185 qui
1675 5111 1981 5167 credentes
2019 5111 2082 5166 in
2108 5118 2161 5167 te

511 5203 863 5263 redimendo
889 5203 1167 5275 suscipis,
1197 5207 1250 5258 et
1277 5202 1603 5258 exaltando
1645 5200 1978 5272 glorificas;
2033 5200 2160 5272 ple-

510 5295 653 5350 bem
681 5297 846 5349 tuam
869 5291 1267 5362 abinjustitia
1291 5294 1347 5346 et
1371 5293 1754 5362 peccatorum
1812 5288 2064 5344 vinculis
2095 5289 2162 5344 li-

512 5383 676 5438 bera:
692 5380 956 5438 veritatis
973 5385 1029 5436 et
1041 5380 1349 5451 sapientia
1364 5383 1477 5434 tua
1494 5394 1739 5434 munere
1754 5377 1938 5434 corda
1959 5393 2160 5434 eorum

513 5469 808 5543 locupleta
832 5489 844 5539 ;
871 5474 1224 5541 mentesque
1255 5467 1562 5526 sanctiﬁca
1585 5485 1597 5521 :
1617 5471 1698 5536 ut,
1723 5468 1872 5525 sicut
1910 5467 1973 5522 in
2007 5466 2160 5524 coelo

2264 4449 2378 4510 nis,
2411 4465 2593 4522 quem
2619 4451 2990 4506 conﬁrmasti
3023 4449 3150 4515 tibi,
3194 4449 3558 4508 advocatum
3593 4466 3705 4526 pro
3738 4450 3949 4507 nobis

2265 4537 2484 4594 exaudi
2518 4555 2530 4593 :
2559 4544 2622 4594 ut
2654 4539 3100 4611 lachrymarum
3121 4539 3295 4611 panis
3333 4539 3581 4596 modum
3602 4539 3838 4596 habeat
3864 4541 3957 4598 in

2265 4631 2514 4703 ﬂagellis
2538 4649 2550 4698 ;
2574 4637 2872 4707 potusque
2884 4633 3363 4706 compunctionis
3383 4638 3602 4690 nostra
3617 4633 3777 4690 vires
3791 4647 3958 4700 non

2268 4725 2546 4786 attenuet,
2582 4722 2685 4778 sed
2715 4723 3049 4793 etenutriat
3070 4726 3322 4779 mentes.
3356 4734 3421 4794 Βρ.
3445 4723 3656 4780 Amen.

2339 4813 2442 4867 Per
2487 4811 2960 4868 misericordiam
3015 4815 3206 4869 tuam.

2877 4916 2948 4972 In
2967 4915 3289 4973 Laudibus.

2340 5024 2425 5079 Ad
2456 5023 2782 5080 Canticum.
2816 5022 3033 5080 Audiat
3061 5026 3217 5079 terra
3245 5038 3318 5078 ex
3364 5037 3466 5079 ore
3491 5037 3646 5080 meo.
3703 5026 3990 5098 Expec—

2269 5116 2443 5182 tetur,
2475 5113 2626 5168 sicut
2641 5113 2841 5185 pluvia
2867 5112 3173 5185 eloquium
3199 5128 3426 5182 meum,
3454 5117 3510 5170 et
3525 5113 3991 5184 descendant,

2273 5203 2426 5258 sicut
2454 5217 2553 5258 ros
2589 5201 2774 5259 verba
2795 5218 2950 5258 mea.

2487 5292 2806 5347 Canticum
2835 5290 3284 5348 Deuteronomic'
3304 5290 3480 5362 (Cap.
3514 5301 3706 5361 xxxn).

2343 5379 2590 5436 Attende
2622 5380 2857 5447 coelum,
2877 5385 2934 5438 et
2953 5381 3170 5454 loquar
3190 5397 3203 5436 :
3233 5383 3312 5437 ’et
3340 5380 3546 5438 audiat
3565 5384 3726 5436 terra
3739 5381 4022 5439 verba

2271 5482 2344 5524 6X
2373 5484 2471 5523 ore
2496 5484 2649 5525 meo.
