4118 6184
183 235 252 313 5;,-
1358 224 1761 313 DOMINICAI
1799 227 2173 321 anvnnrus
2214 232 2493 331 DOMiNI.
3570 256 3641 311 5,,

258 358 619 443 Expectetnr
642 351 801 408 sicut
822 348 1028 443 pluvia
1062 348 1373 443 eloquium
1414 366 1637 419 meum,
1672 356 1729 410 et
1756 353 1868 441 de-
1900 356 1947 410 A
1979 357 2094 430 Ipsi
2120 357 2180 413 in
2210 360 2401 418 zelum
2423 364 2874 422 concitaverunt
2895 380 2991 423 me
3014 368 3039 392 '
3067 372 3124 429 et
3149 384 3273 430 non
3323 373 3385 432 in
3426 336 3637 437 Deum,

186 436 485 506 scandant
516 442 674 499 sicut
700 456 804 497 ros
828 434 1015 495 verba
1054 434 1231 495 mea.

257 533 631 594 Sicutimber
679 543 865 602 super
889 542 1163 600 gramen,
1200 528 1221 553 ⁹
1252 530 1308 585 et
1345 529 1497 586 sicut
1536 530 1637 589 nix
1687 546 1869 604 supra

194 634 421 689 Ῐωῐιυω
432 667 448 683 ο

262 717 423 783 Quia
451 726 675 770 nomen
706 708 948 765 Domini
974 707 1286 764 invocavi:
1310 709 1332 730 ¹
1357 708 1493 766 date
1508 710 1867 781 magnitudi-

192 820 338 861 nem
371 803 622 860 Domino
654 802 773 855 Deo
825 802 1055 853 nostro.

270 895 449 959 Deus,
476 905 613 946 vera
633 902 823 961 opera
845 887 995 958 ejus,
1038 887 1059 911 '
1086 888 1143 942 et
1171 900 1382 943 omnes
1425 886 1538 943 viae
1584 887 1713 959 ejus
1769 888 1862 959 ju-

201 983 419 1127 dllg’eaus
448 1068 665 1132 ﬁdelis,
688 1067 879 1138 inquo
912 1078 1037 1120 non
1062 1066 1151 1120 est
1192 1063 1496 1137 iniquitas,
1519 1065 1542 1088 θ
1572 1065 1767 1136 justus
1804 1068 1861 1123 et

193 1162 445 1217 sanctus
474 1156 787 1214 Dominus.

256 1249 662 1305 Peccaverunt
682 1244 736 1300 ei
758 1257 882 1299 non
903 1242 1009 1321 ﬁlii
1025 1242 1400 1299 immaculati
1420 1261 1433 1299 :
1454 1245 1481 1275 ⁴¹
1496 1242 1657 1299 natio
1671 1258 1859 1316 prava

184 1341 241 1395 et
266 1351 580 1410 perversa.
602 1336 733 1389 Haec
754 1332 1010 1388 Domino
1052 1330 1391 1387 retribuisti.

257 1429 392 1482 Haec
422 1424 597 1496 plebs
628 1422 797 1477 fatua
827 1424 884 1475 et
911 1434 1035 1475 non
1089 1418 1378 1491 sapiens?
1406 1435 1605 1476 nonne
1641 1420 1737 1476 hic
1773 1424 1860 1477 est

180 1516 309 1587 ipse
335 1514 511 1585 pater
562 1515 722 1576 tuus,
752 1509 859 1582 qui
889 1506 1163 1580 possedit
1191 1511 1269 1575 te,
1327 1513 1382 1564 et
1404 1508 1559 1577 fecit,
1610 1512 1665 1564 et
1692 1524 1856 1564 crea-

183 1605 262 1659 vit
287 1608 341 1657 te
366 1602 396 1656 ‘I

2012 442 2013 447 “
2048 449 2110 501 In
2136 447 2225 505 ira
2254 452 2702 511 concitaverunt
2728 468 2824 511 me
2844 458 2866 481 '
2896 454 2958 511 in
2989 456 3170 514 idolis
3201 462 3359 520 suis:

2048 538 2113 592 Et
2150 552 2261 609 ego
2282 539 2343 596 in
2383 542 2472 599 ira
2494 545 2811 601 concitabo
2840 549 3032 613 eos,et
3046 562 3167 605 non
3188 550 3250 606 in
3268 556 3633 627 gentem,‘in

1976 628 2211 694 gentem
2244 627 2611 689 insensatam
2641 634 2886 691 irritabo
2933 651 3057 692 eos.

2046 715 2195 778 Quia
2214 717 2369 787 ignis
2398 722 2619 778 exarsit
2639 722 2701 778 in
2741 723 2830 780 ira
2851 738 3005 788 mea,
3032 725 3054 749 ‘
3078 727 3478 792 etexardescit
3522 751 3629 794 us-

1971 816 2087 873 que
2113 805 2190 860 ad
2229 807 2450 865 inferos
2475 811 2760 868 deorsum
2785 828 2800 867 ε

2042 894 2322 953 Comedet
2349 904 2507 956 terra
2544 900 2886 958 nascentias
2938 908 3289 977 agrorum,‘
3311 912 3367 966 et
3387 910 3622 971 inﬂam-

1966 987 2136 1038 mant
2164 983 2555 1043 fundamenta
2582 990 2905 1046 montium.

2040 1069 2366 1141 Congeram
2386 1074 2446 1130 in
2469 1075 2583 1132 illis
2600 1077 2808 1139 mala,‘
2825 1079 2881 1133 et
2899 1077 3143 1149 sagittas
3162 1096 3327 1140 meas
3344 1099 3631 1146 consum-

1972 1158 2155 1215 mabo
2176 1159 2235 1215 in
2268 1162 2367 1217 eis.

2041 1247 2363 1308 Tabescent
2385 1251 2564 1320 fame,
2589 1257 2645 1310 et
2668 1269 2806 1311 esca
2835 1254 3057 1312 avium'
3089 1262 3279 1327 erunt,
3310 1261 3335 1291 '
3356 1265 3412 1319 et
3434 1265 3627 1323 tensio

1968 1333 2184 1391 dorsus
2214 1337 2571 1397 insanabilis
2611 1344 2712 1399 eis.

2039 1425 2251 1481 Dentes
2288 1428 2615 1486 bestiarum
2639 1432 3035 1490 immittamin
3072 1433 3180 1502 eis,
3213 1436 3236 1457 "
3259 1450 3398 1495 cum
3425 1439 3624 1499 furore

1968 1511 2326 1571 trahentium
2358 1534 2535 1589 super
2558 1524 2795 1576 terram.

2034 1605 2080 1656 A
2102 1603 2242 1659 foris
2263 1605 2573 1664 interﬁciet
2598 1614 2769 1666 natos
2782 1625 2991 1667 eorum
3009 1611 3400 1681 g1adius,etin
3419 1631 3620 1689 prom-

250 1692 319 1746 In
342 1694 547 1745 mente
585 1686 803 1744 habete
859 1685 986 1742 dies
1035 1685 1296 1757 saaculi,‘
1322 1685 1624 1757 intelligite
1662 1701 1856 1743 annos
1888 1733 1934 1790 Β
1963 1692 2208 1761 ptuariis
2237 1694 2430 1751 timor.

182 1780 455 1837 nationis
476 1778 824 1834 nationum:

253 1872 571 1938 Interroga
593 1869 824 1922 Patrem
850 1870 1041 1930 tuum,
1096 1870 1153 1920 et
1181 1863 1336 1920 dicet
1386 1863 1529 1931 tibi;
1553 1864 1852 1921 ‘seniores

180 1961 343 2021 tuos,
378 1960 438 2011 et
464 1954 912 2011 annuntiabunt
942 1952 1076 2010 tibi.

252 2047 409 2101 Cum
442 2041 791 2114 dispartiret
822 2041 1104 2097 Excelsus
1126 2043 1332 2111 gentes
1357 2058 1369 2093 :
1391 2044 1411 2064 '
1448 2041 1851 2113 quemadmo-

180 2132 335 2189 dum
366 2131 654 2203 dispersit
684 2129 839 2186 ﬁlios
871 2129 1033 2200 Adae,

252 2220 479 2278 Statuit
507 2218 793 2274 terminos
826 2218 1092 2287 gentium
1113 2217 1132 2239 ¹
1164 2216 1501 2273 secundum
1528 2232 1850 2273 numerum

176 2310 560 2379 Angelorum
586 2307 709 2374 Dei,

244 2402 438 2456 Facta
467 2403 556 2455 est
579 2413 721 2471 pars
752 2396 1182 2469 Domini,plebs
1203 2395 1387 2453 Jacob
1416 2413 1429 2450 :
1460 2399 1488 2453 ‘I
1516 2396 1848 2454 funiculum

174 2488 535 2547 hereditatis
569 2488 701 2559 ejus
736 2486 935 2542 Israel.

252 2578 670 2636 Sufﬁcientem
695 2591 837 2632 eum
868 2575 981 2631 sibi
1000 2574 1139 2631 fecit
1180 2575 1243 2630 in
1273 2577 1433 2630 terra
1451 2573 1708 2645 deserta,
1737 2578 1757 2600 ‘
1785 2575 1848 2631 in

175 2668 269 2725 siti
296 2668 549 2730 caloris,
580 2664 689 2720 ubi
722 2679 845 2720 non
868 2668 991 2720 erat
1015 2679 1215 2736 aqua;

256 2755 609 2813 Circumivit
639 2770 798 2819 eum,
826 2757 882 2809 et
905 2752 1164 2809 erudivit
1190 2769 1351 2822 eum,
1371 2752 1526 2809 sicut
1554 2753 1847 2825 pupillam

180 2846 366 2911 oculi,
407 2846 431 2867 '
462 2841 991 2909 Quemadmodum
1048 2841 1251 2914 aquila
1300 2845 1571 2913 proteget
1636 2842 1848 2896 nidum

182 2950 365 2990 suum
404 2933 665 3004 desuper
693 2930 895 3003 pullos
916 2946 1057 2986 suos
1085 2930 1319 2995 sedens,

260 3021 535 3078 Extendit
553 3021 679 3077 alas
746 3035 909 3088 suas,
943 3024 1001 3075 et
1057 3019 1381 3092 assumpsit
1410 3034 1533 3088 eos,
1561 3020 1581 3043 ‘
1611 3021 1670 3074 et
1717 3034 1841 3075 sus-

183 3111 349 3183 cepit
384 3126 494 3166 eos
525 3124 705 3181 super
731 3108 1013 3180 scapulas
1044 3123 1208 3164 suas.

253 3198 551 3255 Dominus
581 3197 749 3254 solus
769 3196 1105 3253 deducebat
1127 3212 1229 3253 eos
1257 3214 1271 3250 :
1294 3196 1318 3227 ’
1333 3199 1390 3253 et
1417 3210 1540 3253 non
1560 3200 1839 3253 eratcum

172 3287 278 3345 illo
308 3288 463 3343 deus
492 3287 744 3343 alienus.
1804 3276 1807 3279 ¹

245 3376 544 3449 Imposuit
562 3376 626 3432 in
647 3374 1024 3432 fortitudines
1067 3376 1265 3431 terrae'
1287 3375 1628 3430 nascentias
1666 3389 1835 3444 agro-

166 3482 332 3535 rum,

243 3556 594 3626 Suggerunt
620 3552 742 3610 mel
775 3552 850 3609 de
882 3557 1074 3626 petra,
1107 3554 1129 3577 ⁶
1154 3554 1212 3609 et
1248 3552 1449 3609 oleum
1463 3552 1537 3609 de
1568 3552 1837 3608 ﬁrmissi-

167 3660 277 3700 ma
306 3649 499 3717 petra.

244 3732 542 3805 Butyrum
565 3730 979 3797 bovum,etlac
996 3731 1201 3787 ovium
1222 3746 1360 3787 cum
1383 3732 1559 3803 adipe
1581 3733 1631 3804 5
1651 3745 1834 3801 agno-

162 3839 304 3879 rum
326 3827 384 3878 et
404 3819 951 3887 arietum,ﬁiiorum
970 3824 1277 3875 taurorum
1300 3823 1355 3876 et
1370 3821 1673 3877 hircorum
1694 3816 1833 3877 cum

160 3912 345 3985 adipe
366 3928 610 3978 renum,
644 3912 660 3927 '
691 3904 1145 3975 frumentum,et
1174 3911 1529 3980 sanguinem
1568 3900 1725 3967 uvae.

237 4001 395 4057 Bibit
417 4001 739 4056 vinum.Et
768 3998 1152 4055 manducavit
1181 3998 1387 4081 Jacob,
1413 4002 1505 4054 'et
1534 4003 1831 4055 saturatus

155 4094 263 4157 est,
296 4096 361 4146 et
379 4088 809 4144 recalcitravit.

224 4177 500 4234 Dilectus
528 4160 807 4248 :pinguis
833 4174 1027 4231 factus
1059 4178 1168 4243 est,
1198 4176 1290 4230 'et
1315 4174 1596 4231 dilatatus
1646 4178 1754 4242 est,

223 4270 295 4323 Et
328 4264 695 4345 derelinquit
720 4264 1041 4336 Deum,qui
1060 4264 1197 4320 fecit
1221 4280 1380 4330 eum,
1404 4265 1425 4287 '
1448 4267 1505 4319 et
1524 4264 1763 4320 recessit
1791 4280 1828 4321 θ.

148 4357 271 4411 Deo
300 4354 562 4409 salutari
591 4370 703 4409 suo
720 4396 732 4410 .

1916 1782 1929 1823 ῖ
2034 1782 2277 1837 Juvenis
2301 1801 2439 1841 cum
2458 1787 2706 1857 virgine,
2725 1788 2990 1846 ‘lactans
3012 1805 3152 1846 cum
3177 1792 3438 1851 stabilito
3451 1811 3611 1854 sene.

2034 1870 2160 1926 Dixi
2189 1889 2202 1926 :
2232 1873 2477 1944 Disperd
2487 1891 2585 1931 am
2606 1876 2739 1932 illos
2766 1894 2778 1931 :
2798 1878 2820 1899 *
2836 1878 3086 1950 privabo
3117 1884 3318 1937 autem
3332 1897 3405 1938 ex
3424 1886 3620 1942 omni-

1960 1956 2076 2012 bus
2106 1963 2463 2018 memoriam
2493 1980 2721 2020 eorum.

2032 2047 2155 2103 Nisi
2179 2052 2584 2122 propteriram
2629 2054 3012 2111 inimicorum
3057 2072 3326 2124 suorum,
3350 2061 3374 2085 '
3400 2064 3466 2119 ut
3490 2076 3615 2119 non

1960 2133 2074 2191 sint
2103 2136 2283 2206 longo
2312 2132 2581 2213 tempore
2604 2159 2786 2215 super
2799 2146 3051 2203 terram:
3082 2150 3149 2202 ut
3188 2162 3313 2203 non
3362 2165 3615 2208 consen-

1959 2222 2105 2279 tiant
2128 2225 2475 2295 adversarii,
2529 2234 2587 2285 et
2615 2230 2816 2286 dicant
2845 2232 3093 2288 :Manus
3136 2238 3344 2292 nostra
3384 2238 3621 2296 excelsa

1958 2316 2061 2383 est,
2098 2318 2153 2369 et
2182 2330 2299 2371 non
2326 2317 2500 2384 Deus,
2536 2318 2671 2375 fecit
2703 2320 2829 2375 haec
2862 2320 3086 2377 omnia.

2030 2402 2179 2466 Quia
2198 2405 2363 2461 natio
2392 2406 2606 2479 perditi
2629 2408 2861 2465 consilii
2884 2413 2987 2481 est,
3014 2412 3103 2466 *et
3152 2424 3276 2468 non
3314 2414 3402 2471 est
3440 2414 3505 2470 in
3532 2416 3617 2471 eis

1956 2488 2295 2563 disciplina.

2028 2580 2091 2634 Et
2118 2595 2242 2635 non
2272 2583 2681 2652 cogitaverunt
2705 2585 3029 2657 intelligere
3052 2604 3067 2656 ;
3090 2587 3256 2645 “haec
3286 2590 3618 2665 percipient

1956 2664 2018 2719 in
2046 2665 2246 2722 futuro
2278 2672 2568 2742 tempore.

2030 2754 2549 2818 Quemadmodum
2568 2761 2946 2833 persequitur
2964 2776 3124 2819 unus
3155 2762 3336 2831 mille,
3369 2767 3389 2788 "
3405 2769 3464 2823 et
3489 2767 3613 2825 duo

1958 2843 2421 2899 commovebunt
2441 2844 2598 2900 dena
2637 2846 2824 2902 millia
2848 2865 2863 2913 ;

2028 2930 2148 2987 Nisi
2165 2932 2307 3002 quia
2332 2933 2617 2989 Dominus
2646 2934 2906 2990 subdidit
2921 2950 3047 3004 eos,
3073 2940 3129 2994 et
3144 2936 3391 3001 tradidit
3404 2941 3555 2998 eos?
3586 2944 3609 2967 "

1958 3019 2100 3090 quia
2123 3035 2246 3076 non
2268 3024 2354 3077 est
2390 3024 2538 3077 Deus
2568 3027 2773 3079 noster
2799 3024 2950 3081 sicut
2976 3024 3060 3081 dii
3089 3026 3361 3089 illorum:
3380 3028 3607 3095 inimici

1956 3112 2155 3169 autem
2189 3110 2373 3166 nostri
2405 3110 2709 3167 insensati.

2022 3199 2104 3251 Ex
2124 3198 2300 3255 vinea
2316 3199 2474 3255 enim
2509 3200 2932 3275 Sodomorum,
2970 3201 3105 3267 vitis
3128 3210 3387 3274 eorum,‘
3401 3213 3604 3283 etpro-

1947 3300 2107 3358 pago
2139 3302 2347 3355 eorum
2376 3304 2448 3344 ex
2480 3290 2799 3347 Gomorra:

2021 3378 2141 3451 Uva
2165 3391 2373 3435 eorum
2404 3393 2522 3449 uva
2539 3377 2707 3449 fellis,
2731 3381 2753 3400 "
2769 3378 2979 3435 botrus
3000 3381 3597 3455 amaritudinisipsis.

2016 3468 2108 3522 Ira
2133 3464 2450 3522 dracorum
2470 3467 2679 3527 vinum
2709 3482 2941 3536 eorum,
2965 3468 2986 3488 "
3015 3472 3072 3531 et
3100 3468 3263 3525 furor
3310 3470 3594 3544 aspidum

1945 3552 2319 3610 insanabilis.

2014 3645 2219 3709 Nonne
2249 3644 2373 3701 haec
2399 3645 2760 3715 congregata
2787 3645 2925 3701 sunt
2945 3644 3109 3718 apud
3130 3647 3279 3715 me,‘
3294 3650 3349 3705 et
3362 3648 3595 3721 signata

1942 3730 2005 3786 in
2033 3731 2327 3788 thesauris
2353 3734 2502 3787 meis
2522 3734 2550 3788 ‘?

2013 3824 2077 3877 In
2099 3821 2259 3887 diem
2279 3821 2489 3897 judicii
2517 3820 2767 3885 reddam
2788 3822 3150 3899 intempore,
3185 3825 3353 3882 'cum
3372 3826 3592 3899 tituba-

1941 3911 2089 3966 verit
2126 3926 2232 3982 pes
2260 3926 2469 3966 eorum
2494 3927 2507 3966 :

2014 4001 2163 4066 Quia
2192 4016 2372 4075 prope
2392 4004 2483 4056 est
2511 4000 2639 4057 dies
2670 4000 3017 4075 perditionis
3046 4017 3276 4074 eorum,
3299 4007 3387 4062 'et
3414 4007 3591 4065 adve-

1938 4089 2101 4146 nient
2121 4094 2335 4164 parata
2363 4090 2493 4147 illis.

2010 4178 2159 4244 Quia
2181 4178 2475 4249 judicabit
2500 4178 2791 4236 Dominus
2832 4179 3127 4253 populum
3167 4182 3484 4249 suum,'et
3524 4185 3585 4249 in

1938 4267 2125 4325 servis
2156 4268 2284 4324 suis
2316 4268 2762 4335 consolabitur:

2006 4356 2159 4414 Vidit
2185 4357 2341 4415 enim
2368 4374 2471 4413 eos
2495 4356 2796 4428 fatigatos,
2831 4357 2851 4378 '
2881 4359 2937 4413 et
2962 4356 3223 4415 defectos
3252 4359 3316 4417 in
3357 4360 3583 4423 obduc-

217 4448 289 4501 Et
318 4444 841 4500 exacerbaverunt
855 4459 952 4499 me
983 4443 1046 4499 in
1066 4442 1180 4499 diis
1202 4442 1497 4508 alienis,in
1515 4442 1825 4501 abomina-
1860 4427 1901 4489 ί)
1934 4446 2177 4514 tionem,
2208 4450 2265 4503 et
2287 4446 2628 4502 dissolutos.

149 4533 428 4590 tionibus
458 4532 583 4587 suis
610 4533 671 4587 in
702 4532 853 4588 iram
880 4533 1331 4588 concitaverunt
1350 4534 1494 4587 me.’
1513 4534 1579 4588 Et
1602 4532 1824 4589 sacriﬁ-

150 4625 451 4679 caverunt
480 4621 815 4687 demoniis,
848 4627 903 4678 et
929 4638 1052 4677 non
1077 4624 1216 4685 Deo,

222 4715 408 4778 Deos,
438 4726 596 4783 quos
644 4726 768 4766 non
824 4716 1155 4768 noverunt:
1189 4715 1209 4734 '
1239 4711 1382 4767 novi
1437 4715 1821 4784 recentesque

147 4806 480 4868 venerunt,
520 4816 677 4872 quos
706 4801 1047 4857 nescierunt
1075 4816 1244 4873 reges
1273 4816 1506 4858 eorum.

218 4894 445 4955 Deum,
478 4889 584 4962 qui
623 4895 677 4945 te
710 4889 1377 4962 genuit,derelinquisti,
1397 4890 1416 4912 θ
1440 4890 1733 4947 etoblitus
1754 4908 1818 4947 es

151 4980 253 5051 qui
289 4978 582 5034 enutrivit
610 4983 687 5033 te.

220 5066 382 5121 Vidit
414 5069 655 5135 Deus,et
678 5066 900 5122 zelatus
923 5070 1015 5122 est
1040 5088 1053 5122 :
1074 5069 1095 5091 ¹
1112 5071 1169 5123 et
1191 5067 1583 5125 exacerbatus
1608 5072 1695 5124 est
1718 5084 1819 5141 per

149 5155 311 5209 iram
330 5154 594 5210 ﬁliorum
616 5170 867 5210 suorum
899 5162 955 5210 et
978 5155 1230 5211 ﬁliarum
1246 5199 1259 5211 .

226 5245 295 5296 Et
318 5244 495 5299 dixit:
535 5245 818 5298 Avertam
835 5244 1048 5299 faciem
1070 5261 1267 5301 meam
1292 5245 1369 5301 ab
1391 5245 1523 5313 eis,‘
1548 5251 1604 5302 et
1619 5250 1817 5303 osten-

137 5331 298 5386 dam
332 5332 481 5403 quid
510 5333 624 5388 erit
654 5332 740 5387 eis
772 5333 830 5387 in
863 5332 1190 5389 novissimo
1217 5352 1229 5389 :

212 5420 376 5484 Quia
397 5422 562 5477 natio
590 5436 873 5491 perversa
901 5425 1024 5477 est:
1058 5424 1073 5440 '
1098 5422 1225 5489 ﬁlii,
1257 5422 1319 5478 in
1344 5423 1566 5501 quibus
1586 5439 1705 5480 non
1725 5428 1813 5480 est

136 5508 298 5566 ﬁdes
329 5509 395 5565 in
424 5507 596 5581 ipsis.

2002 4538 2069 4590 Et
2084 4535 2259 4591 dixit:
2287 4536 2395 4591 Ubi
2420 4539 2557 4591 sunt
2581 4533 2663 4590 dii
2686 4533 2790 4605 tui,
2814 4534 3014 4604 Israel,
3032 4536 3055 4557 θ
3072 4534 3135 4592 in
3151 4536 3375 4609 quibus
3394 4540 3581 4599 conﬁ-

1931 4622 2120 4679 debas
2151 4624 2211 4679 in
2237 4624 2381 4696 ipsis
2404 4623 2432 4677 ?

2001 4713 2082 4768 De
2102 4728 2361 4787 quorum
2387 4712 2563 4785 adipe
2586 4711 3012 4771 sacriﬁciorum
3036 4711 3350 4785 edebatis,‘
3370 4716 3579 4785 etlibe-

1928 4800 2084 4857 batis
2106 4802 2311 4858 vinum
2336 4801 2691 4858 libationum
2726 4816 2972 4858 eorum:

2000 4893 2301 4959 Exurgant
2328 4905 2488 4947 nunc
2513 4891 2875 4964 etadjuvent
2908 4904 3033 4962 vos,
3058 4890 3080 4911 '
3099 4894 3156 4951 et
3207 4890 3357 4951 ﬁant
3401 4891 3577 4965 vobis

1925 4983 2287 5051 protectores
2299 5022 2312 5035 .

1998 5068 2225 5134 Videte,
2259 5068 2547 5140 quoniam
2573 5082 2684 5137 ego
2715 5083 2850 5124 sum
2881 5068 3229 5136 Dominus,’
3252 5073 3310 5127 et
3333 5086 3456 5128 non
3486 5078 3575 5129 est

1924 5155 2075 5212 alius
2092 5159 2303 5228 prmter
2332 5171 2446 5211 me.

1994 5245 2113 5313 Ego
2135 5244 2426 5309 occidam,
2456 5248 2513 5298 et
2558 5243 2755 5299 vivere
2798 5244 3454 5320 faciamz'percutiam,
3514 5250 3571 5301 et

1921 5350 2031 5405 ego
2054 5333 2368 5400 sanabo,et
2396 5348 2517 5388 non
2538 5337 2625 5389 est
2652 5335 2755 5406 qui
2775 5335 2987 5407 eripiat
3003 5336 3079 5391 de
3097 5337 3377 5393 manibus
3391 5333 3564 5389 meis.

1991 5423 2141 5488 Quia
2155 5422 2357 5478 tollam
2370 5422 2431 5478 in
2448 5421 2663 5478 caelum
2678 5439 2926 5480 manum
2942 5420 3565 5493 meam,etjuraboper

1917 5511 2227 5569 dexteram
2252 5515 2536 5582 meam,et
2562 5510 2795 5574 dicam:
2818 5513 2841 5533 '
2870 5512 3013 5569 Vivo
3042 5510 3228 5583 egoin
3250 5512 3558 5572 mternum.
