4118 6184
382 303 455 357 55
928 358 932 362 ,
1650 287 2111 350 BREVIARIUM
2150 288 2557 372 GOTHICUM.
3725 296 3796 351 56

458 425 610 492 Quia
632 436 925 482 exacuam
955 420 1107 476 sicut
1130 419 1331 491 fulgur
1368 419 1638 492 gladium
1684 430 1910 483 meum,
1937 415 1956 436 '
1983 416 2039 471 et
2067 417 2116 471 Α
2220 417 2481 474 Laudate
2523 431 2662 474 eum
2692 414 2819 473 caeli
2848 413 3130 471 caelorum
3158 429 3170 468 :
3195 415 3214 435 '
3237 417 3294 472 et
3309 431 3508 488 aquae,
3539 433 3676 491 quae
3700 435 3793 477 su-

388 514 634 586 sagittas
663 527 831 570 meas
860 509 1300 568 consummabo
1326 509 1388 566 in
1418 510 1503 566 eis
1535 528 1548 565 :

453 606 523 660 Et
558 599 837 672 suscipiet
859 613 1079 655 manus
1100 614 1240 655 mea
1255 599 1571 670 judicium,
1597 599 1676 654 ‘et
1693 594 2040 667 reddamju-

386 692 608 750 dicium
645 687 920 754 inimicis,
959 690 1016 743 et
1045 687 1387 744 odientibus
1412 702 1510 743 me
1547 685 1900 742 retribuam.

461 777 774 834 Inebriabo
795 777 1016 845 sagitas
1027 791 1194 832 meas
1210 776 1541 846 sanguine.‘
1555 779 1610 832 et
1623 774 1854 846 gladius
1868 789 2039 829 meus

388 866 778 922 manducabit
797 881 1027 932 carnes,

458 959 505 1009 Α
536 953 827 1024 sanguine
853 953 1319 1021 vulneratorum,
1352 955 1369 972 '
1391 953 1836 1026 etcaptivitates
1872 967 1911 1009 a
1947 965 2043 1008 ca-

387 1042 508 1115 pite
527 1043 869 1115 principum
897 1041 1300 1098 inimicorum.

461 1131 769 1188 Laetamini
799 1130 1115 1188 caalisimul
1144 1147 1283 1189 cum
1336 1146 1428 1199 eo,
1453 1133 1473 1152 '
1497 1134 1555 1187 et
1607 1128 1857 1187 adorent
1903 1143 2044 1184 eum

391 1229 615 1278 omnes
631 1219 838 1290 Angeli
876 1220 1009 1291 ejus
1029 1237 1041 1276 :
1109 1240 1112 1242 τ

464 1308 769 1365 Laetamini
791 1313 996 1377 gentes
1010 1307 1191 1364 simul
1220 1323 1359 1364 cum
1386 1306 1610 1381 populo
1627 1307 1780 1378 ejus,
1804 1309 1822 1330 ‘
1841 1309 2048 1362 etcon-

390 1395 631 1453 ﬁrment
659 1413 798 1452 eum
819 1413 1031 1452 omnes
1060 1396 1162 1453 ﬁlii
1203 1397 1334 1466 Dei;

465 1486 615 1550 Quia
640 1485 886 1555 sanguis
915 1485 1176 1540 filiorum
1234 1486 1362 1556 ejus
1412 1485 1797 1542 defendetur:
1829 1487 1847 1508 ⁶
1869 1488 1925 1540 et
1949 1483 2048 1539 de-

391 1574 610 1640 fendet,
636 1579 691 1630 et
706 1573 913 1630 reddet
933 1573 1226 1645 judicium
1248 1574 1525 1644 inimicis,
1553 1579 1609 1631 et
1627 1573 1968 1630 odientibus
1986 1588 2048 1627 se

391 1660 696 1727 retribuet,
725 1667 779 1718 et
809 1661 1126 1717 mundabit
1148 1662 1435 1718 Dominus
1466 1668 1682 1718 terram
1702 1661 1910 1735 populi
1933 1660 2043 1716 sui.

2145 521 2252 578 per
2276 507 2455 564 caelos
2483 511 2643 575 sunt,
2673 505 2920 563 laudent
2949 517 3173 561 nomen
3217 505 3471 562 Domini.

2219 596 2368 662 Quia
2395 598 2522 668 ipse
2541 595 2706 661 dixit,
2731 598 2788 652 et
2823 593 2980 651 facta
3004 596 3210 650 sunt:'
3229 593 3361 666 ipse
3385 595 3716 663 mandavit,
3739 600 3795 653 et

2147 689 2345 742 creata
2372 689 2531 741 sunt.

2219 775 2429 831 Statuit
2448 789 2518 830 ea
2537 773 2596 830 in
2631 776 2942 839 aeternum,
2971 770 3116 827 etin
3154 773 3450 832 saeculum
3509 774 3742 832 saeculi:
3780 776 3796 791 '

2147 867 2515 935 praeceptum
2541 861 2765 935 posuit,
2789 865 2846 917 et
2875 875 2996 916 non
3026 860 3370 933 praeteribit.

2220 938 2484 1010 Laudate
2507 951 2828 1008 Dominum
2850 949 2924 1006 de
2951 954 3123 1018 terra,
3145 952 3165 969 '
3185 948 3562 1019 dracones,et
3578 967 3794 1012 omnes

2152 1040 2377 1112 abyssi.

2222 1129 2401 1199 Ignis,
2427 1127 2806 1198 grando,nix,
2831 1126 3068 1198 glacies,
3102 1126 3343 1199 spiritus
3386 1130 3756 1203 tempestatis
3783 1149 3798 1198 ;

2153 1219 2260 1290 qui
2286 1218 2512 1275 faciunt
2545 1217 2799 1274 verbum
2833 1217 2985 1286 ejus.

2225 1311 2759 1380 Montes,etomnes
2781 1305 2958 1362 colles
2983 1325 2995 1360 :
3020 1304 3213 1377 'ligna
3231 1304 3546 1373 fructifera,
3581 1311 3638 1364 et
3675 1322 3800 1364 om-

2154 1413 2261 1454 nes
2289 1396 2468 1454 cedri.

2228 1487 2447 1551 Bestiae,
2483 1491 2540 1543 et
2559 1486 2840 1542 universa
2867 1499 3120 1558 pecora:
3155 1485 3173 1504 '
3207 1487 3530 1556 serpentes,
3563 1490 3618 1540 et
3638 1484 3804 1540 volu-

2157 1591 2286 1631 cres
2319 1581 2614 1648 pennatee-

2229 1667 2416 1735 Reges
2445 1670 2633 1732 terrae,
2693 1667 2749 1719 et
2800 1677 3011 1719 omnes
3060 1659 3698 1734 populi:'principes,
3748 1665 3803 1718 et

466 1750 744 1816 Gloria,et
768 1751 962 1807 honor
991 1750 1166 1815 Patri,
1201 1755 1258 1808 et
1285 1751 1430 1808 Filio
1459 1756 1516 1808 et
1547 1751 1789 1824 Spiritui
1818 1754 2043 1808 sancto.
2073 1759 2120 1816 Β
2159 1769 2356 1809 omnes
2379 1753 2613 1826 judices
2634 1757 2819 1808 terrae.

469 1839 626 1896 Sicut
653 1843 799 1908 erat,
833 1844 943 1895 etc.

462 1929 520 1998 6
552 1928 897 1997 Antiphona
919 1930 1236 1985 reiteretur
1265 1928 1484 1984 Audiat
1501 1933 1674 1986 terra.

460 2016 556 2071 Ad
575 2016 1679 2088 Benedictus.Antiphona.Benedictus
1697 2033 1761 2073 es
1778 2019 1955 2087 Deus,
1987 2021 2046 2074 et

391 2105 773 2162 benedictum
791 2120 1015 2161 nomen
1031 2105 1234 2177 gloriae
1257 2107 1474 2162 tuae.P.
1507 2106 1836 2163 Benedicite
1851 2107 2043 2163 Domi-

392 2209 540 2250 num
571 2209 782 2250 omnes
806 2194 974 2250 electi
1027 2195 1190 2265 ejus:
1213 2197 1530 2252 sitnomen
1562 2200 1836 2253 sanctum
1853 2196 2045 2268 ipsius

390 2281 776 2338 benedictum
800 2283 862 2338 in
891 2283 1098 2348 omnia
1122 2283 1341 2340 smcula
1379 2284 1759 2340 saeculorum.

594 2389 904 2447 Canticum
934 2391 1116 2447 trium
1165 2393 1480 2448 Puerorum
1521 2393 1705 2463 (Dan.
1737 2393 1842 2463 ιιι).

463 2496 812 2552 Benedictus
850 2511 913 2551 es
940 2496 1190 2552 Domine
1221 2497 1379 2553 Deus
1407 2502 1649 2570 patrum
1673 2501 2045 2555 nostrorum:

397 2587 452 2640 et
480 2583 818 2655 laudabilis,
853 2573 1227 2654 et‘gloriosus
1257 2585 1320 2641 in
1346 2583 1571 2642 saecula
1596 2605 1608 2639 :

461 2675 529 2728 Et
554 2671 939 2729 benedictum
961 2689 1183 2730 nomen
1209 2674 1411 2744 glorise
1442 2677 1600 2741 tuae,‘
1621 2675 1786 2746 quod
1809 2678 1900 2732 est
1917 2691 2047 2732 san-

390 2763 551 2815 ctum
585 2781 598 2815 :
624 2764 681 2814 et
700 2759 1102 2826 laudabile,et
1131 2761 1458 2830 gloriosum
1490 2762 1552 2816 in
1593 2763 1830 2820 saecula.

461 2846 812 2903 Benedictus
839 2863 904 2904 es
934 2848 989 2903 in
1025 2848 1247 2919 templo
1280 2854 1489 2905 sancto
1533 2850 1777 2906 honoris
1811 2851 1918 2918 tui,
1943 2851 2046 2922 qui

387 2936 556 2992 vides
583 2935 919 3006 abyssos,et
936 2937 1108 2992 sedes
1140 2953 1320 3009 super
1340 2937 1544 2994 sedem
1565 2939 1734 3008 regni
1754 2940 1858 3007 tui,
1873 2939 1933 2994 in
1950 2939 2044 2995 ﬁr-

389 3040 549 3080 mam
560 3028 697 3080 ento
726 3023 1321 3094 caeli:*etlaudabilis,
1337 3031 1393 3081 et
1413 3025 1706 3094 gloriosus
1720 3027 1780 3083 in
1827 3029 2045 3086 smcula

462 3112 792 3167 Benedicite
825 3113 1031 3168 omnia
1091 3129 1276 3185 opera
1306 3115 1565 3182 Domini,
1622 3116 1767 3180 caeli,
1796 3117 2044 3188 ‘Angeli

390 3205 570 3273 atque
600 3214 810 3256 omnes
829 3200 931 3272 qui
965 3202 1105 3257 estis
1140 3218 1324 3274 supra
1370 3205 1579 3270 caelos;

461 3291 681 3346 Omnes
709 3288 1072 3358 virtutes,sol
1103 3295 1160 3346 et
1186 3290 1352 3360 luna,
1374 3290 1568 3348 imber
1594 3297 1650 3349 et
1676 3298 1825 3363 ros,‘
1845 3295 2042 3351 omnis

388 3377 805 3450 spiritus,ignis
837 3382 893 3433 et
919 3383 1328 3447 eestus,noctes
1346 3385 1402 3436 et
1418 3380 2038 3451 dies,luxettenebra3,

457 3470 676 3539 Hyems
698 3469 754 3524 et
770 3471 973 3538 aestus,
1003 3467 1330 3539 gelationes
1347 3474 1403 3526 et
1440 3470 1628 3541 nives,
1657 3472 1933 3543 ‘fulgura
1988 3478 2043 3530 et

387 3556 582 3612 nubes
618 3573 633 3623 ;

457 3647 650 3712 Terra,
674 3648 927 3712 montes,
957 3649 1014 3702 et
1043 3646 1244 3715 colles,
1276 3647 1296 3669 ⁶
1323 3652 1380 3705 et
1407 3649 1614 3707 omnia
1633 3652 1940 3710 nascentia
1967 3653 2042 3711 de

388 3736 546 3790 terra
574 3752 592 3804 ;

460 3822 639 3879 Maria
665 3827 722 3878 et
740 3821 1230 3891 ﬂumina,fontes,
1263 3827 1281 3847 ⁶
1315 3829 1437 3884 cete
1463 3831 1519 3884 et
1548 3829 1754 3886 omnia
1767 3846 1901 3903 qua).
1916 3848 2044 3890 mo-

391 3916 607 3967 ventur
626 3912 688 3967 in
720 3912 892 3984 aquis
927 3929 940 3979 ;

459 4000 739 4056 Volucres
767 4001 911 4066 caeli,
931 4000 1134 4058 bestiae
1157 4007 1213 4060 et
1223 4004 1519 4076 jumenta,
1543 4010 1560 4029 ‘
1585 4006 2040 4078 ﬁliihominum,

389 4088 603 4145 Israel:
631 4089 994 4158 sacerdotes,
1021 4092 1176 4147 servi
1205 4092 1458 4160 Domini,
1481 4095 1728 4167 spiritus
1752 4103 1807 4154 et
1823 4099 2040 4157 anima:

384 4178 706 4248 justorum,
735 4177 925 4234 sancti
946 4183 1004 4235 et
1038 4179 1295 4236 humiles
1325 4182 1504 4238 corde
1531 4203 1544 4239 :

459 4266 708 4332 Anania,
739 4266 967 4334 Azaria,
1001 4271 1057 4324 et
1075 4269 1290 4336 Misael,
1324 4271 1578 4328 Domino
1609 4272 1929 4345 hymmum
1953 4275 2041 4333 di-

389 4355 518 4422 cite,
554 4360 610 4411 et
635 4355 1070 4427 superexaltate
1102 4373 1238 4413 eum
1263 4358 1326 4415 in
1352 4360 1591 4419 saecula.
1621 4368 1830 4419 Amen.

457 4444 524 4498 P.
554 4443 884 4500 Benedicite
910 4446 1253 4503 Dominum.

459 4531 672 4603 Gloria,
705 4537 762 4588 et
787 4532 1000 4601 honor,
1033 4535 1203 4601 Patri,
1260 4540 1368 4592 etc.
1430 4536 1438 4543 ’

458 4620 524 4676 Ρ.
557 4621 882 4678 Benedicite
922 4623 1266 4681 Dominum.

461 4709 640 4765 Sono.
670 4709 891 4776 Venite,
916 4712 1248 4770 exultemus
1281 4715 1551 4772 Domino.
1577 4717 1832 4789 Require
1854 4721 1961 4790 fol.
1987 4724 2043 4777 1.

459 4799 687 4855 Lauda.
719 4799 979 4858 Laudate
1008 4799 1318 4859 Dominum
1349 4804 1424 4860 de
1452 4805 2048 4879 ceelis.AlleIuia,alle-

389 4883 532 4942 luia.
557 4887 817 4945 Laudate
848 4904 988 4946 eum
1011 4890 1075 4946 in
1103 4891 1373 4949 excelsis.
1407 4894 1675 4961 Alleluia,
1731 4896 1932 4954 alluia.

960 5008 1160 5066 Psalm
1171 5025 1236 5065 us
1247 5025 1478 5068 cxwru.

463 5118 724 5177 Laudate
745 5119 1066 5179 Dominum
1091 5123 1165 5181 de
1187 5123 1345 5180 caelis
1371 5127 1420 5182 ε·
1436 5124 1675 5183 laudate
1710 5142 1848 5184 eum
1874 5128 1934 5184 in
1953 5143 2047 5184 ex-

391 5207 564 5264 celsis
577 5250 590 5263 .

461 5298 722 5357 Laudate
744 5315 884 5357 eum
901 5316 1110 5358 omnes
1130 5302 1339 5372 Angeli
1365 5303 1496 5374 ejus
1524 5321 1537 5360 :
1568 5306 1582 5322 '
1603 5305 1844 5363 laudate
1902 5321 2040 5363 eum

389 5401 604 5445 omnes
628 5389 878 5446 virtutes
901 5390 1056 5460 ejus.

461 5477 728 5535 Laudate
765 5493 906 5535 eum
929 5478 1029 5538 Sol
1051 5481 1108 5538 et
1139 5481 1303 5543 Luna
1336 5483 1388 5537 :'
1409 5482 1649 5546 laudate
1671 5499 1810 5544 eum
1831 5499 2043 5543 omnes

393 5561 594 5635 stellae,
628 5569 685 5623 et
717 5566 944 5628 lumen.

2226 1845 2501 1909 Juvenes,
2531 1848 2586 1898 et
2614 1841 2907 1910 virgines:
2938 1841 2953 1858 '
2975 1839 3235 1896 seniores
3287 1855 3426 1896 cum
3463 1839 3801 1910 junioribus

2153 1931 2402 1988 laudent
2420 1947 2643 1987 nomen
2684 1929 2916 1986 Domini
2945 1945 2956 1983 :
3636 1920 3638 1923 ’

2227 2020 2379 2086 Quia
2408 2019 2733 2075 exaltatum
2762 2022 2854 2073 est
2882 2033 3102 2073 nomen
3129 2018 3258 2088 ejus
3303 2017 3507 2074 solius.
3532 2016 3802 2074 ‘Confes-

2157 2110 2246 2166 sio
2271 2110 2320 2180 ej
2332 2126 2400 2164 us
2430 2124 2608 2180 super
2637 2106 2850 2162 caelum
2880 2111 2938 2162 et
2964 2111 3180 2162 terram
3207 2122 3219 2160 :

2226 2201 2290 2253 Et
2322 2196 2802 2253 exaltabitcornu
2818 2193 3024 2267 populi
3045 2194 3178 2248 sui.‘
3204 2195 3494 2264 Hymmus
3516 2191 3800 2248 omnibus

2156 2287 2373 2344 sanctis
2385 2283 2677 2356 ejus:ﬁliis
2693 2282 3123 2354 Israel,populo
3136 2282 3643 2354 appropinquanti
3663 2280 3800 2340 sibi.

2725 2373 2988 2428 Psalmus
3046 2385 3231 2426 cxux.

2230 2466 2472 2521 Cantate
2504 2461 2756 2518 Domino
2779 2460 3080 2517 canticum
3104 2473 3364 2516 novum:
3388 2459 3411 2479 '
3435 2457 3568 2514 laus
3593 2458 3643 2530 ej
3655 2475 3721 2514 us
3739 2457 3803 2515 in

2158 2550 2416 2607 Ecclesia
2444 2554 2808 2607 sanctorum.

2228 2642 2476 2695 Laetetur
2497 2639 2679 2695 Israel
2708 2640 2770 2694 in
2787 2653 2872 2709 eo,
2905 2637 3011 2710 qui
3059 2636 3196 2693 fecit
3251 2636 3482 2708 ipsum:
3513 2639 3532 2659 ⁶
3563 2641 3621 2693 et
3663 2636 3802 2694 ﬁlia).

2157 2729 2297 2788 Sion
2317 2727 2580 2785 exultent
2610 2742 2791 2800 super
2817 2742 3022 2797 regem
3051 2741 3253 2781 suum.

2224 2817 2495 2872 Laudent
2521 2831 2741 2872 nomen
2772 2817 2901 2887 ejus
2929 2818 2991 2871 in
3021 2816 3200 2871 choro
3228 2817 3274 2869 ε·
3305 2815 3365 2870 in
3397 2821 3686 2886 tympano
3746 2820 3805 2872 et

2152 2905 2433 2978 psalterio
2457 2905 2712 2976 psallant
2749 2904 2822 2959 ei.

2223 2995 2374 3061 Quia
2405 2993 2838 3066 beneplacitum
2865 2998 2954 3048 est
3001 2993 3254 3049 Domino
3277 2994 3337 3049 in
3360 2992 3580 3065 populo
3603 3008 3746 3050 suo:
3782 2995 3800 3014 ‘

2075 3105 2117 3161 ρ
2151 3087 2207 3140 et
2234 3082 2518 3138 exultabit
2543 3086 2890 3138 mansuetos
2922 3082 2984 3137 in
3009 3082 3220 3138 salute.

2222 3169 2584 3227 Exultabunt
2615 3169 2803 3228 sancti
2829 3169 2890 3226 in
2917 3170 3104 3241 gloria
3128 3188 3139 3226 :
3163 3172 3179 3190 '
3195 3169 3555 3227 laetabuntur
3567 3169 3805 3226 incubi-

2148 3259 2313 3316 libus
2344 3259 2486 3314 suis.

2222 3348 2627 3405 Exultationes
2651 3349 2752 3405 Dei
2772 3348 2834 3404 in
2888 3347 3164 3405 faucibus
3199 3352 3524 3406 eorumzet
3569 3348 3807 3420 gladius

2149 3437 2243 3495 bis
2273 3442 2481 3494 acutus
2507 3437 2567 3493 in
2595 3437 2878 3494 manibus
2905 3453 3114 3494 eorum
3147 3456 3160 3493 :

2219 3527 2305 3583 Ad
2329 3526 2668 3584 faciendam
2694 3526 3025 3583 vindictam
3057 3527 3119 3583 in
3139 3525 3507 3596 nationibus,
3539 3529 3558 3546 '

2150 3616 2420 3690 pationes
2449 3617 2511 3671 in
2541 3615 2806 3689 populis.

2220 3705 2308 3762 Ad
2333 3704 2670 3772 alligandos
2700 3721 2868 3776 reges
2890 3719 3097 3761 eorum
3151 3705 3211 3760 in
3237 3704 3662 3776 compedibus:
3696 3709 3712 3728 ‘
3745 3709 3808 3762 et

2150 3794 2384 3852 nobiles
2410 3809 2618 3850 eorum
2645 3795 2706 3850 in
2743 3793 2994 3849 vinculis
3041 3793 3267 3850 ferreis.

3607 3526 3805 3583 incre-

2221 3885 2289 3940 Ut
2314 3883 2532 3940 facient
2560 3882 2622 3938 in
2652 3883 2736 3938 eis
2764 3881 3061 3954 judicium
3113 3882 3551 3955 conscriptum:
3581 3882 3804 3954 *gloria
3917 3957 3920 3959 Α

2150 3971 2280 4028 haec
2299 3975 2390 4028 est
2413 3971 2694 4028 omnibus
2720 3971 2938 4027 sanctis
2964 3970 3116 4040 ejus.

2777 4059 3057 4115 Psalmus
3083 4075 3166 4114 CL.

2225 4149 2484 4207 Laudate
2513 4149 2834 4205 Dominum
2853 4148 2914 4204 in
2931 4147 3152 4205 sanctis
3174 4147 3306 4220 ejus
3340 4165 3353 4205 :
3377 4148 3642 4208 ‘laudate
3660 4165 3806 4207 eum

2151 4239 2214 4296 in
2242 4238 2624 4295 ﬁrmamento
2656 4237 2884 4294 virtutis
2915 4237 3064 4308 ejus.

2223 4327 2485 4383 Laudate
2517 4343 2656 4383 eum
2682 4327 2743 4382 in
2760 4326 3150 4399 potestatibus
3170 4327 3332 4397 ejus:
3355 4327 3620 4384 ‘laudate
3662 4343 3809 4385 eum

2154 4416 2489 4474 secundum
2513 4414 2954 4472 multitudinem
2982 4415 3416 4485 magnitudinis
3471 4416 3622 4487 ejus.

2225 4505 2486 4563 Laudate
2547 4522 2686 4562 eum
2736 4505 2794 4562 in
2827 4520 2977 4562 sono
3026 4503 3526 4562 tubae:‘laudate
3573 4521 3713 4563 eum
3743 4507 3808 4563 in

2152 4595 2454 4668 psalterio,
2487 4598 2542 4651 et
2570 4594 2819 4651 cithara.

2227 4683 2484 4741 Laudate
2537 4700 2676 4740 eum
2701 4683 2759 4740 in
2806 4687 3116 4756 tympano,
3149 4685 3206 4739 et
3252 4682 3510 4740 choro:‘
3564 4683 3813 4742 laudate

2156 4789 2293 4830 eum
2319 4773 2382 4828 in
2405 4773 2660 4837 chordis,
2689 4777 2746 4829 et
2767 4787 3019 4842 organo.

2227 4861 2487 4918 Laudate
2518 4878 2656 4917 eum
2703 4861 2764 4917 in
2813 4859 3127 4933 cymbalis,
3157 4860 3315 4916 bene
3355 4861 3715 4918 sonantibus
3745 4881 3758 4921 :
3792 4866 3814 4886 ‘

2155 4952 2396 5008 laudate
2450 4967 2588 5006 eum
2643 4951 2704 5006 in
2773 4950 3070 5023 cymbalis
3135 4949 3512 5022 jubilationis
3550 4968 3564 5007 :
3604 4953 3815 5010 omnis

2158 5041 2396 5114 spiritus
2419 5039 2622 5096 laudet
2648 5040 2987 5096 Dominum.

2229 5129 2445 5196 Gloria,
2475 5136 2532 5185 et
2567 5129 2760 5185 honor
2782 5127 3016 5197 Patri,el
3046 5127 3210 5193 Filio,
3236 5127 3547 5202 etSpiritui
3567 5130 3809 5188 Sancto.

2230 5219 2389 5276 Sicut
2418 5222 2562 5284 erat,
2592 5223 2701 5274 etc.

2227 5310 2277 5379 7
2317 5309 2508 5365 Lectio
2528 5309 2669 5364 libri
2680 5308 3083 5366 Ecclesiasticc’
3102 5307 3814 5380 Solomonis(Cap.xx1v).

2228 5409 2291 5468 11-.
2319 5399 2434 5453 Deo
2465 5397 2714 5467 gratias.

2229 5485 2913 5559 Fili,quiauditnec.non
2935 5485 3369 5542 confundetur:
3399 5490 3456 5544 et
3499 5485 3604 5559 qui
3651 5502 3812 5560 ope-

2155 5581 2361 5636 rantur
2384 5575 2444 5634 in
2465 5591 2710 5642 me,non
2732 5578 2983 5648 peccant
3007 5594 3018 5634 :
3043 5575 3147 5654 qui
3171 5574 3470 5634 elucidant
3498 5576 3816 5647 me,vitam

3043 5743 3080 5782 ἢ
