4118 6184
272 290 341 345 57
1426 286 1797 365 DOMINICAA‘;
1817 286 1837 341 Ι
1869 285 2250 345 ADVENTUS
2280 288 2559 349 DOMINI.
3629 288 3700 343 58

274 416 566 470 aeternam
581 408 1000 484 possidebunt.
1025 413 1159 468 Haec
1188 411 1394 470 omnia
1421 412 1570 469 liber
1590 412 1742 479 vitae,
1764 416 1939 470 testa-
1967 414 2013 467 A
2050 430 2263 487 pacem
2292 420 2348 473 et
2378 416 2753 472 securitatem
2791 413 2853 469 in
2889 412 3171 469 omnibus
3202 412 3413 469 diebus
3448 416 3696 473 nostris:

275 507 549 560 mentum
580 500 891 570 Altissimi,
911 505 968 557 et
992 502 1221 574 agnitio
1234 503 1512 560 veritatis.
1538 505 1751 573 Legem
1768 518 1937 559 man-

275 591 442 648 davit
452 592 687 661 Moyses
699 588 761 644 in
774 590 1083 661 praeceptis
1091 590 1112 661 j
1123 591 1542 661 ustitiarum,et
1552 592 1940 656 hereditatem

276 681 489 739 domui
508 678 717 745 Jacob,
747 682 804 734 et
833 678 1011 736 Israel
1034 680 1487 751 promissiones.
1520 681 1718 737 Posuit
1750 681 1940 739 David

278 786 473 843 puero
504 786 612 825 suo
641 768 897 824 excitare
946 784 1150 847 regem
1177 787 1248 826 ex
1272 771 1402 843 ipso
1432 771 1844 837 fortissimum,
1876 771 1937 826 in

279 861 502 917 throno
516 858 761 915 honoris
785 857 1095 914 sedentem
1126 860 1189 915 in
1222 860 1671 932 sempiternum.
1691 859 1801 926 Qui
1830 860 1938 915 im-

279 948 462 1021 plevit
490 947 663 1019 quasi
692 947 915 1002 Phison
937 946 1271 1017 scientiam,
1293 953 1349 1005 et
1368 949 1519 1005 sicut
1536 948 1719 1018 Tigris
1738 949 1799 1004 in
1816 948 1937 1004 die-

270 1037 389 1094 bus
402 1036 839 1102 novorum.Qui
856 1035 1652 1110 adimpletquasiEuphrates
1665 1053 1931 1094 sensum:
1993 1112 1999 1121 ι

268 1127 376 1199 qui
402 1124 759 1197 multiplicat
792 1125 967 1196 quasi
1002 1125 1284 1185 Jordanis
1312 1127 1375 1183 in.
1399 1130 1667 1198 tempore
1698 1126 1931 1182 messis.

268 1216 381 1281 Qui
394 1215 570 1271 mittit
580 1213 957 1285 disciplinam
974 1214 1056 1271 sic
1064 1219 1125 1270 ut
1140 1215 1335 1272 lucem
1357 1234 1369 1274 :
1390 1220 1448 1271 et
1461 1215 1746 1272 assistens
1761 1214 1934 1287 quasi

270 1304 486 1361 Gebon
532 1304 592 1359 in
623 1302 833 1358 diebus
856 1302 1197 1360 vindemias.
1231 1304 1341 1369 Qui
1393 1304 1632 1375 perfecit
1668 1304 1932 1376 primum

270 1392 425 1448 scire
445 1393 661 1464 ipsam,
694 1397 749 1447 et
800 1390 1094 1447 inﬁrmior
1138 1407 1261 1448 non
1292 1392 1673 1462 investigavit
1697 1408 1851 1449 eam.
1886 1398 1932 1449 Α

267 1480 428 1539 mari
458 1481 621 1536 enim
644 1480 978 1536 abundavit
996 1480 1272 1551 cogitatio
1285 1481 1497 1552 ejus,et
1518 1480 1929 1554 consiliumip~

269 1570 397 1625 sius
418 1570 722 1640 inabysso
740 1584 978 1638 magna.
997 1568 1119 1640 Ego
1143 1570 1434 1641 sapientia
1450 1570 1634 1626 eﬂudi
1656 1570 1925 1626 ﬂumina.

263 1660 391 1727 Ego
422 1663 652 1714 trames
679 1673 853 1730 aqua:
878 1657 940 1713 in
979 1674 1177 1714 messe
1200 1658 1420 1715 deﬂuo.
1458 1662 1578 1728 Ego
1610 1660 1787 1731 quasi
1816 1659 1928 1715 ﬂu-

2049 506 2256 579 frange
2286 506 2605 563 audaciam
2634 505 3011 561 inimicorum
3043 508 3386 560 nostrorum
3421 523 3433 560 :
3458 506 3696 571 exaudi,

2048 596 2561 661 Deus,orationem
2574 610 2882 651 servorum
2898 598 3135 650 tuorum
3149 594 3422 649 omnium
3434 594 3700 650 ﬁdelium

2048 684 2503 741 christianorum
2543 684 2600 739 in
2632 684 2749 739 hoc
2771 684 2886 747 die,
2916 684 2974 739 et
3002 682 3063 738 in
3094 682 3261 737 omni
3287 685 3569 754 tempore.
3595 685 3700 739 Per

2050 774 2366 831 Dominum
2401 778 2669 831 nostrum
2697 772 2898 828 Jesum
2928 772 3223 828 Christum
3263 770 3473 827 Filium
3504 776 3692 836 tuum,

2046 863 2147 933 qui
2178 868 2375 918 tecum
2400 862 2561 928 vivit,
2597 866 2651 919 et
2679 866 2889 932 regnat
2913 861 2974 916 in
2993 860 3213 916 unitate
3234 860 3482 931 Spiritus
3503 861 3699 916 Sancti

2046 955 2331 1010 Deus.Per
2341 953 2542 1009 omnia
2554 968 2785 1023 semper
2797 950 3015 1007 saecula
3026 949 3691 1019 smculorum.ﬁ.Amen.

2116 1039 2953 1111 DicatPresbyter.Humiliate
2969 1055 3078 1096 vos
3094 1037 3167 1094 ad
3190 1037 3692 1094 benedictionem.

2116 1129 2406 1186 Dominus
2438 1131 2511 1186 sit
2540 1144 2775 1201 semper
2798 1127 3134 1185 vobiscum.
3160 1138 3223 1195 1p.
3256 1127 3323 1182 Et
3352 1142 3490 1182 cum
3522 1125 3694 1198 spiri-

2042 1222 2106 1277 tu
2135 1221 2258 1274 tuo.

2115 1307 2341 1362 Lauda.
2373 1307 2483 1373 Qui
2524 1307 2716 1370 sedes,
2740 1308 2862 1377 fol.
2900 1308 2960 1362 2.

2110 1396 2468 1452 Benedictio.
2496 1395 2755 1453 Christus
2788 1393 3093 1458 Dominus,
3114 1392 3217 1465 qui
3235 1390 3313 1447 ad
3333 1389 3695 1461 redemptio-

2039 1497 2177 1538 nem
2199 1488 2466 1540 nostram
2488 1482 2787 1539 venitnon
2810 1482 3134 1538 mutatione
3163 1478 3300 1545 loci,
3328 1477 3433 1534 sed
3452 1478 3694 1534 veritate

2037 1571 2298 1627 hominis
2325 1573 2617 1643 assumpti
2640 1590 2653 1638 ;
2673 1570 3087 1628 clariﬁcandos
3114 1585 3224 1625 nos
3242 1567 3468 1624 attollat
3484 1566 3545 1622 in
3573 1566 3697 1635 glo-

2037 1660 2189 1716 riam
2217 1662 2384 1731 regni
2418 1681 2429 1720 :
2462 1673 2524 1730 Βρ.
2549 1666 2754 1717 Amen.
2775 1662 2963 1732 Atque
2984 1659 3145 1715 idem
3173 1658 3251 1713 ad
3273 1655 3693 1713 redimendum

262 1748 399 1804 vius
425 1748 671 1818 Dioryx,
707 1752 764 1802 et
783 1747 934 1804 sicut
954 1747 1345 1819 aqueeductus
1371 1747 1525 1804 exivi
1551 1764 1588 1804 a
1622 1749 1925 1820 paradiso.
1959 1764 2004 1819 Β
2038 1750 2302 1813 veniens,
2331 1750 2673 1822 redemptos
2703 1765 2815 1804 nos
2856 1764 2892 1804 a
2929 1746 3107 1803 malis
3146 1745 3430 1802 omnibus
3473 1747 3687 1799 servet.

266 1836 397 1892 Dixi
425 1836 643 1905 rigabo
668 1835 913 1891 hortum
940 1851 1164 1902 meum,
1207 1840 1263 1891 et
1290 1835 1603 1893 inebriabo
1634 1838 1788 1909 prati
1809 1839 1928 1895 mei

265 1924 554 1980 fructum.
590 1927 658 1980 Et
680 1940 817 1980 ecce
846 1924 1039 1981 factus
1058 1930 1146 1981 est
1164 1924 1310 1981 mihi
1331 1930 1549 1981 trames
1581 1926 1923 1993 abundans,

266 2016 327 2070 et
341 2012 565 2069 ﬂuvius
576 2028 751 2069 meus
773 2014 1283 2085 appropinquavit
1300 2014 1377 2070 ad
1397 2030 1562 2070 mare
1591 2033 1603 2070 :
1635 2016 1926 2086 quoniam

265 2101 611 2157 doctrinam
632 2102 808 2174 quasi
822 2102 1020 2158 lucem
1038 2102 1394 2159 illuminabo
1408 2103 1710 2173 omnibus,
1726 2109 1782 2160 et
1795 2120 1925 2161 nar-

262 2191 417 2246 rabo
450 2189 617 2246 illam
644 2206 836 2263 usque
865 2190 927 2246 in
965 2190 1383 2263 longinquum.
1418 2193 1744 2248 Penetrabo
1773 2192 1926 2249 infe-

259 2278 451 2334 riores
464 2284 667 2351 partes
694 2284 945 2350 terrae,et
958 2279 1272 2351 inspiciam
1288 2295 1499 2337 omnes
1542 2280 1920 2349 dormientes,

259 2372 322 2424 et
347 2366 707 2425 illuminabo
722 2372 1031 2441 sperantes
1060 2367 1123 2423 in
1150 2370 1355 2424 Deum.
1389 2380 1451 2438 ἢ.
1484 2368 1692 2428 Amen.

948 2458 1257 2528 Hymmus.

510 2547 875 2601 Cunctorum
906 2547 1025 2601 Rex
1058 2546 1460 2617 omnipotens,

447 2632 743 2689 Mundum
778 2632 1008 2689 salvare
1046 2634 1314 2698 veniens,

454 2724 735 2777 Formam
758 2721 1083 2795 assumpsit
1119 2722 1387 2794 corporis

456 2815 684 2868 Nostrae
715 2810 1139 2869 similitudinis.

519 2900 629 2964 Qui
646 2904 857 2969 regnat
885 2916 1023 2956 cum
1050 2899 1371 2956 Altissimo.

444 2988 696 3057 Virginis
725 2988 881 3044 intra
910 2992 1167 3058 uterum,

447 3076 790 3132 Nasciturus
811 3076 873 3131 in
904 3091 1174 3148 corpore,

451 3164 644 3220 Mortis
670 3164 907 3220 vincula
925 3164 1324 3236 disrumpere.

514 3254 728 3309 Gentes
743 3257 922 3309 erant
960 3253 1023 3308 in
1063 3253 1344 3309 tenebris.

443 3342 727 3398 Viderunt
744 3342 951 3397 lumen
967 3340 1239 3413 fulgoris,

438 3431 587 3487 Cum
629 3430 899 3487 Salvator
947 3431 1245 3487 advenerit

437 3519 773 3586 Bedimere,
816 3535 939 3592 quo
970 3520 1257 3577 condidit.

512 3611 702 3675 Quem
736 3608 878 3664 olim
921 3612 1137 3665 Vatum
1164 3610 1417 3683 praescia

440 3699 790 3754 Cecinerunt
818 3697 1086 3766 oracula,

439 3790 607 3844 Nunc
631 3788 829 3843 veniet
856 3787 918 3842 in
945 3786 1152 3857 gloria.

439 3879 650 3932 Nostra
679 3882 747 3932 ut
774 3879 937 3931 curet
956 3875 1225 3939 vulnera,

510 3968 800 4021 Laztemnr
840 3979 1002 4020 nunc
1044 3964 1105 4019 in
1135 3963 1384 4020 Domino

440 4054 626 4111 Simul
652 4054 713 4109 in
733 4053 835 4109 Dei
879 4052 1040 4109 Filio.

437 4144 627 4199 Parati
646 4159 785 4200 eum
798 4142 1099 4213 suscipere

439 4232 735 4288 Adventus
761 4232 853 4288 sui
900 4230 1112 4302 gloria.

510 4332 573 4390 ἢ.
604 4324 819 4377 Amen.

322 4412 726 4481 Supplicatio,
760 4411 1011 4466 Oremus
1042 4409 1525 4481 Redemptorem.
1556 4410 1670 4479 fol.
1693 4415 1726 4464 2

326 4501 631 4570 Capitula.
661 4501 867 4555 Preces
883 4502 1121 4555 nostras
1145 4513 1221 4553 ne
1234 4498 1597 4570 despexeris,
1628 4500 1909 4555 Domine:

246 4588 496 4646 intende
514 4587 666 4658 jam,
697 4592 754 4643 et
781 4586 1001 4643 exaudi
1032 4586 1380 4645 clementer:
1405 4591 1486 4655 ut,
1519 4587 1911 4658 quivoceinio

250 4680 394 4735 mici
423 4674 650 4733 turbati
680 4674 1013 4747 dejicimur,
1029 4674 1322 4745 Unigeniti
1338 4675 1418 4730 tui
1431 4674 1520 4729 Ad
1530 4680 1707 4731 ventu
1719 4692 1913 4733 sacra-

250 4768 485 4823 tissime
515 4764 926 4821 consolemur:
961 4768 1019 4819 et
1040 4763 1178 4821 Fide
1209 4765 1599 4835 pennigerati,
1641 4764 1798 4821 velut
1820 4781 1915 4821 co-

248 4858 487 4919 lumba,
515 4854 594 4912 ad
615 4870 876 4926 superna
895 4853 1235 4911 tendamus.
1256 4853 1479 4923 Elonga
1498 4854 1910 4924 nos,Domine,

249 4964 287 5005 a
319 4945 549 5003 saeculo
568 4943 856 5014 maligno,
884 4948 942 5000 et
967 4959 1005 5000 a
1030 4942 1251 5015 laqueo
1271 4942 1497 4999 inimici
1516 4944 1776 5001 custodi.
1807 4947 1914 5001 Per

251 5034 551 5089 Christum
562 5075 574 5087 .

319 5124 492 5178 Pater
516 5125 746 5178 noster.
782 5123 846 5177 Et
881 5136 957 5176 ne
985 5136 1118 5176 nos.

325 5212 496 5268 Dicat
516 5212 854 5281 Presbyter.
882 5210 1127 5266 Liberati
1149 5226 1185 5267 a
1206 5210 1736 5277 malo,conﬁrmati
1758 5228 1911 5267 sem-

250 5314 362 5372 per
390 5300 449 5355 in
476 5298 634 5357 bono
661 5300 761 5355 tibi
784 5300 1006 5356 servire
1036 5315 1375 5356 mereamur
1399 5303 1540 5369 Deo,
1565 5316 1635 5357 ac
1658 5300 1908 5357 Domino

243 5392 475 5446 nostro.
506 5391 669 5447 Pone
702 5389 973 5455 Domine,
1004 5388 1189 5445 ﬁnem
1237 5389 1494 5462 peccatis
1530 5389 1746 5447 nostris
1780 5408 1792 5445 :
1834 5390 1914 5447 da

245 5477 542 5547 gaudium
564 5477 865 5537 tribulatis
885 5478 1113 5550 :praebe
1125 5477 1599 5550 redemptionem
1620 5480 1870 5552 captivis
1895 5497 1906 5535 :

248 5568 577 5629 sanitatem
595 5567 878 5639 infirmis,
902 5567 1294 5644 requiemque
1316 5567 1632 5640 defunctis;
1642 5571 1911 5627 Concede

2038 1849 2102 1906 Ir.
2134 1842 2344 1894 Amen.
2378 1840 2443 1893 Et
2479 1837 2771 1910 quoniam
2789 1838 2914 1908 ipse
2939 1834 3287 1891 humiliatus
3308 1831 3686 1903 iniquitatem

2036 1930 2307 1983 nostram
2338 1926 2602 1992 abstulit,
2631 1927 2758 1997 ipse
2798 1925 3092 1996 gloriosus
3123 1920 3502 1979 beatitudinis
3518 1919 3690 1976 nobis

2037 2015 2287 2088 praemia
2315 2015 2514 2072 donet.
2545 2028 2609 2085 at.
2638 2019 2849 2071 Amen.

2108 2108 2213 2161 Per
2249 2105 2744 2161 misericordiam.
2778 2108 2885 2159 etc.

2107 2194 2395 2250 Dominus
2431 2194 2506 2252 sit
2537 2209 2773 2265 semper
2799 2192 3132 2248 vobiscum.
3168 2202 3230 2261 av.
3261 2193 3327 2246 Et
3354 2205 3513 2245 cum.

2103 2283 2243 2339 Fiat
2264 2285 2738 2339 commemoratio
2761 2283 2841 2340 ad
2855 2282 3240 2337 Matutinum.
3259 2280 3519 2350 Sequens
3540 2293 3691 2334 com-

2033 2375 2376 2429 memoratio
2400 2373 2565 2429 debet
2595 2372 2715 2429 dici
2734 2373 2793 2427 in
2821 2370 3089 2429 omnibus
3114 2368 3430 2426 Matutinis
3458 2381 3574 2437 per
3604 2373 3689 2421 to-

2035 2466 2160 2518 tum
2196 2477 2422 2517 annum
2440 2505 2453 2518 .

2107 2551 2332 2606 Lauda.
2365 2550 2455 2606 Ad
2485 2549 2983 2607 annunciandum
3001 2563 3180 2604 mane
3210 2538 3683 2603 misericordiam

2036 2642 2218 2694 tuam.
2249 2640 2320 2693 P.
2361 2642 2423 2695 Et
2445 2640 2755 2696 veritatem
2789 2643 2954 2695 tuam
2984 2653 3089 2708 per
3119 2641 3375 2692 noctem.

2105 2728 2326 2782 Oratio.
2357 2728 2818 2794 Mane,Domine,
2842 2726 3030 2782 oratio
3052 2729 3255 2780 nostra
3277 2723 3584 2794 perveniat
3606 2721 3686 2777 ad

2030 2815 2262 2879 te.Quia
2275 2815 2585 2885 suscepisti
2604 2814 3069 2870 contractionem
3086 2810 3422 2881 fragilitatis
3442 2813 3679 2873 nostrae,

2030 2902 2290 2958 concede
2329 2902 2504 2958 nobis
2545 2902 2706 2957 diem
2752 2901 2930 2956 istum
2969 2897 3325 2969 jocundum,
3358 2894 3679 2967 paciﬁcum

2030 2990 2155 3046 sine
2173 2992 2479 3056 seandalo,
2514 2992 2571 3062 8
2598 2991 2723 3047 sine
2752 2988 2992 3045 macula
3024 3007 3036 3043 :
3062 2988 3189 3042 sine
3214 2986 3335 3042 ulla
3359 2984 3680 3042 tentatione

1949 3105 1990 3161 ρ
2030 3079 2411 3137 advenientes
2441 3081 2516 3136 ad
2548 3095 2879 3152 vesperam,
2923 3083 2978 3134 te
3026 3074 3442 3133 collaudamus
3472 3088 3677 3143 regem

2026 3172 2337 3226 aeternum.
2364 3182 2425 3239 ἢ.
2464 3175 2672 3226 Amen.

2106 3257 2216 3313 Per
2247 3259 2716 3316 misericordiam
2743 3262 2929 3320 tuam,
2962 3260 3069 3312 etc.

2098 3358 2163 3411 Et
2196 3349 2463 3408 ﬁdelium
2479 3347 2696 3405 animae
2713 3345 2983 3402 omnium
3006 3343 3423 3398 defunctorum
3449 3338 3679 3407 requie-

2025 3445 2198 3501 scant
2226 3441 2287 3496 in
2309 3453 2475 3512 pace.
2510 3448 2573 3504 It.
2602 3436 2809 3490 Amen.

2095 3534 2367 3588 Exeunte
2405 3528 2676 3595 Vespera.
2701 3520 2930 3577 Lauda.
2965 3522 3008 3573 Α
3049 3516 3189 3572 solis
3218 3519 3371 3571 ortu.

2094 3622 2274 3677 Sono.
2320 3615 2537 3679 Venite,
2558 3611 2891 3668 exultemus
2916 3605 3185 3663 Domino.
3214 3604 3276 3664 Ψ.
3298 3607 3677 3673 Praaoccupe—

2023 3725 2159 3765 mus
2191 3706 2403 3764 faciem
2438 3704 2566 3773 ejus
2594 3702 2673 3758 P.
2709 3702 2771 3753 ln
2808 3696 3083 3753 Domino.

2098 3799 2270 3854 Dicat
2295 3792 2632 3859 Presbyter.
2663 3787 2948 3844 Dominus
2974 3785 3047 3842 sit
3066 3798 3305 3857 semper
3339 3781 3674 3839 vobiscum.

2027 3902 2087 3957 nr.
2120 3890 2185 3941 Et
2216 3900 2352 3943 cum
2387 3880 2598 3953 spiritu
2622 3880 2741 3934 tuo.
2773 3878 2883 3947 fol.
2920 3882 2965 3932 l.

2094 3972 2456 4041 Antiphona.
2476 3968 2675 4024 Veniet
2693 3967 2980 4022 Dominus
2999 3980 3139 4020 cum
3156 3961 3403 4018 senibus
3426 3959 3499 4015 de
3520 3957 3680 4029 prin-

2025 4062 2256 4135 cipibus
2282 4056 2488 4131 populi
2517 4056 2609 4112 sui
2630 4058 2698 4112 P.
2722 4054 2811 4110 Ad
2831 4052 3154 4110 salvandos
3178 4048 3455 4123 populos.
3480 4046 3540 4106 ἢν.
3567 4048 3680 4101 Au-

2024 4152 2143 4207 dite
2173 4150 2321 4217 heec,
2344 4162 2556 4204 omnes
2576 4150 2779 4216 gentes
2813 4160 2823 4197 :
2850 4143 3095 4200 auribus
3119 4139 3420 4214 percipite,
3460 4135 3679 4208 quiba—

2022 4238 2221 4295 bitatis
2253 4235 2481 4292 orbem.
2525 4233 2591 4288 P.
2625 4231 2713 4287 Ad
2742 4229 3084 4287 salvandos.
3125 4228 3186 4289 Ψ.
3221 4227 3433 4290 Gloria,
3476 4226 3534 4279 et
3558 4221 3678 4295 ;ho-

2027 4343 2140 4383 nor
2162 4325 2310 4382 Patri
2332 4325 2401 4379 P.
2442 4322 2530 4378 Ad
2553 4319 2897 4377 salvandos.

2091 4417 2268 4473 Dicat
2298 4412 2629 4481 Presbyter.
2664 4408 2948 4465 Dominus
2982 4406 3056 4463 sit
3086 4418 3322 4477 semper
3340 4400 3676 4459 vobiscum.

2022 4516 2089 4574 It.
2115 4507 2181 4560 Et
2208 4519 2347 4559 cum
2379 4500 2587 4573 spiritu
2620 4504 2751 4555 tuo.

2096 4593 2322 4650 Lauda.
2359 4593 2667 4646 Dexteram
2701 4591 2886 4650 tuam,
2932 4588 3101 4653 Deus,
3134 4586 3340 4638 notam
3380 4580 3473 4635 fac
3501 4574 3683 4633 nobis.

2022 4682 2293 4747 Alleluia,
2316 4683 2376 4735 P.
2399 4682 2463 4735 Et
2489 4676 2751 4733 eruditos
2780 4675 2958 4731 corde
2985 4674 3045 4729 in
3064 4671 3369 4744 sapientia.
3403 4665 3679 4723 Alleluia.

2023 4770 2254 4828 alleluia
2269 4814 2282 4828 .
2309 4768 2371 4829 ἲν.
2392 4770 2544 4823 Deus
2568 4764 2873 4820 manifeste
2890 4763 3087 4819 veniet
3120 4780 3132 4817 :
3162 4764 3315 4818 Deus
3337 4761 3677 4814 nosternon

2024 4860 2228 4916 silebit.
2282 4864 2346 4914 P.
2380 4859 2443 4913 Et
2483 4852 2765 4918 eruditos,
2795 4852 2855 4912 τί.
2916 4851 3130 4915 Gloria,
3183 4854 3238 4907 et
3268 4849 3457 4904 honor
3500 4843 3677 4902 Patri.

2022 4949 2087 5003 Ρ.
2120 4950 2184 5004 Et
2212 4946 2497 5003 eruditos.

2094 5039 2389 5106 Hymnus.
2438 5030 2648 5090 Christi
2678 5036 2913 5087 caterva
2967 5029 3249 5085 clamitet.
3277 5024 3672 5098 Supplicatio.

2025 5128 2272 5184 Oremus
2305 5124 2759 5194 Bedemptorem
2792 5118 3001 5175 mundi
3028 5118 3348 5175 Dominum
3378 5118 3673 5173 nostrum.

2024 5215 2281 5286 Require
2309 5215 2422 5283 fol.
2460 5217 2518 5270 2.

2099 5304 2382 5374 Capitula.
2419 5306 2590 5367 Deus,
2617 5302 2788 5372 cujus
2810 5301 3105 5357 aeternitas
3128 5306 3398 5370 tempora
3421 5290 3674 5365 praescit,

2025 5397 2083 5450 et
2110 5392 2347 5449 ordinat
2366 5409 2379 5458 ;
2398 5390 2574 5465 quiin
2598 5390 2964 5463 plenitudine
2990 5395 3327 5459 temporum
3352 5378 3673 5438 Dominum

2026 5486 2295 5538 nostrum
2307 5483 2335 5537 J
2342 5497 2514 5538 esum
2530 5480 2817 5539 Christum
2834 5479 3041 5536 Filium
3054 5482 3212 5533 tuum
3226 5470 3585 5527 nasciturum
3602 5484 3675 5525 ex

2024 5570 2257 5643 Virgine
2299 5570 2599 5639 destinas;
2655 5574 2720 5626 ut
2749 5569 3027 5625 aaternius
3056 5580 3122 5622 ex
3154 5567 3208 5619 te
3238 5561 3363 5619 sine
3403 5565 3677 5633 tempore
