4118 6184
343 235 418 294 59
1608 226 2064 286 BREVIARIUM
2101 227 2494 288 GOTHICUM.
2853 233 2856 238 ’
3687 231 3758 288 60

342 325 649 437 prodiens,
679 372 788 434 pro
818 357 994 416 nobis
1023 357 1309 415 Conditor
1323 319 1670 414 nasceretur
1688 356 1749 412 in
1770 316 1996 429 temlpo-
2103 321 2318 428 phetae,
2343 356 2405 412 in
2433 317 2934 428 peregrinationis
2953 351 3286 410 recessibus
3315 323 3761 426 constituto,qu

344 467 441 520 re;
471 454 538 508 ut
561 454 620 507 et
645 452 850 506 nostra
868 447 1086 503 scilicet
1106 451 1377 520 tempora
1395 446 1610 511 visitet,
1627 450 1682 502 et
1696 450 1995 518 tempora-

346 541 431 598 les
455 555 579 596 sum
608 535 1069 596 immortalitatis
1115 536 1432 610 participes
1480 535 1997 601 reddat;assistat

347 630 454 687 tibi
478 644 589 702 pro
635 626 849 683 nobis:
883 629 964 692 ut,
998 641 1151 698 quos
1189 625 1460 682 Adventu
1495 640 1604 681 suo
1650 624 1996 681 mirabiliter

347 718 617 785 redemit,
653 730 899 771 munere
930 730 1038 770 suo
1069 713 1585 772 abundantissime
1615 714 1779 771 ditet.

423 811 589 862 Pater
616 809 838 870 noster,
872 803 1124 859 Liberati
1168 818 1205 859 a
1235 801 1414 860 malo.
1446 804 1697 876 Require
1717 804 1832 873 fol.
1864 807 1920 859 2.

424 893 786 952 Benedictio.
822 892 1083 949 Christus
1113 893 1419 959 Dominus,
1445 892 1547 964 qui
1579 908 1684 965 per
1709 895 1996 965 susceptis

351 983 700 1056 mysterium
730 982 926 1038 carnis
949 985 1156 1038 notam
1172 980 1307 1037 fecit
1331 981 1560 1038 mundo
1587 981 1840 1051 gloriam
1871 996 1998 1036 suae

349 1071 692 1138 divinitatis,
725 1071 988 1127 adventu
1027 1085 1140 1126 suo
1169 1084 1282 1125 nos
1307 1069 1564 1126 viviﬁcet
1588 1068 1890 1126 adelictis.
1931 1079 1995 1136 BI.

348 1161 794 1232 Amen.Quique
819 1161 880 1216 in
909 1175 972 1215 se
1003 1159 1683 1232 suscepitinﬁrmitatem
1700 1164 1993 1229 nostram,

347 1252 477 1324 ipse
512 1251 574 1306 in
597 1249 774 1305 nobis
810 1248 1075 1304 conferat
1106 1248 1571 1305 misericordiam
1597 1263 1789 1305 suam.
1835 1259 1899 1318 Ri.
1932 1249 2004 1302 A-

347 1355 508 1395 men.
540 1341 605 1392 Et
631 1337 735 1409 qui
764 1336 1281 1408 primumveniens
1295 1337 1539 1393 humilis
1565 1335 1816 1393 redemit
1832 1352 2004 1392 mun-

351 1429 498 1484 dum
529 1443 566 1484 a
593 1426 838 1482 crimine
859 1445 878 1497 ;
902 1426 1167 1482 secundo
1196 1426 1542 1491 adveniens,
1566 1427 1644 1483 ab
1673 1427 1835 1483 omni
1867 1443 2004 1483 nos-

350 1516 586 1578 trolnos
611 1518 778 1571 reatu
801 1515 1101 1587 iustiﬁcet.
1151 1525 1213 1582 B1.
1270 1518 1484 1572 Amen.
1533 1519 1637 1571 Per
1666 1516 2004 1572 misericor-

351 1605 516 1660 diam
543 1603 749 1675 ipsius.

2101 447 2248 501 turae
2277 446 2514 517 pietatis
2559 445 3003 503 sacramentum
3036 443 3287 508 revelas,
3334 447 3392 501 et
3421 459 3760 502 sermonem

2103 535 2377 592 claudere
2408 535 2706 609 praecipis,
2762 536 2819 590 et
2847 531 3147 604 signatum
3188 531 3410 590 librum
3457 549 3653 607 usque
3683 534 3762 591 ad

2106 623 2398 680 Christum
2428 624 2645 680 ducem
2675 637 2918 679 manere
2954 621 3213 678 instituis
3240 639 3254 688 ;
3287 623 3454 695 aperi
3483 623 3659 680 nobis
3698 623 3760 680 in

2103 713 2270 768 terris
2307 713 2540 785 pietatis
2569 717 2684 769 tute
2726 711 2993 770 viscera:
3036 715 3119 777 ut,
3150 711 3451 785 quidquid
3480 715 3542 769 in
3580 713 3759 769 nobis

2104 802 2406 859 obclusum
2417 801 2748 859 observavit
2760 801 3372 874 iniquitas,verborum
3389 806 3616 859 tuorum
3630 816 3762 873 ape-

2102 892 2216 950 riat
2240 893 2460 950 veritas
2478 908 2492 945 :
2537 893 2790 966 qualiter
2805 891 2885 949 ad
2900 891 3069 948 ducis
3085 893 3274 948 nostri
3286 895 3424 948 Jesu
3441 892 3658 950 Christi
3676 891 3759 948 Fi-

2103 981 2167 1037 lii
2206 983 2290 1038 tui
2318 983 2380 1038 in
2408 983 2752 1054 proximum
2781 981 3130 1038 accedentes
3161 996 3455 1054 praecepe,
3483 981 3562 1038 ab
3592 979 3760 1038 omni

2108 1085 2448 1127 mereamur
2475 1071 2702 1143 expiari
2731 1070 3054 1128 criminum
3082 1069 3240 1126 labe.
3277 1081 3344 1140 ἢ.
3371 1075 3583 1126 Amen.

2181 1160 2289 1215 Per
2322 1159 2817 1215 misericordiam.

2179 1247 2533 1316 Antiphonti
2555 1251 2605 1302 3.
2636 1247 2753 1302 Erit
2781 1261 2934 1318 opus
2975 1244 3216 1315 justitiae
3242 1261 3376 1318 pax,
3427 1249 3484 1303 et
3508 1247 3765 1304 charitas

2110 1337 2171 1393 in
2202 1335 2654 1409 sempiternum.
2695 1345 2763 1402 BI.
2790 1335 2854 1389 Et
2883 1333 3112 1390 sedebit
3128 1334 3384 1406 p0pulus
3416 1335 3477 1391 in
3505 1335 3767 1408 pulchri-

2112 1425 2315 1482 tudine
2344 1424 2532 1498 pacis.
2566 1423 2679 1496 lpsi
2716 1422 3002 1478 videbunt
3033 1422 3290 1492 gloriam
3322 1424 3641 1490 Domini,et
3667 1424 3768 1480 de-

2113 1530 2313 1570 corem
2345 1513 2448 1570 Dei
2477 1513 2682 1570 nostri.
2709 1509 2770 1572 1'.
2802 1514 2866 1567 Et
2895 1511 3005 1566 erit
3025 1512 3472 1568 ﬁrmamentum
3493 1511 3553 1567 in
3574 1517 3766 1579 terra;

2113 1604 2175 1659 in
2204 1603 2456 1674 summis
2481 1601 2777 1658 montium
2824 1600 3318 1673 superextolletur
3365 1615 3548 1672 super
3600 1601 3770 1658 Liba-

423 1691 649 1748 Lauda.
686 1694 838 1746 Deus
858 1691 1172 1748 manifeste
1199 1691 1418 1761 veniet,
1451 1695 1508 1749 et
1543 1707 1666 1750 non
1696 1692 2003 1749 silebit.Al-
2031 1707 2076 1762 Β
2112 1708 2260 1748 num
2290 1691 2516 1748 fructus
2542 1691 2671 1761 ejus
2695 1705 2709 1755 ;
2732 1695 2789 1745 et
2808 1687 3107 1746 ﬂorebunt
3122 1689 3196 1744 de
3212 1689 3464 1754 civitate,
3491 1689 3642 1746 sicut
3665 1689 3767 1746 foe-

351 1779 543 1837 leluia.
568 1782 636 1835 P.
659 1779 988 1836 Advocavit
1001 1780 1184 1836 coelos
1199 1785 1525 1847 sursum,et
1541 1785 1761 1837 terram
1781 1780 2001 1838 discer-

349 1883 490 1925 nere
509 1868 804 1940 populum
821 1884 1020 1925 suum.
1043 1867 1311 1933 Alleluia,
1335 1868 1588 1926 alleluia.
1617 1869 1681 1930 tr.
1706 1869 2006 1926 Deusdeo-

351 1973 487 2013 rum
519 1957 809 2012 Dominus
851 1957 1087 2012 locutus
1122 1961 1209 2012 est
1247 1973 1260 2012 :
1307 1962 1363 2012 et
1391 1958 1624 2014 vocavit
1663 1961 1908 2014 terram.
1937 1958 2002 2012 P.

353 2047 700 2103 Advocavit.
727 2047 790 2106 ἲν.
825 2047 1038 2116 Gloria,
1066 2051 1123 2102 et
1144 2047 1339 2103 honor
1363 2047 1537 2103 Patri.
1563 2048 1630 2102 P.
1661 2047 2004 2103 Advocavit.

2061 1789 2071 1802 ‘
2113 1796 2260 1837 num
2291 1785 2479 1837 terrae.
2507 1791 2571 1848 Βι.
2604 1781 2670 1836 Et
2695 1778 2943 1836 sedebit.
2971 1789 3035 1848 Bt.
3073 1778 3268 1834 Gloria
3296 1782 3353 1834 et
3366 1778 3559 1835 honor
3589 1777 3766 1836 Patri.

2113 1876 2223 1928 etc.
2255 1882 2319 1939 Ri.
2353 1873 2420 1926 Et
2449 1869 2676 1925 sedebit
2701 1868 2984 1941 populus.

2187 1960 2414 2016 Oratio.
2448 1959 2798 2014 Nunciatam
2811 1972 2946 2014 ecce
2961 1972 3168 2014 vocem
3185 1956 3572 2028 jocunditatis
3599 1960 3657 2013 et
3674 1957 3773 2013 lae-

2116 2049 2468 2120 titiae,quam
2498 2047 2572 2104 de
2585 2047 2957 2112 tua,Cbriste,
2976 2046 3384 2103 incarnatione
3403 2046 3766 2114 audivimus,

427 2136 656 2192 Oratio.
701 2138 854 2190 Deus
886 2135 985 2190 Dei
1017 2135 1212 2201 Filius,
1241 2136 1345 2208 qui
1375 2136 1648 2192 auditum
1677 2135 1901 2192 faciens
1932 2136 2009 2191 ab
2117 2139 2252 2193 utin
2279 2135 3354 2192 nobisdulcioriefﬁciamurcharitate
3387 2133 3766 2201 fruentiores,

353 2223 632 2280 extremis
658 2226 846 2288 terrae,
875 2223 1103 2280 mundo
1135 2224 1467 2295 apparuisti
1502 2225 1563 2279 in
1593 2239 1807 2288 carne;
1849 2224 2014 2280 resti-

2119 2225 2515 2297 imploramus
2548 2228 2664 2279 tuae
2689 2223 3117 2292 magnitudinis
3137 2228 3554 2296 exspectantes
3578 2228 3776 2296 poten-

353 2317 450 2370 tue
481 2317 537 2370 te
564 2314 767 2386 ipsum
798 2313 1137 2369 mercedem
1161 2313 1303 2369 ﬁdei
1332 2317 1584 2370 nostrae:
1609 2318 1675 2370 ut
1719 2315 1823 2386 qui
1861 2329 2014 2386 opus
2122 2315 2267 2371 tiam
2293 2330 2306 2380 ;
2338 2313 2494 2369 utita
2523 2313 2582 2368 in
2595 2312 2770 2368 nobis
2788 2313 2952 2368 vocis
2966 2312 3144 2382 hujus
3159 2311 3405 2368 effectus
3429 2328 3774 2385 usquequa-

355 2407 527 2459 tuum
557 2402 829 2460 mirabile
868 2402 1287 2474 praedicamus,
1311 2403 1586 2458 mercede
1611 2401 1894 2476 illa.'quae
1922 2417 2017 2458 co-

355 2507 488 2548 ram
527 2496 581 2548 te
606 2497 710 2557 est,
740 2507 894 2563 opus
924 2491 1263 2562 opulentius
1289 2507 1695 2549 muneremur.
1718 2502 1782 2552 Ir.
1805 2496 2017 2547 Amen.

428 2583 534 2635 Per
558 2579 1030 2635 misericordiam
1054 2583 1241 2646 tuam,
1275 2581 1431 2635 Deus
1462 2585 1686 2645 noster,
1728 2584 1837 2636 etc.

428 2671 490 2726 ln
514 2670 759 2726 nomine
787 2669 1019 2724 Domini
1039 2669 1378 2725 nostriJesu
1404 2669 1613 2725 Christi
1633 2669 2016 2740 perﬁciamus

355 2774 494 2816 cum
517 2773 687 2831 pace.
721 2769 785 2826 13;.
814 2759 933 2813 Deo
973 2757 1216 2827 gratias.

424 2848 565 2904 Fiat
598 2847 1075 2902 commemoratio
1114 2847 1269 2902 sicut
1297 2845 1360 2901 in
1395 2845 1604 2914 primis
1643 2846 1910 2915 Vesperis
1939 2846 2012 2903 de

358 2938 628 2994 Adventu
654 2936 912 2998 Domini,
942 2935 1056 3004 fol.
1092 2935 1141 2988 1.

493 3026 702 3082 FERIA
743 3027 788 3078 ll
829 3024 1006 3080 POST
1045 3025 1309 3080 PRIMUM
1348 3023 1739 3080 DOMINICUM
1779 3025 1867 3079 DE

879 3109 1206 3165 ADVENTU
1248 3109 1510 3167 DOMINI.

814 3199 915 3256 Ad
933 3198 1324 3254 Matutinum.

424 3289 797 3359 Antiphona.
826 3287 1096 3353 Domine,
1124 3287 1270 3359 quid
1299 3286 1674 3360 multiplicati
1715 3292 1874 3354 sunt,
1903 3290 2007 3361 qui

355 3377 641 3436 tribulant
660 3392 756 3432 me
769 3377 798 3432 ?
817 3375 987 3431 multi
1003 3375 1320 3446 insurgunt
1341 3376 1662 3433 adversum
1683 3393 1800 3433 me.
1836 3379 2009 3435 Psal-

355 3484 486 3525 mus
505 3484 584 3525 Ill.

427 3555 655 3612 Oratio.
687 3551 1070 3626 Multiplicato
1099 3555 1256 3618 sunt,
1287 3552 1556 3622 Domine,
1598 3555 1702 3627 qui
1723 3555 2012 3613 tribulant

353 3660 466 3701 nos
491 3663 504 3711 ;
526 3642 633 3698 sed
654 3646 720 3698 tu
734 3640 956 3696 multus
969 3656 1031 3696 es
1048 3641 1107 3696 in
1126 3641 1661 3716 misericordia,qui
1681 3660 1858 3701 eruas
1876 3645 2006 3702 nes.

357 3737 419 3790 ln
433 3732 596 3789 nullo
619 3731 777 3786 enim
793 3729 1189 3786 formidamur
1200 3731 1278 3787 ab
1294 3731 1629 3790 imminenti
1643 3749 1946 3806 pressura,
1963 3736 2012 3792 si

353 3826 589 3880 tantum
610 3824 713 3876 tua
728 3819 1721 3893 muniamur,0mnipotens,gratia.
1744 3835 1806 3892 R».
1824 3827 2012 3881 Amen

424 3909 709 3966 Dominus
742 3909 819 3964 sit
848 3923 1084 3980 semper
1111 3907 1441 3965 vobiscum.
1477 3922 1541 3978 Ir.
1578 3914 1644 3967 Et
1673 3928 1834 3968 cum.

420 3999 770 4068 Antiphonti
799 4002 844 4052 t.
877 3997 1160 4054 Auditum
1187 3998 1378 4064 facite,
1416 4001 1698 4072 populus,
1735 4002 1795 4058 in
1826 4007 2014 4060 extre‘

347 4090 464 4147 mis
492 4092 660 4144 terrae
687 4101 909 4143 nomen
953 4102 1177 4156 meum,
1197 4087 1338 4143 dicit
1356 4090 1640 4145 Dominus
1670 4091 1844 4162 ;quia
1875 4107 2010 4149 ecce

348 4193 457 4249 ego
487 4177 679 4242 venio,
715 4179 771 4232 et
801 4175 988 4245 gloria
1009 4191 1144 4234 mea
1171 4175 1531 4234 illuminabit
1551 4193 1762 4234 omnes
1794 4182 2010 4237 seden—

345 4272 432 4324 tes
485 4265 852 4331 intenebris,
897 4269 960 4321 ut
995 4265 1186 4322 sciant
1229 4266 1520 4322 universae
1579 4273 1803 4337 gentes,
1843 4271 2009 4342 quod

2123 2419 2240 2476 que
2256 2401 2689 2474 praepolleat,ut
2702 2415 2826 2456 non
2852 2399 3296 2456 confundamur
3315 2401 3374 2456 in
3392 2416 3628 2463 ea,cum
3650 2416 3778 2457 ma-

2125 2489 2399 2546 nifestata
2422 2488 2598 2544 nobis
2628 2488 2820 2544 fuerat
2847 2487 3035 2559 gloria
3059 2492 3189 2543 tua.
3230 2498 3294 2557 Ir.
3328 2492 3539 2543 Amen.

2197 2580 2302 2634 Per
2331 2576 2798 2633 misericordiam
2836 2580 3020 2642 tuam,
3056 2577 3210 2631 Deus
3241 2580 3459 2641 noster,
3488 2579 3600 2634 etc.

2198 2666 2485 2722 Dominus
2518 2666 2596 2721 sit
2648 2679 2886 2736 semper
2918 2664 3251 2720 vobiscum.
3283 2676 3349 2734 ἢν.
3380 2667 3448 2720 Et
3487 2667 3628 2720 cum
3666 2664 3782 2737 spi-

2121 2755 2238 2812 ritu
2271 2760 2395 2810 tuo.

2193 2855 2262 2913 BI.
2298 2843 2458 2909 Veni,
2494 2842 2762 2911 Domine,
2795 2841 2874 2898 ad
2899 2841 3279 2898 liberandum
3323 2841 3562 2914 plebem
3588 2844 3775 2910 tuam,

2119 2933 2265 3004 quia
2303 2931 2484 2987 relicti
2514 2947 2723 2986 sumus
2749 2931 2926 3002 pauci
2956 2931 3030 2986 de
3060 2931 3285 3000 multis,
3319 2931 3473 2986 sicut
3497 2930 3654 2987 oculi
3693 2931 3777 2987 tui

2039 3050 2080 3105 ρ
2119 3019 2340 3076 vident.
2364 3021 2433 3074 P.
2461 3022 2523 3076 Et
2542 3020 2790 3076 ostende
2804 3019 2978 3076 nobis
2997 3019 3179 3084 viam,
3207 3035 3313 3091 per
3331 3035 3517 3092 quam
3537 3019 3777 3075 inceda-

2119 3124 2276 3174 mus,
2310 3113 2366 3165 et
2393 3109 2665 3174 verbum,
2691 3109 2858 3181 quod
2871 3108 3370 3174 faciamus.V.Qui
3391 3109 3548 3179 regis
3571 3108 3766 3174 Israel,

2118 3197 2396 3266 intende;
2437 3198 2543 3270 qui
2569 3198 2830 3268 deducis,
2860 3198 3021 3254 velut
3046 3213 3242 3264 ovem,
3269 3198 3527 3270 Joseph;
3561 3199 3667 3270 qui
3683 3214 3774 3253 se-

2118 3286 2225 3342 des
2257 3302 2436 3359 super
2465 3287 2794 3352 cherubim,
2828 3302 3071 3360 appare.
3101 3288 3166 3342 P.
3190 3289 3256 3343 Et
3285 3286 3533 3342 ostende
3569 3287 3769 3342 nobis.

2121 3388 2186 3444 11v.
2210 3374 2422 3446 Gloria,
2455 3380 2514 3432 et
2545 3375 2738 3432 honor
2757 3375 2910 3433 Patri
2935 3380 2991 3434 et
3021 3375 3182 3444 Filio,
3211 3378 3320 3432 etc.
3354 3376 3673 3432 Reiteretur
3704 3386 3769 3443 11v.

2119 3464 2280 3530 Veni,
2315 3463 2586 3520 Domine.

2723 3581 2794 3636 In
2837 3580 3165 3638 Laudibus.

2190 3695 2290 3751 Ad
2329 3695 2632 3753 Canticum
2670 3697 3042 3766 Antiphona.
3103 3699 3247 3756 Ecce
3299 3697 3456 3758 Deus.
3511 3707 3773 3764 magnus

2119 3783 2366 3840 vincens
2391 3786 2701 3842 scientiam
2749 3791 3054 3854 nostram;
3137 3800 3430 3848 numerus
3471 3799 3774 3846 annorum

2123 3875 2172 3946 ej
2184 3891 2250 3929 us
2272 3875 2726 3932 inaestimabilis.

2567 3983 2883 4041 Canticum
2917 3982 3064 4053 (Job.
3094 3985 3318 4045 xxxvn).

2194 4090 2358 4154 Ecce,
2380 4091 2532 4145 Deus
2561 4104 2819 4159 magnus
2846 4089 3098 4146 vincens
3125 4088 3440 4143 scientiam
3460 4090 3766 4156 uestram;

2118 4189 2406 4232 numerus
2444 4193 2743 4234 annorum
2773 4178 2903 4249 ejus
2933 4176 3386 4233 inaestimabilis.

2200 4272 2308 4340 Qui
2347 4268 2538 4324 aufert
2562 4267 2747 4322 stillas
2775 4266 3017 4338 pluvias,
3043 4270 3100 4321 et
3136 4262 3772 4332 eﬁ‘unditimbres,ad-

347 4371 460 4426 ego
491 4371 626 4411 sum
654 4355 962 4411 Dominus.
985 4354 1047 4413 ἵ.
1081 4354 1292 4410 Audite
1329 4355 1477 4421 haec,
1517 4371 1728 4413 omnes
1759 4363 1962 4428 gentes
1990 4376 2006 4416 :
2041 4399 2086 4454 Β
2116 4359 2302 4417 instar
2330 4356 2650 4427 gurgitum,
2671 4354 2776 4426 qui
2797 4353 2870 4410 de
2891 4353 3158 4410 nubibus
3185 4353 3413 4421 ﬂuunt;
3435 4356 3455 4376 ⁶
3485 4352 3590 4425 qui
3614 4367 3771 4424 prte-

351 4444 600 4503 auribus
627 4444 928 4516 percipite,
961 4443 1066 4515 qui
1089 4443 1370 4499 habitatis
1394 4444 1692 4501 orbem.P.
1725 4449 1794 4503 Ut
1819 4447 2010 4505 sciant

351 4534 666 4591 universae.
687 4532 749 4593 if.
781 4532 994 4596 Gloria,
1013 4537 1069 4588 et
1088 4532 1282 4588 honor
1303 4534 1473 4589 Patri.
1496 4533 1563 4590 P.
1587 4536 1656 4592 Ut
1673 4536 1862 4592 sciant
1881 4537 2008 4593 uni-

350 4637 561 4678 versae.

427 4709 653 4767 Oratio.
688 4709 864 4775 Deus,
903 4709 1006 4765 Dei
1039 4710 1232 4766 Filius.
1267 4713 1520 4782 Require
1545 4715 1649 4785 fol.
1692 4719 1748 4770 3.

424 4799 769 4869 Antiphona
788 4802 842 4852 2.
864 4798 1035 4868 Audi,
1072 4799 1293 4868 Daniel,
1312 4801 1514 4865 verba,
1537 4817 1671 4874 quae
1689 4802 1901 4874 loquor
1928 4801 2008 4858 ad

354 4889 408 4944 te
441 4903 455 4942 :
492 4886 702 4943 claude
732 4902 1092 4956 sermonem,
1133 4893 1190 4945 et
1224 4881 1395 4961 signa
1429 4891 1649 4946 librum
1689 4907 1881 4962 usque
1929 4893 2006 4948 ad

352 4974 649 5032 Christum
679 4975 915 5040 ducem,
962 4977 1028 5031 P.
1070 4979 1138 5032 Ut
1187 4977 1495 5034 aditicetur
1525 4978 1908 5046 Hierusalem,
1952 4983 2010 5037 et

349 5067 610 5134 ungatur
633 5066 882 5121 Sanctus
911 5071 1251 5122 sanctorum
1277 5068 1337 5122 in
1360 5067 1492 5122 loco
1516 5067 2007 5124 sanctiﬁcationis

349 5167 492 5208 suae.
517 5151 576 5212 ἲν.
605 5152 861 5209 Audiam
890 5154 1035 5224 quid
1057 5153 1338 5226 loquatur
1370 5153 1656 5209 Dominus
1686 5171 1698 5208 :
1727 5156 2007 5226 quoniam

347 5241 624 5315 loquetur
650 5257 860 5313 pacem
887 5241 946 5296 in
978 5242 1214 5313 plebem
1246 5257 1440 5296 suam.
1473 5245 1542 5298 P.
1584 5244 1651 5297 Ut
1685 5243 2009 5301 aediﬁcetur

347 5329 733 5386 Hierusalem.
773 5341 837 5399 Br.
873 5330 1083 5395 Gloria,
1131 5335 1186 5386 et
1223 5331 1436 5385 honor.
1468 5331 1538 5386 P.
1583 5333 1651 5389 Ut
1684 5331 2010 5390 aediﬁcetur

356 5419 743 5475 Hierusalem.

425 5507 484 5576 θ
519 5506 738 5563 Oratio.
773 5509 944 5573 Deus,
966 5506 1071 5579 qui
1089 5506 1310 5567 Danieli
1331 5507 1412 5566 illi
1442 5512 1648 5568 sancto
1677 5513 1855 5583 atque
1876 5513 2010 5568 Pro-

2117 4451 2322 4506 texunt
2351 4447 2566 4501 cuncta
2599 4443 2880 4515 desuper.

2191 4536 2249 4593 Si
2299 4532 2554 4590 voluerit
2602 4531 2918 4588 extendere
2967 4529 3162 4586 nubes
3218 4530 3395 4602 quasi
3445 4529 3773 4586 tentorium

2117 4641 2332 4692 suum;
2374 4628 2430 4680 et
2457 4621 2759 4692 fulgurare
2787 4620 3013 4676 lumine
3039 4635 3172 4683 suo,
3199 4621 3217 4638 "
3242 4619 3500 4692 desuper
3524 4633 3772 4691 quoque

2116 4715 2390 4772 cardines
2422 4713 2603 4768 maris
2633 4712 2881 4784 operiet.

2186 4808 2291 4861 Per
2330 4804 2446 4860 hoc
2484 4803 2644 4858 enim
2665 4800 2894 4871 judicat
2940 4798 3261 4872 populos,‘
3312 4801 3370 4855 et
3415 4797 3520 4855 dat
3565 4813 3771 4856 escam

2115 4893 2318 4950 multis
2349 4890 2714 4948 mortalibus.

2189 4985 2252 5037 In
2275 4980 2552 5037 manibus
2593 4976 2917 5035 abscondit
2944 4976 3161 5041 lucem,
3191 4976 3214 4998 "
3240 4979 3297 5032 et
3320 4974 3590 5049 praecipit
3609 4976 3685 5046 ei,
3707 4978 3776 5033 ut

2115 5086 2322 5128 rursus
2355 5066 2653 5124 adveniat.

2191 5157 2402 5214 Subter
2421 5171 2633 5211 omnes
2671 5153 2854 5210 caelos
2883 5153 3010 5224 ipse
3033 5152 3390 5219 considerat,
3424 5153 3444 5176 '
3465 5155 3521 5207 et
3567 5151 3772 5206 lumen

2118 5245 2276 5301 illius
2303 5260 2484 5316 super
2509 5243 2791 5299 terminos
2820 5247 3006 5298 terras.
3037 5243 3058 5263 θ
3090 5244 3224 5298 Post
3257 5256 3396 5296 eum
3432 5239 3626 5310 rugiet
3675 5256 3774 5295 so-

2116 5334 2295 5390 nitus.

2190 5426 2256 5478 Et
2283 5421 2512 5479 tonabit
2539 5425 2751 5477 vocem
2771 5419 3201 5489 magnitudinis
3224 5435 3350 5476 suae
3379 5421 3429 5486 ;'
3460 5422 3659 5476 etnon
3681 5418 3773 5473 in-

2118 5510 2523 5584 vestigabitur,
2544 5524 2684 5566 cum
2723 5507 2930 5568 audita
2955 5506 3130 5565 fuerit
3157 5521 3275 5564 vox
3309 5508 3463 5578 ejus.
