4118 6184
347 285 414 342 63
1595 278 2055 337 BREVIABIUM
2094 281 2492 348 GOTHICUM.
3345 357 3348 360 ,
3689 298 3760 353 64

344 409 625 480 dignatus
639 422 703 464 es
714 422 1188 480 opere,quosque
1199 407 1469 466 facinora
1482 413 1814 478 aggravant
1829 405 1994 462 vitio-
2025 407 2070 460 A
2101 424 2292 479 meus,
2315 412 2457 471 dicit
2486 414 2790 486 Dominus,
2810 415 2964 471 Deus
2977 417 3171 472 vester
3189 431 3206 472 :
3223 415 3546 488 loquimini
3563 421 3642 476 ad
3657 437 3762 479 cor

343 513 518 563 rum;
551 501 787 554 tuarum
809 495 1520 554 sublevamiserationum
1555 513 1568 551 ε
1601 500 1666 553 ut
1700 494 1994 566 justitiam
2101 495 2451 570 Jerusalem,
2480 504 2624 575 quia
2647 503 2991 575 suscepitde
3005 519 3193 560 manu
3206 507 3290 560 Do
3303 507 3446 562 mini
3470 507 3755 580 duplicia.

345 590 702 658 tuam,quam
715 582 1995 656 caaliannunciant,agnoscamus,etgloriam
2101 589 2170 645 P.
2201 590 2380 646 Dicite
2409 591 2742 648 civitatibus
2771 593 2799 646 J
2809 591 2944 648 uda.
2980 593 3058 650 P.
3110 595 3254 648 Ecce
3297 596 3452 651 Deus
3479 601 3669 654 vester
3697 599 3759 656 in

344 679 512 731 tuam
541 689 680 729 cum
708 673 988 729 omnibus
1001 674 1575 746 populisvideamus
1598 671 1997 729 :utinhabitet

347 762 536 832 gloria
563 762 624 816 in
655 765 808 818 terra
827 767 1052 829 nostra,
1085 768 1141 819 et
1170 764 1218 820 si
1239 762 1570 836 redemptio
1595 761 1790 828 nobis,
1809 775 1998 834 quam

346 850 572 906 alacres
596 849 714 905 ﬁde
740 851 1039 908 credimus
1069 867 1198 908 esse
1223 857 1574 908 venturam.

416 941 582 996 Pater
609 943 827 997 noster.
861 942 928 997 Et
953 955 1030 997 ne
1059 956 1192 998 nos.
1244 941 1357 999 Sed
1386 941 1578 998 libera
1605 956 1716 998 nos
1753 955 1791 996 a
1811 939 1996 996 malo.

348 1030 555 1082 Amen.

417 1119 464 1171 A
490 1116 650 1174 malo
669 1131 781 1172 nos
803 1116 1010 1183 libera,
1032 1121 1091 1173 et
1125 1117 1187 1172 in
1228 1120 1332 1173 tuo
1353 1117 1587 1173 timore.
1626 1123 1690 1172 ut
1717 1130 1926 1185 supra.

424 1207 772 1266 Benedictio.
805 1205 1066 1262 Christus
1093 1205 1402 1269 Dominus,
1435 1205 1539 1277 qui
1571 1205 1650 1261 ad
1675 1205 1791 1261 hoc
1818 1202 1995 1269 venit,

348 1304 413 1356 ut
439 1295 773 1368 impietates
794 1309 830 1349 a
858 1291 1042 1349 domo
1072 1293 1257 1350 Jacob
1289 1299 1576 1352 averteret
1602 1311 1615 1360 ;
1650 1292 1728 1350 ad
1756 1293 1870 1349 hoc
1895 1291 2000 1348 ite-

347 1403 484 1445 rum
512 1383 726 1447 veniet,
743 1387 807 1438 ut
831 1382 1143 1438 redeuntes
1163 1383 1290 1439 ada
1307 1399 1368 1438 se
1398 1383 1608 1439 mortis
1637 1379 2001 1454 potestateli-

349 1478 534 1532 heret.
569 1485 633 1542 13;.
662 1475 878 1526 Amen.
917 1473 1005 1534 Et,
1037 1471 1142 1544 qui
1173 1471 1406 1527 dudum
1460 1472 1724 1538 veniens,
1747 1468 2003 1526 reconci-

348 1565 492 1621 liare
531 1562 813 1631 dignatus
843 1564 932 1616 est
953 1560 1252 1616 mundum
1285 1560 1389 1628 ;ad
1414 1560 1708 1630 judicium
1731 1557 1998 1623 veniens,

351 1653 429 1709 ab
469 1651 636 1708 omni
672 1664 784 1704 nos
807 1663 1122 1719 poenarum
1160 1649 1687 1705 liberetcruciatu.
1713 1653 2003 1717 1r.Amen.

2105 677 2447 734 fortitudine
2482 680 2689 735 veniet.
2713 679 2780 739 δῖ.
2819 679 3144 737 Advocavit
3172 681 3357 738 ccelos
3391 700 3670 751 sursum,
3703 691 3763 743 et

2106 770 2315 822 terram
2354 767 2625 824 discerne
2652 767 2942 840 populum
2982 785 3183 826 suum.
3204 769 3272 826 P.
3302 771 3482 828 Dicite
3515 774 3758 832 civitati-

2105 853 2240 910 bus.
2273 855 2332 914 Ii’.
2357 855 2569 922 Gloria,
2595 861 2651 913 et
2675 856 2869 912 honor
2907 856 3077 913 Patri.
3099 857 3172 917 P.
3213 861 3357 916 Ecce
3392 863 3566 917 Deus.

2181 944 2405 1000 Oratio.
2435 945 2676 1009 Christe,
2702 944 2804 1000 Dei
2833 944 3030 1011 Filius,
3062 946 3168 1018 qui
3193 947 3403 1004 etolim
3420 949 3632 1006 venisti
3655 967 3759 1007 na-

2108 1032 2361 1088 sciturus
2391 1032 2451 1088 in
2465 1049 2665 1103 carne,
2697 1037 2754 1089 et
2781 1033 2995 1090 iterum
3023 1035 3228 1090 venies
3255 1053 3396 1094 cum
3425 1038 3682 1095 ducibus
3704 1045 3762 1094 et

2108 1119 2479 1191 principibus
2493 1120 2698 1193 populi
2711 1121 2792 1178 tui
2809 1121 2888 1177 ad
2901 1120 3241 1180 faciendum
3252 1126 3273 1195 j
3286 1125 3549 1185 udicium
3562 1127 3623 1182 in
3639 1126 3763 1197 glo-

2108 1209 2197 1266 ria
2215 1209 2542 1281 majestatis
2559 1228 2572 1278 ;
2590 1215 2789 1283 presta
2800 1212 2979 1268 nobis
2997 1218 3210 1270 utcum
3226 1217 3619 1282 veneris,non
3633 1232 3766 1288 pec-

2110 1299 2259 1355 catis
2276 1298 2548 1355 restituas
2562 1299 2780 1358 vicem;
2809 1300 2916 1356 sed
2942 1316 3052 1373 pro
3072 1301 3341 1375 ﬁde,qua
3371 1304 3759 1376 tecredimus,

2112 1392 2395 1446 aeternam
2417 1401 2526 1445 nos
2565 1388 2864 1460 provehas
2887 1389 2964 1446 ad
2994 1391 3355 1448 mercedem.
3390 1405 3456 1464 Bt.
3478 1397 3690 1450 Amen.

2184 1480 2288 1532 Per
2316 1477 2789 1534 misericordiam
2822 1482 3011 1548 tuam,
3045 1483 3200 1535 Deus
3231 1487 3454 1552 noster,
3476 1487 3588 1538 etc.

2186 1577 2248 1634 Ir.
2285 1565 2481 1621 Veniet
2513 1567 2878 1637 Dominus,et
2893 1568 3488 1640 apparebitinmedio
3501 1570 3765 1627 ﬁliorum

2115 1653 2318 1725 populi
2347 1655 2556 1710 suizde
2587 1655 3110 1727 manuimpiorum
3139 1657 3417 1715 liberabit
3459 1675 3588 1715 eos.
3618 1661 3682 1714 P.
3703 1661 3769 1714 Et

352 1743 422 1797 Ut
450 1755 587 1795 cum
617 1737 716 1793 illo
760 1737 1132 1807 gaudeamus
1162 1737 1225 1792 in
1274 1737 1484 1807 gloria,
1507 1752 1689 1809 quem
1723 1735 1819 1791 hic
1855 1750 2005 1806 pura
2044 1757 2084 1811 Β
2115 1742 2189 1798 de
2209 1747 2398 1798 morte
2422 1744 2838 1800 redimetillos.
2869 1745 2929 1804 ir.
2963 1746 3251 1802 Dominus
3270 1749 3652 1820 omnipotens
3668 1765 3766 1802 su-

348 1827 489 1884 ﬁdei
516 1824 832 1882 incolimus
878 1824 1257 1881 conscientia.
1279 1837 1341 1896 ﬁ.
1367 1829 1574 1880 Amen.

422 1920 527 1972 Per
549 1913 1021 1971 misericordiam
1049 1914 1244 1986 ipsius
1266 1913 1365 1970 Dei
1407 1913 1615 1978 nostri,
1649 1911 1757 1984 qui
1788 1915 1880 1967 est
1903 1909 2002 1966 he-

351 2005 647 2072 nedictus,
677 2007 734 2059 et
761 2001 920 2068 vivit,
949 2007 1006 2060 et
1033 2003 1238 2060 omnia
1258 2002 1408 2075 regit
1431 2002 1492 2058 in
1513 2000 1736 2058 saecula
1760 1999 2005 2055 saeculo-

352 2112 487 2152 rum
513 2108 573 2164 Bz.
607 2100 809 2151 Amen.

421 2185 653 2240 Lauda.
689 2183 842 2239 Deus
875 2183 1186 2241 manifeste
1236 2184 1456 2241 veniet.
1503 2183 1742 2254 require
1787 2181 1900 2250 fol.
1947 2183 2001 2236 8.

427 2273 648 2329 Oratio.
681 2274 804 2330 Fac
833 2288 963 2345 nos,
991 2274 1455 2345 Domine,juste.
1494 2271 1734 2344 require
1757 2271 1870 2341 fol.
1903 2273 1996 2328 11.

965 2364 1068 2434 ιι
1118 2365 1320 2418 FERIA
1353 2363 1446 2418 1v.

936 2452 1036 2508 Ad
1064 2453 1430 2508 Matutinum.

425 2541 793 2611 Antiphona.
826 2541 980 2598 Lava
1005 2557 1118 2608 me,
1145 2540 1412 2607 Domine,
1445 2539 1524 2597 ab
1540 2537 1830 2610 injustitia
1846 2552 2001 2593 mea.

352 2630 430 2688 P.
471 2633 537 2686 Et
565 2629 872 2698 apeccatis
893 2630 1041 2685 meis
1073 2629 1301 2686 munda
1339 2645 1444 2685 cor
1477 2644 1700 2685 meum.
1730 2627 2005 2684 Psalmus

352 2735 405 2789 L,
434 2727 486 2776 et
513 2735 646 2775 cum
679 2720 790 2775 ista
811 2721 1104 2784 oratione,
1129 2735 1258 2790 quae
1287 2701 1578 2790 sequitur.

424 2807 644 2863 Oratio.
679 2810 854 2877 Deus,
891 2808 988 2863 Dei
1038 2807 1238 2874 Filius,
1279 2808 1452 2878 cujus
1475 2807 1538 2863 in
1567 2809 1860 2863 aeternum
1902 2817 2009 2876 per

349 2899 550 2952 manet
567 2911 810 2951 nomen.
849 2897 1100 2967 Require
1123 2897 1237 2966 fol.
1271 2899 1329 2952 3.

2115 1831 2350 1887 scitabit
2376 1832 2551 1889 nobis
2571 1833 3024 1906 justum.etipse
3037 1835 3274 1892 salvum
3288 1833 3768 1908 facietpopulum

2114 1936 2292 1976 suum
2321 1937 2359 1977 a
2384 1921 2644 1993 peccatis
2672 1937 2900 1978 eorum.
2932 1923 2996 1977 P.
3030 1925 3092 1980 Et
3123 1923 3198 1980 de
3223 1928 3440 1980 morte.
3467 1924 3526 1982 ἳνα
3552 1923 3768 1992 Gloria,

2113 2013 2169 2064 et
2195 2009 2389 2066 honor
2417 2010 2590 2076 Patri,
2625 2017 2740 2066 etc.
2779 2011 3113 2068 Re‘iteretur
3134 2023 3198 2083 ﬁ.
3222 2011 3425 2069 Veniet
3451 2011 3767 2068 Dominus.

2678 2116 2750 2172 In
2771 2117 3092 2174 Laudibus.

2179 2222 2553 2291 Antiphona.
2580 2221 2792 2279 Fidelis
2811 2223 2918 2280 erit
2935 2224 3154 2280 domus
3176 2227 3298 2280 tua.
3332 2225 3408 2282 P.
3431 2227 3764 2297 Etregnum

2112 2314 2281 2368 tuum
2309 2326 2504 2383 usque
2535 2311 2596 2367 in
2622 2316 2925 2382 aaternum,
2957 2312 3096 2368 dicit
3137 2313 3445 2370 Dominus.

2588 2417 2906 2474 Canticum
2928 2417 3012 2489 (Il
3040 2419 3308 2489 Reg.vu).

2185 2525 2307 2593 Ego
2333 2523 2436 2578 tuli
2450 2526 2504 2580 te
2524 2523 2598 2579 de
2615 2524 2857 2595 pascuis
2871 2529 3220 2597 sequentem
3236 2539 3466 2596 greges,
3490 2527 3504 2543 ‘
3525 2529 3586 2582 ut
3603 2541 3766 2582 esses

2113 2610 2239 2668 dux
2274 2627 2453 2684 super
2477 2611 2771 2684 populum
2818 2628 3021 2669 meum
3048 2613 3262 2669 Israel:

2186 2705 2253 2758 Et
2289 2701 2371 2756 fui
2415 2706 2609 2758 tecum
2628 2701 2690 2758 in
2719 2702 3002 2758 omnibus
3032 2702 3376 2776 ubicunque
3419 2702 3764 2768 ambulasti,

2116 2792 2133 2808 '
2152 2793 2210 2847 et
2231 2790 2492 2846 interfeci
2517 2805 2730 2847 omnes
2760 2790 3033 2847 inimicos
3046 2795 3180 2847 tuos
3212 2807 3249 2847 a
3273 2791 3422 2848 facie
3447 2796 3583 2847 tua:

2189 2879 2436 2952 Fecique
2457 2879 2561 2936 tibi
2591 2895 2815 2936 nomen
2844 2879 3069 2950 grande
3091 2880 3267 2951 juxta
3279 2895 3502 2936 nomen
3518 2895 3768 2950 magno-

417 2984 768 3052 Antiphona
793 2989 839 3038 l.
874 2983 1050 3041 lnilla
1081 2983 1174 3040 die
1194 2983 1420 3055 repleta
1445 2983 1554 3039 erit
1579 2987 1734 3039 terra
1764 2980 2010 3037 scientia
2116 2984 2252 3025 ιὐῑη
2298 2971 2313 2985 ’
2342 2967 2447 3040 qni
2477 2973 2615 3024 sum
2642 2969 2703 3024 in
2736 2973 2917 3025 ῖθιτδ·

348 3072 974 3143 Domini,quasi.aquae
991 3072 1170 3128 maris
1181 3071 1502 3143 operientis
1528 3088 1540 3126 :
1559 3077 1615 3127 et
1628 3070 1798 3126 radix
1818 3071 1847 3124 J
1855 3084 2005 3134 esse,
2047 3109 2088 3165 Ο

345 3175 482 3232 quae
517 3164 630 3216 stat
653 3160 714 3216 in
731 3161 972 3230 signum
1002 3160 1668 3232 populorum.P.lpsum
1688 3164 1891 3230 gentes
1909 3159 2007 3218 de.

347 3248 770 3321 precabuntur.
802 3248 869 3309 Ψ.
909 3253 973 3305 In
1004 3265 1117 3305 sua
1138 3249 1368 3320 justitia
1391 3248 1685 3320 judicabit
1710 3263 2007 3321 pauperes

350 3337 578 3409 populi,
601 3338 865 3394 etsalvos
878 3337 1216 3394 facietﬁlios
1239 3336 2009 3409 pauperumethumiliabit

351 3425 867 3482 calumniatorem.
897 3427 960 3481 P.
981 3429 997 3482 ι
1004 3441 1181 3498 psum
1197 3435 1403 3496 gentes
1416 3426 1920 3498 deprecabuntur.
1942 3425 2002 3485 ἢν.

353 3514 568 3580 Gloria,
601 3519 658 3570 et
695 3514 888 3571 honor
917 3515 1092 3583 Patri,
1129 3520 1187 3571 et
1209 3514 1370 3582 Filio,
1399 3519 1456 3573 et
1491 3514 1734 3587 Spiritui
1761 3515 2000 3580 Sancto,

358 3609 466 3658 etc.
494 3603 560 3658 P.
587 3605 790 3676 Ipsum
838 3609 1067 3674 gentes.

356 3763 366 3774 _
425 3691 646 3748 Oratio.
671 3695 846 3750 quta
868 3699 978 3761 est,
1000 3694 1266 3760 Domine,
1300 3693 1427 3749 dies
1448 3693 1774 3759 Adventus,
1799 3698 1855 3748 et
1875 3694 2006 3764 jam

351 3780 414 3836 ιη
438 3780 643 3851 januis
677 3787 765 3838 est
789 3781 1064 3838 terribilis
1088 3783 1238 3839 hora
1263 3782 1366 3838 illa
1394 3781 1626 3852 judicii.
1658 3781 1835 3839 Sileat
1862 3797 2004 3852 ergo

350 3868 547 3925 omnis
576 3885 718 3927 caro
747 3887 784 3927 a
815 3870 960 3928 facie
987 3879 1108 3936 tua,
1131 3870 1603 3944 etprolapsionis
1619 3887 1743 3927 suae
1762 3871 2004 3943 culpam

348 3956 587 4014 ﬂetibus
613 3957 803 4016 diluat
827 3979 839 4019 :
871 3963 946 4026 et,
975 3959 1118 4032 quia
1137 3975 1246 4016 nos
1273 3959 1385 4016 ista
1411 3975 1516 4031 per
1532 3974 1645 4015 nos
1665 3959 1860 4016 facere
1881 3974 2006 4015 non

345 4047 616 4105 valemus
649 4066 661 4104 :
693 4065 801 4121 per
831 4053 886 4106 te
912 4049 974 4106 id
1014 4065 1192 4120 agere
1224 4048 1615 4106 conﬁdimus.
1657 4051 1794 4106 Ideo
1807 4049 2007 4122 posci-

348 4151 502 4202 mus,
531 4142 616 4205 ut,
645 4138 749 4210 qui
774 4138 992 4195 electos
1008 4137 1088 4195 ad
1108 4143 1161 4194 te
1195 4137 1471 4194 vocando
1499 4137 2009 4210 sanctiﬁcas,pec-

351 4232 577 4282 catores
591 4226 974 4285 coronandos
1000 4226 1364 4285 beatitudine
1385 4231 1606 4284 aeterna
1624 4225 1920 4286 sustollas.
1939 4238 2002 4298 BI.

353 4317 542 4372 Amen

427 4404 538 4460 Per
561 4405 1030 4462 misericordiam
1067 4410 1254 4473 tuam,
1289 4410 1400 4462 etc.

2189 3059 2255 3112 Et
2283 3072 2509 3129 ponam
2531 3055 2734 3111 locum
2759 3055 2985 3128 populo
3002 3072 3137 3113 meo
3167 3057 3367 3122 Israel,
3393 3061 3451 3114 et
3476 3057 3768 3130 plantabo

2118 3161 2278 3212 eum,
2301 3154 2355 3202 et
2378 3143 2672 3202 habitabit
2701 3144 2814 3203 sub
2852 3160 2944 3214 eo,
2967 3146 2988 3167 '
3009 3149 3067 3202 et
3084 3161 3208 3202 non
3230 3145 3586 3212 turbabitur,
3637 3162 3767 3204 am-

2117 3233 2271 3306 plius
2295 3251 2308 3288 :

2188 3325 2302 3379 Nec
2327 3321 2551 3379 addent
2576 3321 2682 3378 ﬁlii
2706 3322 3052 3394 iniquitatis,
3082 3326 3148 3380 ut
3175 3322 3597 3393 aﬂliganteum
3620 3324 3771 3381 sicut

2116 3412 2300 3484 prius,
2330 3411 2352 3432 "
2382 3426 2452 3465 ex
2482 3409 2576 3466 die
2601 3426 2726 3482 qua
2741 3411 3017 3468 constitui
3030 3410 3455 3484 judicessuper
3471 3411 3765 3484 populum

2115 3517 2320 3557 meum
2358 3499 2534 3555 Israel
2559 3518 2572 3555 :

2187 3592 2251 3644 Et
2279 3588 2547 3661 requiem
2573 3586 2733 3644 dabo
2764 3587 2872 3643 tibi
2903 3588 2981 3644 ab
3011 3589 3294 3645 omnibus
3319 3588 3576 3644 inimicis
3609 3591 3757 3646 tuis:

2185 3681 2203 3700 ‘
2218 3676 2603 3750 Preedicitque
2617 3676 2721 3734 tibi
2737 3677 3042 3742 Dominus,
3058 3678 3222 3751 quod
3235 3677 3489 3735 domum
3510 3677 3690 3736 faciat
3701 3678 3768 3735 ti-

2115 3767 2177 3823 hi
2209 3767 2516 3822 Dominus.

2187 3856 2453 3928 Cumque
2478 3854 2757 3926 completi
2778 3854 2996 3911 fuerint
3048 3854 3175 3911 dies
3195 3854 3298 3920 tui,
3331 3856 3352 3876 "
3380 3854 3766 3912 etdormieris

2116 3960 2254 4002 cum
2283 3943 2559 4016 patribus
2589 3943 2723 4007 tuis,

2189 4031 2495 4090 Suscitabo
2508 4047 2710 4089 semen
2727 4034 2896 4088 tuum
2913 4036 3048 4106 post
3060 4033 3304 4104 te,quod
3322 4032 3657 4105 egredietur
3694 4048 3771 4090 ex

2117 4126 2284 4179 utero
2315 4125 2438 4189 tuo,
2470 4124 2490 4144 ⁶
2520 4125 2576 4177 et
2594 4120 2852 4178 ﬁrmabo
2876 4136 3132 4191 regnum
3152 4122 3282 4192 ejus
3323 4140 3337 4178 :

2188 4215 2316 4284 Ipse
2341 4209 2658 4267 aediﬁcavit
2678 4209 2930 4266 domum
2943 4211 3172 4266 nomini
3185 4226 3343 4279 meo,
3363 4212 3378 4228 '
3391 4209 3768 4282 etjstahiliam

2114 4300 2398 4358 thronum
2436 4298 2604 4368 regni
2625 4299 2754 4370 ejus
2790 4298 2851 4354 in
2884 4299 3336 4371 sempiternum.

2186 4392 2306 4460 Ego
2337 4402 2438 4444 ero
2464 4387 2516 4443 ei
2533 4387 2596 4443 in
2633 4395 2888 4460 patrem,
2912 4390 2931 4411 ⁶
2968 4395 3023 4444 et
3074 4386 3206 4461 ipse
3258 4389 3368 4446 erit
3393 4388 3539 4445 mihi
3585 4389 3649 4446 in
3699 4388 3769 4444 ﬁ-

429 4460 1702 4562 AntiphonaéConﬁntamiminiDomino,et
1722 4496 1783 4552 in
1796 4499 2004 4567 poten-
2035 4460 2081 4515 Β
2116 4479 2293 4535 lium:

359 4583 443 4639 tia
468 4582 699 4640 virtutis
733 4584 863 4654 ejus
888 4599 996 4656 per
1019 4599 1262 4641 omnem
1295 4583 2003 4651 orationem,etobsecra-

360 4673 583 4728 tionem
613 4672 674 4728 in
690 4672 1025 4730 Adventum
1051 4675 1188 4730 Jesu
1201 4673 1413 4729 Christi
1445 4673 1680 4730 Domini
1707 4673 1913 4729 nostri.
1932 4672 1997 4733 Ψ.

362 4760 666 4819 Orieturin
679 4761 885 4818 diebus
897 4763 945 4834 ej
955 4779 1025 4819 us
1030 4763 1050 4834 j
1061 4763 1259 4819 ustitia
1269 4767 1326 4819 et
1337 4761 1704 4818 abundantia
1716 4759 2002 4834 pacis,do-

358 4863 470 4905 nec
493 4850 984 4908 extollaturluna.
1014 4853 1099 4911 P.
1135 4855 1240 4908 Per
1283 4867 1518 4908 omnem
1563 4852 1916 4907 orationem.
1939 4851 2004 4910 il.

359 4937 575 5007 Gloria,
608 4944 665 4996 et
679 4939 871 4996 honor
885 4941 1058 5007 Patri,
1073 4946 1182 4999 etc.
1196 4942 1372 4996 P.Per
1393 4955 1636 4996 omnem
1652 4939 2002 4997 orationem.

431 5028 651 5084 Oratio.
680 5031 791 5087 Fac
807 5045 935 5098 nos,
959 5031 1226 5098 Domine,
1236 5030 1413 5101 juste,
1448 5033 1505 5086 et
1535 5028 1752 5095 sobrie,
1771 5029 2006 5103 etpiein

355 5118 470 5175 hoc
482 5118 701 5175 szeculo
712 5119 932 5187 vivere,
943 5125 1002 5176 ut
1013 5123 1392 5191 expectantes
1403 5117 1820 5175 beatamillam
1838 5135 2008 5192 spem

355 5215 410 5264 et
439 5208 767 5265 adventum
791 5208 1071 5265 claritatis
1102 5207 1564 5276 magniﬁcentiae
1593 5211 1732 5275 tuae,
1781 5208 1864 5264 sic
1903 5223 2010 5281 per

359 5298 604 5355 semitas
616 5314 927 5355 curramus
939 5297 960 5368 j
971 5296 1280 5366 ustitite,{ut
1299 5297 1510 5354 merito
1522 5297 1801 5355 accedere
1819 5297 2009 5372 possi-

359 5402 496 5443 mus
521 5386 601 5445 ad
619 5392 904 5444 aeternam
929 5384 1334 5442 hereditatem.
1380 5397 1444 5456 ἢ.
1479 5391 1686 5443 Amen.

431 5480 536 5533 Per
573 5477 1048 5535 misericordiam
1089 5481 1277 5544 tuam,
1317 5478 1470 5534 Deus
1500 5481 1718 5550 noster,
1753 5482 1865 5535 etc.

435 5567 769 5636 Antiphona
797 5573 854 5626 3.
882 5566 1302 5637 Consolamini,
1319 5566 1737 5639 consolamini,
1755 5567 2011 5641 Populus

2189 4570 2255 4623 Et
2280 4564 2468 4622 ﬁdelis
2494 4565 2602 4622 erit
2617 4565 2835 4621 domus
2855 4568 2977 4634 tua,
3003 4569 3021 4590 ⁶
3038 4570 3544 4638 etregnumtuum
3569 4581 3769 4640 usque

2117 4657 2179 4713 in
2203 4663 2490 4712 aeternum
2519 4659 2657 4711 ante
2687 4654 2900 4711 faciem
2926 4659 3120 4711 tuam.

2188 4748 2255 4802 Et
2291 4744 2539 4800 thronus
2564 4747 2700 4800 tuus
2725 4744 2832 4801 erit
2865 4743 3245 4801 ﬁrmissimus
3270 4743 3508 4816 jugiter.

2189 4835 2258 4888 P.
2292 4831 2495 4889 Fidelis
2519 4832 2646 4888 erit.

2188 4923 2401 4989 Gloria,
2434 4927 2490 4979 et
2509 4923 2704 4980 honor
2742 4923 2914 4990 Patri,
2943 4930 3052 4980 etc.

2189 5015 2253 5069 Ρ.
2286 5015 2352 5068 Et
2377 5027 2632 5084 regnum
2657 5013 2812 5084 ejus.

2187 5119 2656 5177 Matutinarium.
2683 5119 3046 5189 Antiphona.
3075 5119 3286 5175 Emitte
3328 5118 3527 5176 lucem
3576 5121 3774 5187 tuam,

2120 5209 2388 5274 Domine,
2426 5209 2989 5266 etveritatemtuam.
3020 5208 3084 5269 ἵ.
3110 5211 3352 5281 Ipsame
3373 5208 3772 5274 deduxerunt,

2119 5302 2177 5356 et
2199 5298 2576 5356 adduxerunt
2597 5298 2659 5354 in
2681 5303 2951 5354 montem
2967 5302 3232 5355 sanctum
3265 5303 3461 5368 tuum,
3491 5303 3549 5353 et
3570 5297 3632 5352 in
3677 5299 3769 5352 ta-

2119 5387 2448 5445 hernacula
2472 5393 2600 5445 tua.
2629 5391 2692 5444 P.
2724 5387 2934 5445 Emitte
2974 5388 3192 5444 lucem.
3215 5387 3278 5450 )7.
3317 5387 3534 5458 Gloria,
3569 5387 3678 5458 12
3717 5391 3777 5443 et

2119 5478 2314 5539 honor
2342 5477 2515 5542 Patri,
2543 5481 2654 5536 etc.
2677 5478 2743 5534 P.
2775 5477 2986 5534 Emitte
3015 5476 3233 5534 lucem.

2192 5567 2425 5627 Lauda.
2458 5567 2718 5628 Laudato
2737 5566 3060 5628 Dominum
3089 5565 3152 5624 in
3168 5566 3389 5623 sanctis
3430 5565 3594 5641 ejus:
3623 5563 3777 5627 Alle-

4095 4855 4101 5054 1

4085 6073 4091 6173 l
