4118 6184
354 317 423 384 '61
493 395 502 404 ι
1603 309 2060 373 BREVIARIUM
2103 287 2500 371 GOTHICUM.
3711 301 3783 372 68

423 449 773 521 Antiphona
793 439 1744 510 2.Confortamini,pusillanimes:
1772 439 2002 497 confor-
2033 433 2081 491 A
2112 445 2178 496 ut
2208 453 2451 508 gregem
2475 437 2683 512 populi
2714 437 2824 494 sui.
2857 438 2931 494 P.
2965 433 3231 493 Salvabit
3254 449 3365 490 nos
3395 435 3706 494 Dominus.

354 540 582 611 tamini,
616 542 673 594 et
697 534 874 592 nolite
898 531 1099 587 timere
1119 549 1132 588 :
1155 543 1290 584 ecce
1313 530 1468 584 Deus
1484 533 1678 584 vester
1715 527 2003 583 ultionem

352 628 596 687 adducit
626 619 1048 681 retributionis.
1075 620 1157 675 P.
1189 617 1480 690 Deusipse
1513 617 1792 682 veniet,et
1807 615 2003 672 salvos

352 734 463 774 nos
483 715 672 772 faciet.
703 711 764 772 ἲν.
800 712 1019 766 Omnes
1041 711 1244 777 gentes
1273 705 1536 778 plaudite
1567 704 1842 761 manibus
1875 721 1887 758 :
1906 701 2004 774 ju-

352 805 533 862 bilate
567 805 683 858 Deo
710 800 770 856 in
792 813 934 854 voce
963 785 1435 852 exultationis.P.
1456 797 1599 850 Ecce
1618 797 1772 849 Deus
1790 795 1999 856 vester,

354 893 414 953 ἴ.
440 891 655 954 Gloria,
688 892 744 945 et
779 887 974 944 honor
995 881 1172 952 Patri,
1246 885 1302 939 et
1345 881 1505 954 Filio,
1552 886 1665 939 etc.
1726 883 1803 939 P.
1850 881 2004 937 Deus

354 997 500 1036 lDSB.

375 997 853 1136 psgratz'oSuper
870 1066 1141 1118 montem
1159 1045 1462 1114 Adventus
1481 1057 1560 1114 tui
1587 1057 1810 1128 gaudia
1830 1071 2005 1112 evan-

357 1159 676 1229 gelizantes
700 1148 1259 1214 ascendimus,dum
1279 1148 1340 1203 in
1358 1147 1667 1203 altitudine
1689 1151 1811 1212 tua,
1848 1144 2006 1200 Chri-

358 1253 465 1312 ste,
500 1244 601 1300 Dei
633 1240 831 1306 Filius,
862 1237 1095 1294 fundati
1125 1255 1138 1305 ;
1163 1253 1254 1303 ea,
1283 1252 1421 1309 quae.
1451 1236 1526 1292 de
1565 1240 1618 1292 te
1648 1251 1791 1291 vera
1847 1238 2004 1298 sunt,

356 1333 659 1390 credimus
684 1334 740 1386 et
765 1328 1041 1384 fatemur.
1069 1327 1319 1382 Oremus
1345 1340 1507 1396 ergo,
1535 1328 1617 1389 ut,
1653 1323 1756 1396 qui
1785 1322 1863 1380 ad
1927 1322 2004 1378 fa-

353 1421 633 1478 ciendum
650 1416 948 1489 judicium
970 1431 1034 1470 es
1088 1409 1404 1482 venturus,
1433 1429 1544 1470 nos
1591 1415 1794 1486 exples
1844 1415 1880 1468 a
1907 1411 2012 1467 cri-

352 1509 619 1567 minibus
648 1504 892 1562 nostris.
925 1508 1135 1560 Amen.

424 1602 529 1653 Per
571 1593 1067 1658 misericordiam,
1109 1597 1219 1648 etc.

421 1685 775 1753 Antiphona
802 1686 855 1738 3.
885 1684 1033 1736 Ecce
1063 1696 1174 1750 ego
1191 1679 1430 1736 mittam
1450 1675 1623 1735 vobis
1646 1679 1834 1735 Eliam
1875 1680 2012 1734 Pro-

2183 527 2460 594 Gloria,et
2488 527 2683 584 honor
2697 526 2870 594 Patri,
2907 529 2964 583 et
2988 523 3216 590 Filio,et
3264 523 3501 596 Spiritui
3535 527 3777 610 Sancto.

2182 617 2340 673 Sicut
2361 620 2504 684 erat,
2541 623 2652 674 etc.

2181 704 2246 759 P.
2281 703 2549 762 Salvabit
2573 721 2713 763 nos.
2787 775 2792 778 _

2179 794 2655 851 Matutinarium.
2686 792 3042 865 Antiphona.
3077 787 3384 848 llluminas
3405 781 3774 854 tumirabilis

2111 898 2148 939 a
2173 883 2476 940 montibus
2497 883 2731 941 aeternis
2756 899 2769 939 :
2797 881 3016 939 turbati
3035 897 3246 936 sumus
3263 896 3476 938 omnes
3492 881 3774 956 insipien-

2110 975 2198 1027 tes
2216 971 2495 1033 corde.Y.
2524 975 2708 1029 Notus
2755 972 2818 1028 in
2865 970 3075 1026 Iudaea
3119 969 3381 1025 Deuszin
3434 972 3612 1028 lsrael
3641 989 3773 1030 ma-

2113 1074 2302 1128 gnum
2327 1075 2550 1115 nomen
2577 1061 2725 1132 ejus.
2759 1062 2821 1115 P.
2856 1058 3166 1114 llluminas
3186 1062 3248 1114 tu
3309 1057 3419 1130 14
3461 1060 3770 1119 ωἱινεώϋίεο

2112 1146 2178 1209 ἲν.
2219 1146 2435 1213 Gloria,
2469 1154 2525 1204 et
2548 1149 2740 1205 honor
2766 1147 2939 1205 Patri.
2967 1147 3035 1202 P.
3064 1145 3372 1202 llluminas
3415 1154 3496 1203 tu.

2187 1237 2684 1294 Lauda.Laudate
2701 1237 3019 1294 Dominum
3041 1237 3105 1291 in
3122 1237 3343 1292 sanctis
3357 1237 3772 1306 ejuszalleluia,

2117 1324 2371 1381 alleluia.
2409 1325 2673 1383 Laudate
2695 1342 2835 1382 eum
2871 1325 2936 1382 in
2958 1324 3340 1382 ﬁrmamento
3368 1326 3597 1382 virtutis
3616 1326 3769 1398 ejus,

2119 1412 2372 1472 alleluia.
2393 1415 2660 1473 Psalmus
2685 1431 2773 1472 CL.

2189 1504 2533 1573 Prophetia.
2567 1504 2688 1574 Fili,
2719 1503 2824 1575 qui
2851 1503 3018 1559 audit
3041 1518 3158 1571 me,
3192 1517 3315 1558 non
3353 1501 3766 1568 confundetur,

2117 1592 2376 1663 Require
2406 1599 2566 1650 retro
2589 1594 2699 1662 fol.
2729 1599 2782 1648 7.
2809 1593 3229 1664 Hymnus.Vox
3259 1590 3418 1647 clara
3444 1607 3576 1648 ecce
3626 1591 3776 1648 into-

2118 1682 2502 1752 nat.Require
2527 1683 2590 1737 in
2632 1671 2896 1752 Vesperis
2925 1684 2958 1737 4
2973 1679 3133 1749 feria
3151 1680 3358 1749 fol.t2.
3385 1681 3772 1750 Supplicatio.

350 1773 688 1847 phetam.P.
719 1773 1058 1841 Antequam
1086 1768 1290 1824 veniat
1313 1767 1439 1824 dies
1470 1766 1706 1824 Domini
1726 1782 2007 1835 magnus,
2042 1783 2086 1840 Β
2121 1771 2368 1825 Oremus
2394 1768 2854 1842 Redemptorem
2897 1768 3109 1825 mundi
3144 1768 3466 1825 Dominum
3505 1774 3774 1826 nostrum

349 1863 410 1924 ἲν.
456 1861 664 1917 Audite
686 1857 837 1926 haec,
869 1873 1080 1914 omnes
1121 1861 1366 1927 gentes:
1408 1855 1658 1913 auribus
1703 1855 2008 1928 percipite,

350 1949 449 2023 qui
467 1945 747 2005 habitatis
772 1946 1000 2002 orbem.
1023 1936 1095 2000 P.
1119 1947 1455 2017 Antequam
1492 1941 1710 2001 veniat.
1757 1943 1817 2005 π’.
1886 1941 2014 2000 Glo-

353 2039 528 2108 ria,et
549 2035 743 2092 honor
777 2033 955 2091 Patri.
985 2033 1051 2089 P.
1080 2037 1442 2107 Antequam.

430 2127 652 2183 Oratio.
687 2127 840 2180 Deus
875 2123 1045 2178 Pater
1081 2122 1746 2196 omnipotens.Require
1764 2124 1918 2178 retro
1948 2123 2011 2177 in

356 2216 610 2284 vesperis
637 2211 1100 2283 praecedentibus
1130 2211 1202 2265 de
1237 2213 1271 2264 4
1299 2211 1480 2279 feria,
1506 2209 1626 2279 fol.
1695 2214 1779 2265 12.

428 2316 492 2374 ἢ.
526 2300 1063 2359 Consolabiturnos
1077 2298 1365 2354 Dominus
1395 2295 1550 2354 Deus
1589 2302 1811 2354 noster.
1843 2297 1908 2354 P.
1950 2299 2016 2354 Et

353 2390 627 2449 ostendet
646 2385 1120 2444 misericordiam
1143 2402 1323 2458 super
1347 2402 1487 2446 nos:
1518 2402 1642 2442 non
1657 2386 1818 2442 enim
1841 2385 2016 2442 dere-

352 2481 583 2553 linquet
611 2493 725 2534 nos
765 2476 827 2531 in
845 2476 1053 2532 ﬁnem.
1078 2473 1142 2536 v.
1185 2475 1334 2530 Ecce
1367 2475 1653 2530 Dominus
1702 2475 1762 2530 in
1815 2472 2016 2530 medio

353 2567 537 2626 nostri
558 2564 768 2630 veniet,
801 2564 976 2636 quasi
998 2579 1113 2628 ros,
1181 2567 1235 2620 et
1257 2563 1410 2619 sicut
1457 2562 1625 2619 stillas
1673 2578 1853 2636 super
1886 2562 2018 2618 her-

351 2658 517 2727 bam,
550 2660 753 2711 etnon
796 2653 1076 2709 immittet
1139 2651 1295 2708 ultra
1341 2652 1604 2708 furorem
1660 2667 1873 2717 suum;
1910 2650 2017 2706 sed

349 2741 696 2809 revertetur,
731 2745 787 2797 et
816 2739 1196 2796 miserebitur
1247 2739 1446 2797 nobis.
1493 2743 1560 2796 P.
1609 2733 1675 2795 Et
1722 2738 2014 2798 ostendet.

349 2832 412 2893 γ.
445 2829 658 2895 Gloria,
715 2833 770 2886 et
833 2829 1049 2886 honor.
1107 2827 1445 2884 Reiteretur
1495 2838 1558 2898 ﬁt.
1602 2827 2016 2886 Consolabitur

351 2937 488 2978 nos.

963 2997 1036 3063 In
1067 3006 1404 3064 Laudibus.

2118 1859 2324 1914 Jesum
2356 1858 2671 1914 Christum.
2694 1859 2946 1930 Require
2962 1857 3077 1926 fol.
3120 1859 3172 1911 2.

2194 1947 2494 2016 Capitula.
2514 1947 2765 2004 Domine
2793 1946 3100 2016 virtutum,
3140 1946 3440 2019 orationes
3467 1962 3775 2003 servorum

2120 2039 2360 2092 tuorum
2395 2035 2666 2108 placatus
2691 2033 2913 2108 acci‘pe,
2947 2032 3162 2107 etquid
3178 2050 3288 2090 nos
3320 2050 3489 2091 orare
3521 2039 3772 2108 oportet,

2121 2125 2369 2195 dignare
2381 2130 2964 2197 monstrarezeosque
2983 2122 3322 2180 aeternitatis
3337 2122 3469 2180 cibo
3484 2123 3772 2196 contorta,

2122 2231 2274 2287 quos
2291 2215 2467 2287 panis
2489 2213 2940 2286 lachrymarum
2961 2212 3298 2269 conturbat:
3320 2216 3377 2268 et
3393 2219 3516 2269 tam
3535 2213 3778 2271 misera-

2121 2301 2227 2359 bili
2269 2295 2408 2359 tletu
2425 2303 2666 2360 ﬂumina
2682 2302 3131 2375 lachrymarum
3151 2299 3778 2372 oculifluant,utmise-

2121 2391 2424 2448 rationum
2446 2396 2683 2448 tuarum
2695 2391 2933 2462 copiam
2949 2388 3295 2446 criminibus
3307 2388 3463 2445 elisis
3475 2388 3554 2444 im
3563 2389 3778 2462 plecta-

2123 2495 2289 2535 mur:
2323 2479 2545 2552 quique
2564 2478 2974 2552 Redemptoris
2998 2476 3185 2535 nostri
3227 2477 3567 2534 Adventum
3599 2495 3776 2551 pave-

2123 2585 2283 2635 mus,
2325 2569 2454 2639 ejus
2483 2568 2808 2641 gloriosum
2835 2569 3224 2639 conspectum
3247 2567 3379 2640 ipso
3419 2567 3777 2626 adveniente

2124 2657 2580 2730 pacatissimum
2610 2656 3105 2730 contemplemur.

2194 2748 2361 2803 Pater
2380 2751 2602 2802 noster.

2192 2840 2240 2890 A
2267 2835 2429 2892 malo
2459 2850 2570 2891 nos
2597 2833 2810 2892 libera.
2840 2835 3096 2905 Require
3119 2836 3236 2905 fol.
3270 2839 3350 2890 lO.

2192 2923 2419 2980 Lauda.
2444 2925 2598 2979 Deus
2633 2921 2948 2980 manifeste
2968 2923 3179 2979 veniet.
3201 2924 3314 2992 fol.
3343 2923 3771 2981 8.Benediclt'o.

2120 3012 2480 3086 Redemptor
2507 3016 2709 3069 noster
2725 3013 2782 3068 et
2804 3011 3110 3068 Dominus.
3131 3012 3235 3084 fol.
3268 3017 3350 3070 12.

424 3101 516 3159 Ad
548 3083 1540 3193 Canticum:.AatzjohouaSalvabit
1567 3085 2011 3193 nos-Dominus
2045 3134 2086 3193 ρ
2189 3102 2253 3158 1n
2282 3083 2526 3159 nomine
2558 3100 2813 3158 Domini.
2849 3113 2916 3193 ῆς.
2963 3103 3081 3193 Deo
3107 3083 3344 3174 gratias.

358 3191 511 3248 Deus
527 3195 730 3248 noster
753 3188 816 3245 in
842 3187 937 3243 die
965 3186 1065 3243 illa
1090 3203 1104 3252 ;
1137 3191 1199 3242 ut
1228 3201 1470 3256 gregem
1510 3185 1721 3258 populi
1755 3185 1865 3244 sui.

782 3275 1087 3335 Canticum
1126 3273 1411 3347 (Zachar.
1466 3276 1568 3345 1x).

427 3368 636 3425 Exulta
657 3365 800 3423 satis
813 3364 937 3421 tilia
959 3364 1116 3430 Sion,
1143 3365 1165 3386 *
1189 3362 1387 3435 jubila
1416 3363 1812 3433 Hierusalem;

425 3459 572 3514 Ecce
595 3457 716 3513 Rex
746 3459 882 3512 tuus
909 3452 1108 3509 veniet
1137 3449 1242 3508 tibi
1265 3453 1284 3473 '
1303 3453 1524 3524 justus,
1556 3457 1612 3509 et
1640 3452 1936 3511 salvator:

424 3550 556 3618 lpse
579 3561 830 3617 pauper,
853 3541 1190 3600 ascendens
1219 3557 1402 3614 super
1423 3541 1676 3612 asinam,
1703 3543 1723 3565 '
1749 3547 1805 3601 et
1839 3558 2012 3615 super

354 3633 590 3706 pullum
618 3631 810 3688 ﬁlium
841 3632 1047 3687 asinae.

426 3724 492 3778 Et
520 3720 872 3793 disperdam
892 3717 1256 3792 quadrigam
1280 3719 1678 3794 Ephraim,'et
1696 3735 1919 3794 equum
1935 3719 2009 3777 de

355 3808 741 3868 Hierusalem.

425 3910 492 3964 Et
520 3903 914 3979 dissipabitur
943 3919 1118 3962 arcus
1172 3902 1338 3962 belli:
1362 3891 1382 3931 ⁴
1409 3909 1467 3964 et
1493 3905 1771 3980 loquetur
1795 3922 2010 3980 pacem

357 3993 658 4066 gentibus.

425 4087 492 4141 Et
519 4087 786 4158 potestas
812 4083 940 4154 ejus
972 4098 1009 4141 a
1065 4082 1220 4139 mari
1252 4098 1444 4156 usque
1473 4081 1552 4141 ad
1602 4099 1804 4155 mare;
1833 4077 1852 4106 ⁴
1888 4088 1944 4142 et
1972 4099 2009 4142 a

351 4167 707 4230 ﬂuminibus
728 4167 918 4245 usque
937 4171 1015 4228 ad
1043 4170 1195 4228 ﬁnes
1227 4176 1413 4228 terras.

421 4265 506 4318 Tu
544 4277 785 4335 quoque
829 4260 892 4316 in
929 4259 1220 4336 sanguine
1272 4261 1608 4318 testamenti
1641 4262 1725 4319 tui
1755 4262 2010 4321 emisisti

354 4349 582 4408 vinctos
609 4355 743 4407 tuos
770 4347 843 4405 de
864 4347 1019 4420 lacu,
1053 4349 1067 4366 '
1088 4347 1150 4405 in
1189 4365 1311 4422 quo
1341 4366 1466 4407 non
1495 4355 1584 4407 est
1644 4367 1826 4424 aqua.

2188 3193 2324 3250 Fiat
2357 3193 2830 3249 commemoratio
2861 3192 2973 3262 fol.
3009 3192 3057 3247 1.

2120 3285 2187 3338 ιΝ
2217 3283 2535 3340 SECUNDO
2584 3269 2926 3338 DOMINICO
2983 3282 3073 3336 DE
3117 3281 3448 3337 AVENTUA
3497 3282 3764 3340 DOMlNl.

2721 3369 2818 3425 Ad
2855 3370 3154 3439 Vesperas.

2189 3460 2418 3518 Lauda.
2446 3460 2494 3514 A
2517 3459 2660 3516 solis
2689 3463 2824 3515 ortu
2843 3473 3056 3532 usque.
3106 3458 3333 3517 Oratio.
3371 3460 3547 3528 Deus,
3607 3459 3781 3532 cujus

2116 3563 2362 3606 nomen.
2393 3548 2650 3620 Bequire
2674 3549 2787 3618 fol.
2817 3549 2878 3605 1.

2187 3637 2637 3696 Sono.Alleluia.
2671 3635 3028 3693 Gaudebunt
3052 3636 3272 3708 campi,
3303 3640 3360 3693 et
3382 3635 3605 3704 omnia,
3638 3653 3780 3709 quae

2116 3728 2180 3784 in
2206 3727 2293 3784 eis
2321 3731 2479 3783 sunt.
2514 3728 2673 3782 Tunc
2697 3723 3066 3782 exulbabunt
3095 3724 3473 3795 omnialigna
3495 3724 3785 3782 silvarum

2118 3821 2254 3875 ante
2276 3816 2491 3873 faciem
2511 3815 2768 3872 Domini.
2817 3814 2883 3870 P.
2946 3815 3241 3879 Quoniam
3274 3815 3436 3871 venit
3469 3813 3772 3872 :alleluia.

2115 3905 2176 3969 ἲν.
2221 3908 2460 3962 Cantate
2483 3903 2738 3961 Domino
2773 3903 3072 3960 canticum
3102 3919 3328 3960 novum
3357 3909 3626 3976 :cantate
3661 3906 3782 3961 Do-

2115 3994 2283 4053 mino
2301 3993 2501 4051 omnis
2525 3998 2706 4050 terra.
2748 3991 2979 4048 Psallite
3002 3993 3141 4060 Deo,
3183 3997 3239 4049 et
3290 3991 3619 4050 benedicite
3674 4008 3784 4049 no-

2115 4100 2257 4141 men
2287 4084 2418 4155 ejus
2439 4100 2454 4140 :
2475 4083 2839 4140 annunciate
2873 4081 3027 4137 inter
3055 4085 3260 4154 gentes
3313 4081 3568 4155 gloriam
3623 4082 3781 4154 ejus.

2115 4173 2183 4231 P.
2216 4173 2512 4240 Quoniam
2535 4171 2696 4228 venit
2721 4187 2732 4227 :
2758 4169 3021 4228 alleluia.

2185 4261 2363 4316 Dicat
2396 4260 3042 4332 Presbyter.Dominus
3059 4259 3132 4317 sit
3150 4275 3407 4333 semper.
3433 4272 3493 4331 [tu
3527 4262 3782 4317 Etcum.

2186 4350 2711 4420 AntiphonaEcce
2741 4348 3110 4406 revelabitur
3139 4348 3333 4422 gloria
3375 4349 3615 4406 Domini
3636 4351 3784 4406 Gen-

423 4439 844 4499 Convertimini
875 4435 953 4497 ad
973 4438 1369 4496 munitionem
1401 4439 1582 4498 vincti
1603 4443 1732 4513 spei
1752 4442 1799 4509 ;'
1827 4440 2010 4501 hodie
2043 4493 2086 4513 n
2117 4437 2453 4497 tibus.P.Et
2479 4437 2702 4495 videbit
2726 4437 2926 4494 omnis
2946 4437 3278 4512 caro,quod
3291 4455 3360 4495 os
3375 4438 3788 4497 Dominilocu—

350 4545 592 4602 quoque
622 4527 1001 4586 adnuncians
1026 4521 1292 4602 duplicia
1319 4528 1572 4586 reddam
1632 4527 1758 4586 tibi.

423 4617 723 4685 Quoniam
754 4616 1019 4674 extendit
1045 4616 1194 4673 mihi
1217 4615 1436 4674 Judam
1465 4617 1636 4690 quasi
1665 4619 2009 4686 arcum,im-

347 4705 502 4780 plevi
526 4707 841 4779 Ephraim:
867 4704 884 4724 ‘
913 4709 969 4764 et
998 4703 1304 4764 suscitabo
1329 4705 1486 4764 ﬁlios
1509 4709 1643 4764 tuos
1669 4705 1809 4765 Sion
1830 4722 2009 4779 super

348 4794 503 4854 ﬁlios
529 4799 663 4854 tuos
691 4795 915 4854 Graecia
947 4817 960 4851 :

421 4886 490 4941 Et
509 4901 735 4958 ponam
765 4890 821 4942 te
843 4885 1024 4958 quasi
1050 4885 1322 4957 gladium
1348 4884 1615 4944 fortium.
1647 4885 1662 4906 '
1685 4887 1753 4944 Et
1807 4885 2004 4944 Domi-

348 4983 465 5030 nus
495 4975 649 5030 Deus
680 4991 858 5047 super
897 4991 1002 5031 eos
1023 4973 1322 5032 videbitur
1364 4993 1377 5044 ;

420 5055 488 5119 Et
520 5062 701 5120 exibit
733 5068 798 5121 ut
819 5061 1036 5136 fulgur,
1078 5063 1356 5136 jaculum
1381 5063 1579 5135 ejusz'
1602 5066 1659 5120 et
1717 5063 2006 5121 Dominus

347 5151 505 5210 Deus
527 5152 589 5209 in
617 5151 764 5210 tuba
793 5158 980 5219 canet,
1011 5157 1066 5211 et
1103 5153 1354 5211 vadetin
1388 5151 1622 5209 turbine
1643 5153 1864 5212 Austri.

416 5241 707 5300 Dominus
728 5243 1093 5300 exercituum
1120 5244 1391 5316 proteget
1413 5257 1544 5298 eos:
1569 5241 2008 5303 etdevorabunt

346 5333 485 5400 te,et
506 5332 826 5405 subjicient
849 5331 1152 5405 lapidibus
1177 5329 1380 5386 fundae
1410 5348 1430 5398 ,°
1459 5332 1475 5348 '
1505 5333 1562 5387 et
1588 5330 1863 5390 bibentes
1876 5333 2004 5391 ine-

341 5415 723 5490 briabuntur,
767 5421 937 5495 quasi
962 5437 998 5480 a
1023 5419 1164 5478 vino
1193 5423 1252 5478 et
1269 5417 1660 5493 replebuntur
1672 5426 1737 5481 ut
1762 5421 2001 5496 phialae,

347 5511 404 5567 et
429 5507 605 5581 quasi
625 5528 816 5568 cornu
842 5509 1069 5576 altaris.

419 5569 489 5658 Et
510 5597 770 5663 salvabit
790 5606 894 5664 eos
922 5569 1214 5664 Dominus
1246 5577 1403 5662 Deus
1425 5616 1637 5665 eorum
1763 5599 1860 5666 die
1878 5599 2000 5678 illa,

2040 4493 2088 4550 D

2116 4532 2247 4586 tum
2273 4533 2383 4586 est.
2404 4527 2466 4590 tl.
2499 4531 2654 4585 Deus
2691 4527 3005 4586 manifeste
3033 4529 3244 4594 veniet,
3274 4532 3328 4585 et
3349 4531 3506 4585 Deus
3553 4535 3778 4600 noster,
3895 4543 3905 4553 ‘

2116 4622 2174 4675 et
2199 4633 2324 4675 non
2346 4615 2560 4674 silebit.
2592 4617 2657 4674 P.
2698 4620 2765 4676 Et
2793 4617 3039 4676 videbit.
3069 4618 3139 4678 Ρ.
3157 4617 3352 4678 Gloria
3375 4622 3432 4676 et
3459 4617 3654 4677 honor
3669 4621 3785 4679 Pa-

2117 4705 2210 4764 tri.
2234 4706 2296 4768 ἵ.
2339 4709 2404 4763 Et
2425 4705 2668 4764 videbit.

2186 4795 2714 4853 Lauda.Dominus
2747 4795 2910 4852 enim
2939 4793 3112 4854 dabit
3129 4793 3785 4855 benedictionem:alle«

2113 4883 2256 4943 luia.
2286 4887 2351 4940 P.
2393 4887 2458 4940 Et
2483 4888 2638 4942 terra
2654 4888 2859 4941 nostra
2877 4882 3047 4942 dabit
3097 4883 3358 4942 fructum
3399 4901 3612 4942 suum:
3637 4885 3785 4944 alie.

2112 4973 2256 5043 luia,
2289 4973 2550 5032 alleluia.
2572 4973 2634 5037 γ.
2667 4977 3089 5032 Verumtamen
3121 4991 3304 5049 prope
3326 4975 3601 5034 timentes
3635 4993 3782 5033 eum

2115 5063 2376 5122 salutare
2404 5063 2620 5136 ipsius,
2643 5068 2708 5121 ut
2735 5059 3023 5121 inhabitet
3042 5063 3105 5120 in
3135 5068 3290 5122 terra
3331 5069 3557 5123 nostra.
3610 5065 3678 5122 P.
3712 5068 3784 5123 Et

2113 5159 2292 5214 terra.
2319 5154 2382 5216 ἲν.
2425 5153 2638 5221 Gloria,
2671 5158 2729 5210 et
2755 5153 2950 5210 honor
2981 5151 3166 5211 Patri.
3207 5155 3294 5213 P.
3335 5157 3402 5212 Et
3431 5158 3608 5213 terra.

2181 5245 2482 5316 Hymnus.
2497 5242 2708 5300 Christi
2728 5241 3648 5312 caterva.Supplicatio.Oremus
3662 5246 3780 5304 Re-

2111 5333 2493 5406 demptorem
2519 5332 2749 5390 mundi.
2779 5334 3036 5405 Require
3055 5339 3214 5390 retro
3229 5333 3340 5402 fol.
3380 5337 3398 5389 ι
3465 5338 3520 5390 et
3548 5337 3602 5390 2.
3662 5333 3780 5392 Ca-

2103 5419 2324 5492 pitula.
2348 5423 2524 5490 Deus,
2548 5420 2641 5477 cui
2672 5420 2871 5479 omnis
2909 5424 3087 5478 terra.
3125 5419 3460 5494 Quaerefol.
3488 5425 3574 5479 12.
3598 5423 3778 5481 Pater

2109 5515 2337 5574 noster.
2369 5511 2624 5570 Liberati
2663 5509 2905 5569 amalo.
2943 5511 3064 5581 fol.
3104 5514 3157 5567 2.

2195 5599 2845 5673 Benedictio.Deus,Dei
2867 5595 3075 5662 Patris.
3107 5589 3313 5673 Filius,
3353 5595 3619 5675 duiolim
3631 5604 3780 5665 Pro~
