4118 6184
223 302 295 361 69
1365 286 1720 350 DOMINICA
1757 258 1808 348 II
1846 280 2217 348 ADVENTUS
2256 290 2534 349 DOMINI.
3575 293 3650 348 7o

218 428 543 501 phetarum
576 404 862 479 vaticinio
894 418 957 473 in
977 431 1157 473 carne
1177 417 1500 489 prmdictus
1527 434 1592 477 es
1621 417 1885 475 nascitu-
1918 417 1963 471 A
1997 416 2313 477 virtutum:
2344 421 2621 474 converte
2645 433 2777 486 nos,
2811 420 2868 475 et
2895 416 3141 473 ostende
3162 416 3375 473 faciem
3394 419 3652 482 tuam,et

216 531 341 581 rus,
368 508 761 569 nascentiain
780 521 891 563 nos
906 506 1195 561 virtutum
1214 506 1586 563 corrobores.
1612 518 1674 577 Βί.
1702 511 1890 562 Amen
1999 504 2141 562 salvi
2160 505 2382 562 erimus
2414 524 2427 562 :
2452 522 2574 578 quo
2595 507 2918 578 praebente,
2943 507 3140 576 dignas
3161 505 3521 578 paenitentia:
3546 504 3654 562 do-

221 605 503 674 Quosque
522 595 816 670 mysterio
846 592 1278 651 incarnationis
1300 610 1423 651 suae
1445 594 1754 666 adoptavit
1775 592 1891 649 sibi
1998 609 2078 649 no
2094 594 2410 666 puriﬁcati,
2441 595 2505 652 in
2561 600 2662 654 tuo
2691 612 3030 655 mercamur
3055 595 3264 653 adesse
3304 594 3549 667 judicio.
3584 604 3650 667 ne.

220 693 281 747 in
310 690 490 759 ﬁlios,
513 702 641 745 non
661 685 927 759 patiatur
946 698 1295 755 quosquam
1317 699 1354 739 a
1374 699 1436 739 se
1463 682 1615 739 efﬁci
1638 682 1886 739 alienos.
2000 684 2208 738 Amen.

223 792 292 851 ﬁ.
324 784 525 835 Amen.
564 777 631 831 Ut
654 773 971 844 gaudium,
994 770 1160 842 quod
1177 770 1502 842 aliquando
1529 771 1603 827 de
1621 771 1751 842 ejus
1772 770 1893 825 ﬁde

228 868 547 929 sumimus,
568 880 676 937 per
690 861 1123 919 exhibitionem
1148 876 1402 930 operum
1417 860 1719 917 bonorum
1744 859 1895 914 mul-

230 956 487 1029 tiplicius
512 952 917 1008 cumulemus.
960 960 1024 1018 Iv.
1058 957 1265 1003 Amen.
1290 951 1394 1003 Per
1419 948 1894 1005 misericordiam

298 1044 540 1101 Lauda.
578 1045 736 1113 Deus
763 1054 1059 1108 summus,
1113 1036 1387 1093 terribilis
1421 1052 1601 1108 super
1649 1052 1893 1092 omnem

228 1140 453 1190 terram
479 1149 491 1187 :
516 1129 777 1186 alleluia.
802 1128 877 1185 P.
911 1125 1177 1197 Subjecit
1193 1125 1453 1197 populos
1468 1125 1662 1192 nobis,
1683 1129 1739 1180 et
1754 1139 1895 1194 gen—

226 1229 316 1283 tes
352 1221 471 1278 sub
501 1219 759 1294 pedibus
801 1217 1038 1273 nostris.
1072 1216 1147 1287 P.
1184 1214 1896 1286 Elegitnoshereditatem

226 1312 372 1383 sibi,
397 1316 588 1383 quam
612 1307 841 1364 dilexit:
864 1305 1120 1371 alleluia,
1143 1305 1405 1373 alleluia.
1436 1304 1497 1363 Ψ.
1521 1306 1740 1361 Omnes
1758 1319 1897 1374 gen-

229 1408 344 1473 tes,
374 1398 643 1473 plaudite
658 1396 958 1454 manibus:
984 1394 1230 1466 jnbilate
1258 1397 1376 1450 Deo
1405 1393 1466 1448 in
1496 1409 1643 1450 voce
1669 1392 1896 1449 exulta-

228 1489 437 1545 tionis.
484 1488 550 1542 P.
588 1485 841 1557 Subjecit
876 1483 1155 1557 populos.
1212 1483 1277 1546 γ.
1336 1481 1551 1549 Gloria,
1606 1486 1661 1545 et
1705 1482 1899 1537 honor

220 1577 413 1635 Patri.
446 1577 512 1631 P.
549 1575 731 1648 Elegit
757 1589 869 1630 nos

302 1666 537 1722 Oratio.
576 1666 751 1729 Deus,
784 1661 891 1734 qui
928 1660 1243 1717 manifeste
1273 1659 1808 1727 venturus.Qua°re
1835 1659 1898 1714 in

222 1755 553 1814 Matutim's
596 1751 975 1823 sequentibus

771 1841 857 1896 Ad
873 1839 1269 1905 Matutinum.‘

304 1935 600 2005 Hymnus.
639 1934 871 1987 Eterne
894 1944 1095 1985 rerum
1126 1927 1418 1986 conditor.
1442 1928 1556 1997 fol.
1593 1931 1635 1983 3

306 2022 852 2079 Oratio./Eternum
868 2023 925 2074 te
942 2017 1609 2089 Dominum,rerumque
1625 2015 1899 2073 omnium

228 2110 633 2176 conditorem,
664 2112 1020 2177 cunctorum
1058 2122 1172 2162 vox
1199 2106 1358 2163 canit
1385 2105 1673 2179 ﬁdelium,
1717 2106 1813 2176 qui
1846 2110 1902 2161 et

228 2207 432 2259 certos
457 2205 801 2271 temporum
819 2196 1037 2252 limites
1059 2194 1195 2265 ﬁgis
1222 2199 1279 2250 et
1305 2194 1748 2266 metas,quibus
1778 2209 1900 2250 nox

228 2294 606 2353 secernatur,
629 2293 687 2343 et
714 2287 864 2353 dies,
888 2290 1108 2342 aeterna
1130 2284 1259 2354 lege
1281 2283 1606 2340 constituis.
1626 2281 1897 2354 Abyssus

229 2380 458 2439 etenim
490 2376 800 2449 sapientiae
841 2380 972 2447 tum,
1016 2378 1080 2431 ut
1112 2372 1453 2430 mortalium
1488 2372 1711 2429 levaret
1738 2372 1897 2429 fasti-

228 2470 429 2533 dium,
456 2465 630 2523 aliud
661 2464 855 2521 labori
886 2463 1191 2535 concessit,
1212 2461 1377 2519 aliud
1405 2460 1588 2533 quieti
1617 2462 1895 2518 servavit.

230 2558 462 2614 Prtesta
488 2570 654 2625 ergo,
683 2553 1063 2625 omnipotens
1089 2552 1263 2621 Deus,
1298 2555 1361 2606 ut
1388 2565 1563 2605 mens
1614 2565 1777 2620 aegra
1808 2565 1900 2607 so-

232 2662 403 2720 pore,
427 2644 576 2700 dum
605 2642 766 2713 gallo
798 2646 1043 2699 canente
1069 2639 1449 2709 admonetur,
1477 2638 1753 2705 alacriter
1774 2655 1902 2695 cur-

234 2752 373 2793 rens
402 2736 483 2791 ad
508 2750 677 2806 spem
697 2731 903 2789 redeat
921 2731 1087 2795 lucis,
1109 2736 1164 2785 et
1188 2727 1484 2801 primitias
1510 2728 1709 2785 diurni
1736 2728 1900 2787 labo-

238 2834 320 2890 ris
342 2833 407 2889 in
434 2832 553 2888 tuis
576 2846 818 2902 semper
844 2828 1153 2901 impendat
1179 2826 1409 2884 ofﬁciis.
1439 2837 1505 2897 Ir.
1535 2829 1751 2882 Amen.

316 2926 423 2977 Per
462 2919 943 2977 misericordiam

321 3010 692 3079 Antiphona.
743 3008 900 3064 Multi
940 3005 1146 3061 dicunt
1176 3003 1393 3061 animae
1430 3018 1584 3060 meae
1616 3019 1629 3059 :
1673 3004 1908 3059 Nonest

247 3100 414 3157 salus
442 3101 565 3171 ipsi
599 3097 659 3153 in
684 3099 805 3153 Deo
834 3096 982 3168 ejus.
1016 3095 1297 3155 Psalmus
1324 3108 1407 3150 in.

315 3187 685 3256 Antiphona.
716 3184 972 3242 Lavabis
990 3198 1085 3240 me
1115 3183 1193 3240 ab
1208 3180 1826 3254 iniquitate.Psalmus
1854 3198 1905 3239 ι..

313 3276 693 3346 Amip/wna.
727 3274 997 3330 Exaltare
1014 3286 1197 3344 super
1225 3270 1428 3336 caelos,
1459 3273 1633 3337 Deus,
1662 3274 1909 3342 etsuper

240 3383 497 3425 omnem
528 3370 771 3433 terram,
793 3362 1049 3434 gloriam
1078 3366 1265 3417 tuam.
1300 3360 1573 3421 Psalmus
1602 3375 1719 3416 LVi.
1890 3414 1895 3434 5

313 3457 525 3516 Oratio
538 3498 551 3511 .
567 3451 1033 3510 Clementissime
1050 3450 1319 3515 Domine,
1362 3447 1470 3520 qui
1485 3463 1549 3504 es
1562 3447 1906 3506 animarum

243 3549 540 3619 perpetua
562 3542 812 3607 salus,et
827 3539 1029 3597 valida
1048 3538 1335 3595 debilium
1354 3537 1565 3603 virtus;
1583 3536 1772 3594 libera
1796 3553 1908 3595 nos

242 3638 319 3693 de
340 3635 486 3691 viris
514 3633 967 3703 sanguinum,et
986 3646 1024 3687 a
1054 3628 1181 3686 telis
1206 3628 1471 3686 hostium
1500 3626 1757 3684 defende
1789 3627 1910 3700 cly-

241 3740 361 3797 peo
387 3729 524 3780 tuo:
550 3720 911 3779 mittenobis
928 3719 1003 3777 de
1025 3718 1190 3777 caelis
1214 3717 1503 3774 invictum
1530 3715 1913 3790 auxilium,“

244 3813 668 3873 couculcantes
694 3825 813 3868 nos
826 3808 1031 3879 redige
1054 3809 1117 3864 in
1136 3805 1534 3880 opprobrium
1562 3821 1575 3861 :
1607 3809 1913 3877 quatenus

251 3904 295 3975 ι
310 3904 363 3977 5
393 3902 481 3959 ad
504 3901 777 3959 ofﬁcium
806 3898 1170 3956 matutinum
1194 3895 1364 3957 liberi
1392 3909 1836 3965 consurgamus
1857 3898 1915 3955 et

243 3999 388 4049 vota
408 3997 590 4048 notra
606 3996 706 4047 tuo
732 3992 943 4046 sancto
965 3987 1196 4045 nomini
1210 3984 1462 4043 ﬁdeliter
1481 3982 1913 4054 impendamus

244 4091 313 4153 ηρ.
344 4086 568 4147 Amen.

318 4175 433 4227 Per
466 4168 960 4227 misericordiam.

318 4258 667 4328 Antiphona
705 4263 748 4314 ι.
779 4257 935 4315 Deus
955 4254 1270 4315 manifeste
1294 4256 1507 4324 veniet,
1542 4262 1599 4316 et
1626 4262 1784 4316 Deus
1810 4212 1918 4317 ηδε

243 4353 391 4413 ater,
426 4353 624 4404 etnon
653 4346 867 4403 silebit.
896 4344 966 4404 P.
992 4347 1058 4401 Et
1079 4345 1141 4401 in
1167 4346 1415 4403 circuitu
1441 4347 1571 4419 ejus
1588 4353 1915 4422 tempestas

2072 774 2179 827 Per
2208 772 2685 832 misericordiam
2715 778 2898 843 tuam.
2937 780 3046 833 etc.

2072 860 2409 931 Antiphona
2425 868 2475 919 3.
2511 865 2673 933 Veni,
2707 866 2982 934 Domine,
3016 869 3074 922 et
3101 863 3225 921 noli
3251 862 3489 921 tardare
3522 878 3537 916 :
3567 877 3659 917 re-

2002 946 2142 1004 laxa
2167 948 2433 1009 facinora
2452 952 2610 1023 plebi
2654 959 2789 1014 tuae.
2820 957 2879 1010 P.
2908 957 2975 1011 Et
3010 969 3229 1011 revoca
3254 952 3557 1025 dispersos
3596 949 3659 1006 in

2005 1040 2223 1093 terram
2287 1055 2483 1098 suam.
2514 1041 2575 1102 ir.
2644 1044 2798 1099 Deus
2845 1043 3151 1101 virtutum,
3193 1044 3470 1099 converte
3522 1054 3653 1109 nos,

2004 1125 2252 1181 ostende
2268 1125 2483 1185 faciem
2504 1134 2690 1199 tuam,
2708 1136 2765 1187 et
2793 1131 2946 1187 salvi
2970 1131 3216 1187 erimus.
3234 1132 3295 1185 P.
3328 1132 3396 1185 Et
3417 1142 3657 1187 revoca.

2003 1212 2071 1275 if.
2113 1214 2326 1278 Gloria,
2359 1222 2415 1273 et
2436 1217 2630 1274 honor
2685 1220 2858 1277 Patri.
2892 1223 2953 1283 P.
2981 1222 3047 1275 Et
3086 1234 3305 1276 revoca
3330 1216 3653 1288 dispersos.

2080 1302 2308 1361 Oratio.
2341 1306 2500 1373 Veni,
2535 1307 2786 1364 Domine
2813 1308 2939 1364 noli
2989 1308 3244 1377 tardare,
3302 1305 3506 1363 relaxa
3527 1304 3655 1374 jam

2006 1391 2275 1450 facinora
2298 1394 2488 1466 plebis
2513 1401 2653 1467 tuae,
2670 1403 2733 1455 ut
2762 1399 3197 1471 dispersionem
3219 1400 3487 1452 nostram
3504 1394 3566 1449 in
3583 1409 3658 1449 a3-

2005 1482 2185 1538 ternis
2202 1483 2438 1551 gaudiis
2464 1484 2614 1542 dum
2631 1502 2699 1542 ex
2708 1487 2980 1559 pectaris,
3000 1489 3311 1544 convertas
3327 1483 3407 1540 ad
3426 1487 3655 1546 votum,

2008 1586 2405 1644 occurrasque
2426 1573 2603 1629 nobis
2619 1575 2693 1631 ad
2703 1576 2723 1645 j
2734 1576 2997 1633 udicium
3012 1575 3091 1633 ad
3107 1571 3520 1632 subventionis
3536 1586 3661 1630 om-

2009 1658 2270 1715 nimodae
2300 1661 2825 1733 complementum.
2859 1676 2926 1735 13;.
2954 1670 3157 1721 Amen.

1930 1768 1975 1822 Β
2082 1738 2188 1804 Per
2216 1749 2695 1809 misericordiam
2728 1758 2916 1820 tuam,
2942 1758 3051 1809 etc.

2083 1848 2148 1908 Itv.
2183 1841 2316 1895 Haec
2340 1839 2481 1896 dicit
2525 1842 2812 1898 Dominus
2846 1860 2858 1898 :
2895 1841 3203 1899 Suscitabo
3241 1840 3420 1899 vobis
3460 1842 3663 1911 Pasto-

2009 1941 2139 1982 rem
2168 1926 2241 1982 de
2264 1928 2599 1987 civitatibus
2617 1932 2643 1987 ,Ι
2652 1931 2770 1988 uda
2795 1935 2852 1988 et
2869 1930 3149 2002 regnabit
3169 1930 3487 1986 vobiscum
3512 1930 3668 1985 sicut

2011 2031 2150 2072 cum
2180 2018 2445 2088 patribus
2470 2021 2695 2077 vestris.
2728 2023 2786 2076 P.
2819 2023 2887 2077 Et
2909 2020 3285 2077 miserebitur
3314 2024 3485 2076 terras
3513 2034 3659 2086 suae,

2009 2110 2063 2161 et
2074 2106 2202 2177 jam
2228 2122 2352 2163 non
2377 2108 2534 2164 eritis
2562 2109 2625 2166 in
2655 2109 2948 2167 tristitiam
2978 2108 3259 2183 amplius.
3295 2108 3357 2171 ﬁ.
3386 2111 3534 2164 Ecce
3557 2109 3663 2164 Do,

2006 2197 2208 2253 minus
2232 2196 2516 2254 ultionem
2554 2198 2813 2257 adducet
2866 2198 3312 2268 retributionis;
3340 2201 3493 2255 Deus
3531 2197 3662 2270 ipse

2006 2286 2218 2353 veniet,
2251 2291 2309 2342 et
2338 2286 2586 2344 salvabit
2606 2304 2735 2351 nos.
2761 2292 2820 2345 P.
2846 2292 2912 2346 Et
2941 2288 3341 2346 miserebitur.
3367 2286 3430 2348 ir.
3464 2285 3662 2344 Gloria

2006 2379 2063 2430 et
2084 2374 2280 2430 honor
2310 2376 2479 2431 Patri.
2509 2377 2865 2435 Relleretur.
2896 2390 2962 2449 ﬁ.
2995 2380 3128 2434 Haec
3166 2375 3309 2433 dicit
3348 2374 3660 2431 Dominus.

2081 2464 2302 2521 Oratio.
2337 2465 2585 2522 Domine
2616 2468 2770 2523 Deus
2784 2468 3183 2539 omnipotens,
3204 2466 3315 2539 qui
3326 2481 3436 2538 pro
3450 2465 3663 2521 huma-

2009 2552 2071 2609 ni
2094 2554 2323 2623 generis
2346 2554 2757 2628 redemptione
2778 2562 3145 2613 coaeternum
3158 2552 3662 2626 tibicoaequalein—

2011 2658 2128 2713 que
2156 2642 2358 2698 Filium
2387 2644 2593 2714 Angeli
2619 2646 3041 2702 anunciatione
3061 2661 3168 2717 per
3187 2644 3382 2709 Mariae
3406 2642 3665 2713 Virginis

2011 2736 2248 2787 uterum
2275 2747 2464 2802 usque
2489 2733 2569 2788 ad
2593 2749 2705 2788 nos
2728 2733 2964 2790 voluisti
2982 2733 3375 2790 transmittere
3403 2751 3421 2802 ;
3455 2731 3535 2787 da
3555 2746 3667 2786 no-

2013 2819 2106 2876 bis
2130 2819 2246 2874 hoc
2275 2824 2540 2890 tempore
2565 2821 2866 2876 Adventus
2904 2820 2993 2876 tui
3040 2820 3332 2889 Unigeniti
3387 2818 3671 2876 eamdem

2014 2909 2184 2981 pacis
2207 2908 2479 2981 gratiam,
2520 2925 2707 2981 quam
2736 2908 2799 2966 in
2826 2909 3115 2982 praeterita
3140 2907 3361 2979 largire
3385 2907 3670 2978 dignatus

2017 3012 2080 3054 es
2110 2996 2347 3054 saecula.
2376 2999 2442 3053 Et
2471 2997 2555 3054 illi
2604 3014 2717 3055 nos
2742 3000 2804 3054 in
2833 3013 3152 3055 occursum
3178 2996 3321 3053 ﬁdei
3347 2997 3533 3054 secies
3560 3012 3672 3052 nu-

1942 3125 1984 3182 C
2017 3087 2364 3182 merendos,
2395 3102 2547 3182 quos
2572 3086 2633 3142 in
2657 3087 2799 3144 ﬁdei
2827 3086 3159 3182 primordia
3181 3102 3219 3143 a
3241 3085 3515 3144 Iohanne
3548 3100 3670 3157 pte-

2016 3176 2277 3235 nitentiae
2309 3176 2483 3233 undis
2515 3192 2813 3249 aquarum
2845 3176 3081 3235 ablutos
3109 3191 3148 3232 a
3174 3179 3227 3232 te
3244 3180 3548 3247 postremo
3562 3189 3672 3245 per

2019 3266 2225 3322 Filium
2250 3266 2313 3322 in
2336 3266 2555 3338 Spiritu
2578 3270 2794 3325 Sancto
2819 3271 2874 3323 te
2889 3266 3016 3336 igni
3032 3264 3452 3336 cognoscimus
3470 3262 3667 3332 bapti-

2016 3363 2197 3414 zatos.
2226 3367 2296 3428 ﬁt.
2320 3362 2529 3413 Amen.

2646 3445 2714 3501 In
2749 3442 3068 3498 Laudibus.

2088 3544 2174 3599 Ad
2188 3542 2528 3602 Canticum.
2541 3541 2896 3610 Antiphonti.
2914 3541 3286 3610 Expectetur,
3300 3536 3454 3596 sicut
3467 3536 3667 3607 pluvia

2018 3632 2326 3705 eloquium
2352 3647 2557 3688 meum
2591 3648 2604 3689 :
2637 3636 2694 3687 et
2716 3628 3104 3693 descendant,
3131 3628 3285 3685 sicut
3305 3642 3425 3695 ros,
3483 3625 3671 3685 verba

2019 3737 2175 3790 mea,
2202 3722 2345 3793 quia
2372 3724 2592 3777 nomen
2618 3718 2855 3776 Domini
2872 3717 3183 3778 invocavi:
3216 3716 3355 3775 date
3374 3716 3672 3788 magnitu-

2020 3810 2224 3867 dinem
2251 3810 2371 3866 Deo
2400 3814 2616 3866 vestro.

2096 3899 2444 3959 Canticum.
2494 3897 2763 3964 Attende,
2814 3896 3312 3970 coelum,10Quar;
3363 3900 3421 3955 et
3467 3895 3674 3954 audiat

2022 3992 2197 4047 terra.
2226 3987 2476 4058 Require
2490 3988 2605 4057 fol.
2631 3991 2665 4044 4

2092 4078 2191 4133 Ad
2262 4077 2637 4149 Benedictus,
2686 4078 3061 4148 Antiphona.
3112 4076 3446 4134 Benedicite
3470 4073 3674 4132 Domi-

2024 4182 2191 4236 num,
2212 4166 2434 4239 pusilli,
2458 4172 2514 4224 et
2539 4167 2745 4238 magni
2784 4182 3016 4236 omnes,
3068 4166 3172 4240 qui
3196 4166 3518 4240 expectatis
3558 4164 3674 4221 Ad-

2022 4261 2263 4313 ventum
2297 4255 2487 4329 ipsius
2500 4299 2513 4313 .

2097 4347 2427 4405 Canticum.
2458 4346 2810 4405 Benedictus
2840 4362 2923 4416 es,
2957 4346 3227 4417 Domine,
3256 4347 3411 4403 Deus
3430 4348 3673 4418 patrum

237 4438 477 4496 valida.
518 4434 583 4499 Ῡ.
614 4435 944 4532 Advocavit
973 4434 1167 4532 θεειοὲ
1187 4451 1464 4532 sursum,
1479 4442 1538 4495 et
1566 4443 1786 4497 terram
1824 4439 1914 4495 di-
1947 4474 1992 4532 Ι)
2024 4442 2387 4507 nostrorum,
2414 4439 2525 4509 fol.
2559 4442 2590 4493 6

233 4542 521 4586 seei-nere
551 4525 848 4599 populum
888 4538 1091 4583 suum.
1121 4524 1196 4581 P.
1233 4528 1301 4585 Et
1326 4526 1389 4582 in
1416 4526 1664 4584 circuitu
1694 4528 1912 4600 ejusN.

238 4618 465 4686 Gloria,
492 4620 553 4673 et
588 4616 786 4672 honor
816 4614 992 4681 Patri,
1020 4619 1130 4671 etc.
1151 4613 1219 4670 P.
1247 4617 1314 4671 Et
1342 4616 1404 4671 in
1430 4615 1699 4674 circuitu.

317 4706 549 4764 Oratio.
573 4707 731 4760 Deus
749 4703 855 4776 qui
878 4701 1198 4761 manifeste
1218 4707 1504 4760 venturus
1522 4705 1599 4762 ad
1617 4705 1916 4777 judicium

243 4794 531 4864 crederis,
552 4792 942 4850 manifestam
970 4792 1302 4865 potentiam
1324 4796 1495 4850 tuam
1533 4792 1596 4849 in
1624 4794 1802 4851 nobis
1824 4810 1918 4852 os-

244 4886 421 4941 tende
457 4889 576 4941 tum
607 4882 959 4938 salvationis
987 4897 1001 4938 :
1035 4886 1118 4946 ut,
1148 4881 1253 4955 qui
1280 4881 1548 4939 terribilis
1581 4885 1913 4948 sustineris,

246 4974 627 5041 mitissimus,
660 4988 801 5029 cum
828 4971 1163 5041 adveneris,
1186 4972 1481 5031 sentiatis.
1511 4984 1576 5045 It.
1608 4975 1819 5031 Amen.

320 5067 424 5121 Per
452 5061 940 5121 misericordiam
960 5067 1149 5129 tuam,
1174 5065 1329 5119 Deus
1358 5067 1585 5128 noster,
1620 5069 1732 5121 etc.

325 5153 655 5223 Antiphona
682 5155 737 5208 2.
766 5152 908 5209 Veni
946 5151 1025 5208 ad
1052 5150 1436 5208 liberandum
1468 5167 1581 5209 nos
1618 5168 1630 5209 :
1666 5154 1914 5212 Domine

256 5238 415 5296 Dens
439 5244 729 5299 virtutum
755 5245 1033 5297 converte
1058 5255 1188 5298 nos.
1220 5242 1291 5297 P.
1329 5243 1399 5298 Et
1426 5242 1674 5299 ostende
1700 5242 1915 5300 faciem

251 5335 447 5396 tuam,
466 5335 518 5388 et
542 5330 701 5388 salvi
726 5330 968 5387 erimus.
997 5328 1062 5393 if.
1085 5330 1198 5395 Qui
1220 5329 1381 5401 regis
1401 5330 1607 5401 Israel,
1641 5332 1912 5391 intende:

248 5420 352 5493 qui
381 5416 657 5487 deducis,
687 5418 854 5477 velut
876 5433 1075 5486 ovem,
1101 5417 1343 5490 loseph.
1363 5418 1430 5474 P.
1463 5421 1531 5476 Et
1556 5421 1824 5477 ostende.
1851 5420 1915 5483 γ.

249 5507 463 5577 Gloria,
492 5513 553 5567 et
578 5509 780 5566 honor
807 5507 989 5565 Patri.
1014 5506 1079 5566 Ρ.
1108 5510 1183 5565 Et
1209 5507 1459 5565 ostende
1480 5507 1698 5566 faelem
1727 5514 1917 5568 tuam.

317 5599 551 5657 Oratiot
586 5597 737 5656 Veni
768 5595 849 5656 ad
885 5595 1237 5657 librandum
1273 5612 1405 5669 nos,
1452 5598 1702 5659 Domine
1758 5598 1918 5658 Deus

2094 4528 2271 4585 Sono.
2284 4527 2546 4584 Alleluia.
2571 4524 2933 4584 Gaudebunt
2951 4524 3175 4600 campi.
3190 4527 3447 4600 Require
3457 4525 3570 4597 fol.
3590 4525 3676 4580 14.

2093 4618 2321 4675 Lauda.
2341 4617 2597 4674 Laudate
2611 4615 2934 4674 Dominum
2946 4617 3020 4674 de
3038 4617 3198 4674 ccelis
3222 4637 3236 4674 :
3258 4615 3513 4674 alleluia.
3528 4614 3680 4670 Lau-

2024 4704 2161 4763 date
2185 4722 2326 4763 eum
2379 4707 2439 4762 in
2494 4704 2761 4771 excelsis,
2793 4704 3011 4765 allelua
3042 4718 3057 4764 :
3090 4706 3344 4765 alleluia.
3400 4703 3677 4762 Psalmus

2024 4810 2235 4853 CXLVIII
2248 4839 2261 4852 .

2203 4885 2400 4943 Lectio
2429 4885 2573 4944 libri
2591 4886 2789 4948 Esaia:
2820 4890 3130 4960 Prop/ictae
3155 4887 3320 4961 (Cap.
3348 4892 3514 4955 xxii.)

2094 4982 2158 5045 ἢ.
2184 4975 2303 5031 Deo
2333 4977 2579 5047 gratias.

2094 5063 2230 5121 Haec
2282 5065 2424 5123 dicit
2473 5067 2762 5125 Dominus
2818 5070 3040 5136 :Vade,
3072 5069 3385 5143 ingredere
3415 5074 3494 5132 ad
3538 5080 3678 5129 eum

2020 5152 2126 5225 qui
2146 5153 2379 5212 habitat
2404 5156 2465 5212 in
2488 5157 2896 5224 tabernaculo,
2911 5159 2989 5217 ad
3005 5160 3271 5219 Sobnam
3284 5161 3677 5236 praepositum

2022 5242 2251 5314 templi;
2283 5248 2340 5301 et
2364 5245 2524 5302 dices
2555 5247 2634 5303 ad
2674 5263 2812 5305 eum
2868 5264 2881 5307 :
2916 5251 3069 5318 Quid
3098 5256 3165 5309 tu
3194 5251 3314 5316 hic,
3347 5255 3449 5308 aut
3502 5245 3678 5319 quasi

2023 5331 2162 5404 quis
2181 5332 2278 5389 hic
2301 5330 2330 5389 7
2355 5336 2499 5407 quia
2526 5337 2794 5396 excidisti
2822 5338 2929 5397 tibi
2958 5341 3053 5397 hic
3081 5339 3486 5413 sepulchrum,
3522 5335 3680 5392 exci-

2024 5420 2162 5477 disti
2192 5424 2541 5482 memoriale
2560 5426 2623 5483 in
2653 5427 3293 5500 excelsadiligenter,in
3306 5430 3472 5497 petra
3488 5423 3681 5481 taber-

2025 5510 2315 5570 naculum
2345 5513 2473 5572 tibi.
2505 5518 2651 5573 Ecce
2680 5514 2968 5575 Dominus
2992 5514 3283 5588 asportari
3310 5514 3364 5569 te
3383 5511 3578 5585 faciet,
3607 5515 3681 5571 si-

2029 5605 2132 5660 cut
2148 5618 2217 5661 as
2220 5609 2493 5676 portatur
2507 5606 2892 5677 gallinaceus,
2908 5610 2965 5666 et
2991 5603 3167 5679 quasi
3181 5602 3472 5667 amictum
3488 5603 3683 5667 suble-
