4118 6184
529 264 587 318 71
1803 241 2262 303 BREVIARIUM
2302 243 2692 301 GOTHICUM.
3871 255 3937 309 72

526 385 1090 442 vabitte.Goronans
1109 374 1418 434 coronabit
1438 377 1490 431 te
1504 369 2078 442 tribulatione,quasi
2095 368 2183 441 pi-
2211 367 2254 422 A
2285 369 2412 440 jam
2433 369 2493 426 in
2529 371 2731 442 januis
2765 375 2851 428 est
2878 371 3150 430 terribilis
3199 370 3301 427 illa
3325 371 3474 428 hora
3501 373 3735 444 judicii,
3767 375 3938 434 Sileat

527 475 649 531 lam
661 473 848 529 mittet
866 475 919 528 te
944 468 1003 524 in
1024 472 1242 524 terram
1259 464 1448 520 latam
1467 466 1522 519 et
1538 463 1868 535 spatiosam
1887 460 1989 516 :ibi
2004 457 2180 514 mori-

526 563 661 630 eris,
687 566 743 619 et
762 561 846 618 ibi
867 559 972 616 erit
993 571 1201 613 currus
1227 553 1428 623 gloria
1446 555 1582 617 tua,
1605 549 1937 622 ignominia
1957 546 2178 603 domus

526 651 758 710 Domini
779 647 995 706 Deitui.
1022 649 1086 702 Et
1103 643 1396 717 expellam
1420 645 1473 699 te
1501 641 1575 698 de
1599 640 1850 697 statione
1871 643 1996 705 tua,
2018 641 2074 693 et
2101 635 2176 691 de

527 737 853 797 ministerio
872 740 972 793 tuo
995 735 1298 807 deponam
1320 736 1395 788 te.
1433 733 1498 786 Et
1526 730 1634 786 erit
1667 729 1728 785 in
1763 728 1857 784 die
1878 727 2020 783 illa:
2064 728 2175 781 Vo-

526 827 678 884 oabo
709 840 947 882 servum
979 837 1183 878 meum
1216 818 1500 876 Eliachim
1521 816 1711 872 ﬁlium
1748 815 1977 882 Helcia,
2009 817 2066 868 et
2088 812 2176 867 in-

524 916 709 972 duam
744 914 910 970 illum
927 912 1186 969 tunicam
1203 913 1389 973 tuam,
1410 911 1464 962 et
1481 904 1720 976 cingulo
1744 909 1844 961 tuo
1880 901 2171 960 conforta-

521 1003 601 1061 bo
625 1021 782 1069 eum,
807 1003 1258 1073 etprotestatem
1288 1001 1454 1052 tuam
1475 995 1630 1050 dabo
1647 993 1708 1048 in
1729 1007 1912 1048 manu
1935 991 1984 1061 ej
1996 1007 2084 1059 us,
2117 992 2172 1045 et

521 1094 628 1151 erit
640 1092 810 1166 quasi
825 1095 990 1163 pater
1003 1085 1410 1144 habitentibus
1427 1085 1486 1140 in
1505 1081 1872 1139 Hierusalem
1887 1085 1946 1136 et
1964 1079 2171 1135 domui

518 1184 544 1238 ]
550 1183 695 1239 uda.
722 1184 786 1237 Et
805 1179 966 1236 dabo
982 1177 1214 1233 clavem
1235 1175 1454 1230 domus
1475 1173 1660 1229 David
1683 1185 1863 1244 super
1883 1170 2169 1226 humeros

518 1271 667 1341 ejus,
689 1273 746 1325 et
767 1267 1009 1340 aperiet,
1034 1270 1091 1322 et
1119 1267 1230 1337 16
1252 1279 1374 1320 non
1404 1262 1510 1320 erit
1527 1260 1631 1334 qui
1653 1259 1915 1325 claudat,
1936 1262 1993 1314 et
2013 1256 2171 1314 clau-

517 1359 634 1430 det,
680 1362 736 1414 et
763 1373 884 1414 non
911 1356 1017 1412 erit
1047 1354 1152 1428 qui
1178 1354 1433 1426 aperiat.
1474 1355 1540 1408 Et
1568 1351 1755 1421 ﬁgam
1785 1348 2079 1423 paxillum
2110 1347 2170 1402 in

514 1448 647 1504 loco
699 1446 862 1502 ﬁdeli
914 1449 969 1501 et
1008 1444 1114 1500 erit
1155 1443 1216 1498 in
1244 1442 1462 1498 solium
1489 1441 1690 1512 gloria
1734 1439 1952 1495 domus
1986 1435 2170 1510 patris

515 1537 629 1592 sui.
653 1538 720 1592 Et
747 1532 1117 1606 suspendam
1143 1546 1324 1604 super
1346 1545 1485 1587 eum
1511 1543 1754 1585 omnem
1787 1527 2040 1598 gloriam
2067 1524 2172 1580 do-

513 1639 652 1680 mus
677 1623 862 1696 patris
887 1622 1035 1693 ejus.
1063 1625 1340 1689 mAmen.

2288 473 2427 529 ergo
2446 461 2644 516 omnis
2663 477 2800 518 caro
2819 477 2855 518 a
2875 461 3023 518 facie
3046 465 3169 524 tua,
3193 465 3249 518 et
3266 460 3666 534 prolapsionis
3685 480 3811 521 sua
3828 465 3939 522 cul-

2285 563 2420 620 pam
2444 549 2682 607 fletibus
2711 550 2914 607 diluat.
2949 553 3032 617 Et,
3062 550 3206 624 quia
3223 566 3335 608 nos
3359 551 3471 608 ista
3487 566 3595 624 per
3614 567 3727 610 nos
3748 553 3935 612 facere

2285 651 2406 692 non
2428 637 2713 705 valemus,
2744 653 2850 711 per
2871 643 2924 695 te
2964 639 3026 695 id
3055 655 3230 710 agere
3262 639 3649 698 conﬁdimus.
3677 641 3814 700 Ideo
3838 659 3935 716 po-

2283 725 2515 796 scimus,
2549 731 2627 791 ut,
2662 727 2766 801 qui
2811 728 3030 784 electos
3073 728 3151 784 ad
3181 732 3231 784 te
3257 729 3534 786 vocando
3563 730 3920 801 sanctiﬁcas,

2281 820 2624 886 peccatores
2650 817 3024 874 coronandos
3058 816 3422 874 beatitudine
3466 821 3688 876 aterna
3720 821 3925 878 sustol-

2279 903 2390 960 las.
2423 917 2489 968 Re.
2520 905 2726 960 Amen.

2353 992 2462 1047 Per
2488 993 2959 1051 misericordiam
2991 998 3152 1052 tuam

2281 1082 2348 1135 ΙΝ
2391 1081 2714 1137 SECUNDA
2770 1083 2980 1139 FERIA
3030 1083 3379 1140 SECUNDIE
3444 1083 3917 1142 HEBDOMAD/E.

2847 1171 2946 1226 Ad
2991 1171 3363 1228 Matutinum

2349 1257 2719 1329 Antiphona.
2755 1259 3024 1325 Domine,
3052 1259 3194 1332 quid
3234 1259 3608 1334 multiplicati
3638 1267 3795 1329 sunt,
3825 1273 3928 1336 qui

2277 1346 2565 1405 tribulant
2587 1365 2683 1406 me
2719 1349 2748 1404 ?
2778 1354 2840 1406 tu
2869 1353 3090 1416 autem,
3123 1349 3390 1417 Domine,
3419 1357 3732 1426 susceptor
3760 1368 3926 1409 meus

2279 1451 2366 1491 es.
2403 1438 2672 1494 Psalmus
2719 1451 2807 1494 ut.
2859 1454 2993 1495 cum
3049 1453 3157 1496 sua
3211 1439 3514 1497 Oratione.
3576 1439 3929 1514 Multiplicati

2281 1530 2440 1590 sunt,
2472 1526 2737 1593 Domine,
2762 1528 2876 1597 fol.
2910 1530 2941 1582 8

2349 1617 2720 1687 Antiphona.
2744 1622 2792 1672 1.
2812 1619 3035 1674 Montes
3069 1621 3126 1674 et
3152 1617 3330 1674 colles
3363 1618 3701 1675 cantabunt
3732 1635 3932 1676 coram

585 1711 1222 1784 Hymnus.Cunctorum
1236 1711 1355 1764 Rex
1365 1707 1772 1778 omnipotens.
1792 1703 2043 1776 Require
2053 1703 2166 1772 fol.
2205 1714 2248 1769 Β
2282 1705 2419 1767 Deo,
2443 1709 2500 1760 et
2523 1705 2728 1761 omnia
2743 1705 2946 1777 lingua
2963 1705 3248 1762 silvarum
3263 1705 3553 1778 plaudent
3565 1706 3926 1764 manibus.P.

513 1807 565 1856 7.
596 1798 995 1870 Supplicatio.
1021 1798 1272 1854 Oremus
1316 1795 1770 1866 Redemptorem
1793 1791 2025 1848 mundi.
2059 1791 2168 1847 Re-

517 1890 694 1961 quire
715 1889 826 1958 fol.
853 1891 909 1942 2.

587 1978 890 2047 Capitula.
922 1975 1203 2038 Christus,
1214 1972 1338 2046 qui,
1357 1972 1694 2029 nasciturus
1717 1969 1778 2026 in
1799 1984 2168 2037 carne,com—

514 2067 880 2141 plemeutum
905 2064 1096 2120 factus
1134 2078 1196 2118 es
1222 2061 1368 2132 legis
1403 2077 1416 2127 ;
1451 2059 1874 2134 perfectionem
1899 2058 1960 2113 in
1989 2058 2165 2113 nobis

509 2157 698 2214 tribue
739 2153 1064 2211 sanctitatis
1098 2170 1110 2208 :
1147 2157 1221 2218 et,
1255 2151 1360 2224 qui
1408 2150 1550 2207 olim
1580 2149 1854 2206 Adventu
1885 2151 1985 2203 tuo
2016 2147 2166 2203 redi-

510 2261 673 2302 mere
701 2245 986 2314 dignatus
1022 2259 1086 2299 es
1133 2241 1450 2310 mundum,
1470 2239 1676 2310 judicii
1717 2238 1798 2295 tui
1829 2241 2095 2310 tempore
2129 2252 2165 2293 a

512 2335 820 2409 suppliciis
843 2349 1019 2390 serva
1049 2332 1283 2388 animas
1311 2330 1760 2401 redemptorum

584 2427 750 2480 Pater
771 2426 997 2493 noster,
1019 2421 1123 2494 qui
1145 2435 1208 2476 es
1231 2420 1291 2475 in
1313 2418 1499 2474 caelis.

515 2512 764 2569 Liberati
786 2528 822 2568 a
847 2509 1025 2576 malo,
1054 2514 1162 2566 etc.
1196 2509 1446 2580 Require
1463 2509 1574 2577 fol.
1611 2511 1663 2562 2.

515 2602 744 2659 Lauda.
781 2604 932 2657 Deus
955 2615 1250 2665 summus,
1279 2596 1575 2667 terribilis.
1601 2595 1953 2651 Benedictio.
1991 2597 2164 2664 Deus,

517 2691 618 2747 Dei
640 2691 829 2746 Patris
862 2690 1057 2746 Filius.
1087 2689 1290 2755 Quare
1307 2687 1420 2756 fol.
1460 2689 1524 2741 14

581 2780 851 2835 Exeunte
884 2778 1158 2847 Vespera.
1195 2775 1422 2831 Lauda.
1456 2777 1502 2828 A
1525 2772 1670 2828 solis
1699 2776 1831 2828 ortu
1862 2786 2058 2844 usque
2085 2770 2164 2826 ad

507 2881 814 2924 occasum.
857 2865 1100 2935 Require
1117 2863 1218 2934 fol.
1252 2867 1299 2917 l.

575 2956 756 3012 Sono.
794 2953 1061 3009 Alleluia.
1099 2950 1456 3009 Gaudebunt
1485 2949 1705 3021 campi.
1735 2949 1848 3018 fol.
1885 2951 1950 3002 14

2280 1794 2322 1858 Q
2333 1793 2574 1850 uoniam
2589 1795 2784 1850 veniet
2805 1794 3088 1850 Dominus
3101 1794 3436 1850 dominator
3452 1795 3509 1850 in
3525 1795 3761 1866 signum
3776 1800 3933 1853 ater-

2277 1896 2445 1949 num,
2499 1883 2664 1956 quod
2719 1899 3056 1956 numquam
3113 1883 3437 1941 auferatur.
3471 1883 3533 1944 ἲν.
3579 1884 3932 1942 Gaudebunt

2277 1971 2559 2043 campi,et
2574 1973 2778 2029 omnia
2794 1973 3000 2042 lingua
3015 1972 3176 2029 cedri
3200 1972 3431 2038 Libani,
3449 1989 3601 2046 quas
3619 1972 3923 2046 plantavit.

2276 2059 2394 2115 Illic
2422 2075 2703 2132 passeres
2733 2060 3150 2118 nidiﬁcabunt.
3173 2061 3236 2117 P.
3264 2061 3557 2128 Quoniam
3602 2062 3798 2118 veniet
3819 2064 3928 2120 Do-

2275 2149 2494 2204 minus.
2526 2150 2592 2210 V.
2628 2150 2840 2221 Gloria,
2874 2155 2930 2207 et
2957 2149 3169 2206 honor.
3198 2151 3261 2206 P.
3284 2151 3578 2216 Quoniam
3604 2151 3815 2207 veniet.

2344 2239 2566 2296 Oratio.
2605 2240 2949 2296 Dominator
2975 2239 3243 2306 Domine,
3268 2239 3370 2312 qui
3395 2240 3456 2296 in
3487 2239 3726 2310 signum
3755 2245 3925 2297 ater-

2273 2343 2420 2383 num
2450 2326 2724 2385 liberator
2762 2328 2974 2384 mundi
3004 2327 3348 2394 adveniens,
3379 2333 3606 2385 montes
3655 2332 3712 2385 et
3750 2328 3928 2385 colles

2274 2431 2476 2472 coram
2509 2420 2561 2472 te
2591 2416 2829 2473 laudem
2864 2417 3052 2473 fecisti
3079 2417 3360 2488 clamare,
3387 2433 3524 2474 cum
3547 2421 3672 2474 tota
3687 2417 3746 2473 in
3772 2422 3826 2474 te
3843 2417 3928 2473 vi-

2272 2505 2471 2562 ventia
2491 2505 2840 2578 approbasti
2867 2522 2880 2572 ;
2913 2504 3169 2561 concede
3195 2506 3391 2574 nobis,
3424 2510 3489 2562 ut
3512 2505 3744 2572 laudes,
3771 2521 3926 2579 quas

2278 2593 2542 2663 glorioso
2561 2593 2793 2650 nomini
2823 2597 3030 2650 sancto
3051 2597 3151 2650 tuo
3170 2592 3500 2661 offerimus,
3524 2598 3800 2666 acceptas
3821 2593 3929 2650 tibi

2276 2698 2514 2754 semper
2543 2681 2746 2738 efﬁcas
2775 2701 2788 2738 ε
2819 2687 2902 2749 ut,
2930 2683 3035 2756 qui
3068 2682 3362 2739 mundum
3395 2683 3832 2753 redempturus,
3864 2682 3928 2739 in

2277 2771 2484 2826 salutis
2501 2771 2963 2843 signoostensus
2979 2788 3040 2827 es
3066 2789 3078 2838 ;
3104 2772 3395 2828 mundum
3414 2772 3621 2828 iterum
3630 2771 3929 2844 judicatu-

2273 2875 2394 2928 rus,
2419 2875 2538 2916 non
2565 2859 2840 2931 ultorem,
2865 2859 2970 2916 sed
3003 2860 3379 2918 liberatorem
3407 2866 3461 2917 te
3489 2861 3709 2916 nostris
3733 2859 3927 2917 oculis

2273 2950 2637 3007 manifestes.
2669 2951 2731 3011 ἲν.
2765 2955 2979 3007 Arnen.

573 3044 940 3116 Antiphona.
997 3040 1115 3096 Erit
1158 3039 1446 3096 Dominus
1476 3053 1699 3095 corona
1724 3037 1925 3107 gloria
1956 3036 2016 3091 in
2063 3035 2158 3092 die
2189 3065 2230 3122 ρ
2342 3039 2451 3094 Per
2487 3039 2965 3096 misericordiam
2996 3043 3182 3096 tuam.

498 3133 620 3190 illa.
645 3133 708 3188 P.
731 3133 1232 3188 Etornamentum
1263 3128 1477 3184 latitia
1510 3127 1817 3184 residuum
1846 3125 2048 3198 populi
2068 3125 2160 3181 sui

498 3222 696 3278 Israel.
748 3221 810 3281 lit.
857 3222 925 3276 Et
952 3217 1360 3275 dominabitur
1401 3233 1436 3274 a
1469 3216 1618 3272 mari
1644 3231 1835 3288 usque
1863 3215 1940 3270 ad
1972 3229 2155 3281 mare,

497 3316 554 3369 et
582 3326 778 3384 usque
812 3309 890 3365 ab
923 3308 1151 3364 ﬂumen
1189 3305 1554 3378 propagines
1583 3305 1730 3375 ejus.
1767 3305 1838 3361 P.
1887 3305 1951 3358 Et
1978 3319 2157 3358 orna-

496 3405 766 3458 mentum
791 3398 1026 3455 latitia.
1051 3397 1112 3457 ἲν.
1144 3395 1358 3465 Gloria,
1385 3400 1441 3451 et
1464 3395 1658 3451 honor
1677 3393 1848 3449 Patri.
1877 3394 1953 3450 P.
1983 3395 2049 3448 Et
2069 3407 2160 3452 or.

495 3494 845 3548 namentum
873 3487 1107 3544 latitia.

567 3580 798 3636 Lauda.
834 3575 1124 3645 Exultent,
1170 3579 1227 3631 et
1273 3574 1551 3631 latentur
1589 3572 1648 3628 in
1699 3577 1754 3629 te
1777 3586 2011 3636 omnes,
2053 3570 2158 3643 qui

498 3671 776 3742 quarunt
802 3669 875 3732 te,
901 3665 1168 3730 Domine,
1199 3663 1452 3719 alleluia.
1487 3664 1558 3718 P.
1593 3663 1660 3718 Et
1697 3661 1899 3717 dicant
1933 3680 1944 3718 :
1999 3660 2160 3716 Sem-

498 3771 606 3830 per
639 3753 1072 3825 magniﬁcetur,
1121 3751 1374 3819 alleluia,
1427 3751 1663 3808 alleluia
1704 3750 1764 3808 tr.
1798 3749 2064 3815 Domine,
2095 3749 2157 3804 in

496 3845 724 3902 lumine
765 3842 964 3899 vultus
991 3843 1072 3898 tui
1106 3839 1523 3904 ambulabunt,
1552 3845 1609 3896 et
1655 3840 1718 3896 in
1768 3839 2013 3894 nomine
2054 3841 2156 3894 tuo

496 3933 936 3993 exaltabuntur.
982 3933 1053 3987 P.
1095 3933 1160 3986 Et
1203 3930 1423 3986 dicant.
1474 3929 1538 3989 llr.
1586 3929 1802 3994 Gloria,
1858 3933 1915 3984 et
1961 3927 2156 3984 honor

495 4024 668 4094 Patri,
693 4027 749 4080 et
782 4021 944 4079 Filio.
965 4020 1033 4075 P.
1063 4022 1128 4074 Et
1157 4017 1361 4074 dicant
1391 4033 1641 4089 semper.

560 4115 858 4184 Hymnus.
916 4107 1130 4166 Christi
1160 4110 1396 4163 caterva
1442 4105 1720 4162 clamitet.
1752 4106 2148 4176 Supplicatio.

491 4204 740 4260 Oremus
757 4198 1214 4270 Redemptorem
1234 4193 1446 4251 mundi
1486 4193 1808 4251 Dominum
1847 4199 2144 4270 nostrum,

489 4298 555 4349 ut
577 4305 756 4363 supra
780 4289 841 4345 in
861 4288 1058 4359 primo
1079 4284 1389 4341 Domintco
1408 4283 1480 4340 de
1496 4283 1769 4340 Adventu
1782 4283 2140 4353 Dominifol.

2339 3128 2682 3200 Antiphona
2696 3133 2748 3184 2.
2771 3129 2980 3185 Adhuc
3003 3129 3310 3185 modicum
3331 3129 3925 3186 etconsummabitur

2268 3216 2619 3286 indignatio.
2646 3217 2712 3273 P.
2744 3221 2813 3274 Et
2840 3218 2902 3273 in
2932 3217 3033 3273 illa
3062 3217 3156 3273 die
3189 3217 3486 3273 auferetur
3524 3233 3681 3273 onus
3712 3218 3784 3274 de
3809 3219 3920 3275 hu-

2268 3322 2434 3362 mero
2465 3311 2692 3373 nostro,
2721 3311 2776 3362 et
2797 3307 3012 3379 jugum
3042 3307 3116 3362 de
3147 3307 3298 3363 collo
3325 3311 3547 3362 nostro.
3582 3307 3646 3366 γ.
3670 3307 3922 3364 Videant

2267 3410 2580 3468 pauperes,
2614 3401 2670 3452 et
2697 3396 2968 3452 latentur
2999 3414 3012 3452 :
3043 3397 3287 3468 quarite
3320 3395 3658 3460 Dominum,
3682 3401 3738 3452 et
3763 3397 3930 3453 vivet

2269 3485 2473 3542 anima
2501 3490 2716 3542 vestra.
2748 3486 2827 3542 P.
2854 3488 2918 3541 Et
2941 3485 3001 3541 in
3029 3485 3128 3542 illa
3155 3485 3275 3544 die.
3297 3485 3360 3544 ἲν.
3393 3484 3608 3551 Gloria,
3631 3489 3689 3541 et
3707 3485 3927 3542 honor.

2271 3577 2350 3632 P.
2383 3578 2450 3632 Et
2474 3575 2534 3630 in
2567 3574 2668 3630 illa
2699 3575 2813 3631 die.

2341 3663 2562 3722 Oratio.
2591 3664 2730 3720 Jesu
2761 3663 3036 3721 Salvator
3065 3668 3264 3721 noster
3305 3668 3362 3721 et
3391 3663 3658 3729 Domine,
3701 3664 3806 3737 qui
3829 3665 3933 3736 ju-

2268 3769 2412 3826 gum
2437 3753 2582 3825 legis
2600 3769 2636 3810 a
2649 3753 2802 3810 collo
2817 3757 3020 3809 nostro
3032 3753 3496 3827 pradicamento
3509 3752 3714 3824 gratia
3729 3757 3934 3809 sustu-

2264 3843 2402 3908 listi,
2435 3847 2492 3900 et
2511 3858 2665 3900 onus
2697 3841 2882 3898 nostri
2910 3842 3144 3898 humeri
3163 3843 3223 3898 in
3258 3843 3374 3898 tuis
3399 3841 3666 3898 humeris
3688 3842 3935 3914 excepi-

2264 3932 2336 3989 sti
2363 3949 2375 3998 ;
2408 3932 2670 3989 concede
2695 3931 2976 4004 precibus
3008 3931 3279 3988 Ecclesia
3306 3935 3445 4001 tua,
3474 3936 3557 3998 ut,
3591 3947 3752 4005 qua,
3777 3946 3934 3988 con-

2263 4025 2566 4079 summata
2594 4021 3026 4093 indignatione,
3049 4019 3190 4077 ﬁdei
3216 4025 3328 4077 tua
3355 4026 3636 4094 precepto
3657 4020 3928 4087 refulsit;

2259 4109 2335 4166 de
2356 4116 2777 4167 consummata
2791 4109 3020 4182 justitia
3042 4125 3426 4166 mereamura
3440 4109 3601 4178 te,ad
3621 4109 3927 4181 judicium

2265 4199 2369 4270 17
2408 4197 2896 4263 veniente,attolli
2923 4215 2936 4253 :
2960 4202 3024 4254 ut
3049 4202 3106 4254 et
3125 4197 3220 4254 hic
3246 4196 3492 4254 feliciter
3509 4199 3691 4268 vivat,
3724 4202 3782 4254 et
3803 4213 3930 4271 pos

2256 4286 2499 4344 feliciori
2521 4290 2843 4359 prospectu
2864 4286 3079 4343 faciem
3095 4286 3416 4343 divinitatis
3439 4291 3550 4344 tua
3565 4285 3925 4343 latabunda

492 4384 546 4438 1.
575 4386 631 4437 et
655 4385 706 4436 2.
736 4378 1045 4449 Capitula.
1074 4378 1301 4446 Exurge
1328 4376 1522 4468 Deus,_
1541 4373 1643 4446 qui
1661 4373 1906 4468 judicas
1923 4377 2143 4429 terram
2174 4413 2220 4468 Β
2255 4375 2624 4468 aspiciat._m.
2662 4378 2870 4468 Amen.

487 4469 700 4536 Quare
722 4469 834 4538 fol.
886 4468 950 4525 10
996 4465 1168 4521 Pater
1196 4466 1410 4520 noster.
1445 4461 1696 4518 Liberali
1725 4478 1762 4519 a
1789 4463 1972 4532 malo,
2027 4464 2137 4517 etc.

487 4556 699 4625 Quare
711 4557 819 4626 fol.
842 4559 895 4610 2.
921 4551 1276 4609 Benedictio.
1299 4551 1564 4608 Christus
1589 4550 1894 4622 Dominus,
1929 4547 2035 4622 qui
2061 4549 2139 4604 ad

482 4645 599 4702 hoc
626 4643 805 4712 venit,
833 4646 942 4700 etc.
971 4642 1178 4710 Quare
1200 4641 1313 4712 fol.
1353 4643 1436 4695 10.
1466 4651 1532 4708 Βι.
1563 4642 1770 4696 Amen.

555 4734 665 4791 Per
691 4731 1160 4790 misericordiam
1185 4729 1396 4802 ipsius,
1431 4733 1540 4785 etc.

555 4823 765 4880 Lauda
790 4823 979 4894 Super
1007 4819 1263 4876 salutare
1294 4824 1484 4884 tuum,
1511 4816 1772 4882 alleluia,
1801 4817 2135 4876 exaltemus

2326 4464 2434 4520 Per
2463 4463 2938 4520 misericordiam
2969 4467 3156 4532 tuam,
3191 4467 3364 4535 Deus,
3407 4468 3516 4521 etc.

2320 4552 2654 4624 Antiphona
2701 4555 2753 4608 3.
2795 4553 2919 4623 Ego
2950 4556 3086 4609 ante
3145 4556 3201 4609 te
3239 4553 3360 4619 ibo,
3419 4551 3562 4608 dicit
3625 4553 3930 4610 Dominus

2249 4643 2325 4699 P.
2356 4643 2423 4696 Et
2450 4641 2744 4713 gloriosos
2773 4645 2940 4698 terra
2964 4640 3324 4700 humiliabo.
3362 4641 3424 4702 ἲν.
3452 4641 3628 4712 Deus,
3656 4641 3928 4699 deorum

2249 4730 2556 4798 Dominus,
2584 4730 2817 4788 locutus
2843 4735 2949 4798 est,
2986 4735 3043 4788 et
3067 4731 3303 4789 vocavit
3328 4735 3567 4788 terram.
3603 4731 3667 4786 P.
3701 4733 3768 4787 Et
3795 4731 3933 4804 glo-

2243 4820 2454 4888 riosos,
2486 4820 2548 4881 ἲν.
2584 4820 2780 4879 Gloria
2806 4827 2862 4878 et
2883 4821 3078 4878 honor
3106 4822 3284 4889 Patri,
3317 4825 3374 4877 et
3404 4820 3568 4888 Filio,
3598 4821 3668 4875 P.
3698 4823 3766 4878 Et
3790 4821 3929 4892 glo—
4007 4885 4009 4891 ,

2244 4909 2438 4965 riosos
2457 4913 2624 4966 terra
2652 4909 3006 4966 humiliabo.

2316 4999 2542 5056 Oratio.
2577 5001 2711 5056 Esto
2728 4999 2925 5064 nobis,
2958 4999 3224 5071 Domine,
3239 5013 3463 5056 corona
3489 4997 3772 5070 gloriain
3796 4998 3929 5069 die,
4003 4971 4007 5088 ξ

2243 5102 2365 5158 qua
2391 5088 2626 5144 veneris
2661 5087 2882 5144 sacula
2901 5087 3173 5159 judicare
3193 5103 3301 5161 per
3329 5088 3532 5159 ignem
3566 5087 3931 5144 :uthicnos
4001 5089 4005 5161 ί

2241 5141 2375 5248 pius
2405 5141 2626 5234 agis.
2669 5141 3598 5249 ίῌεὶιῖἐιῖἑιὲῶἇᾷὲὶίῖίέέ,’ἒῖᾘοει
3643 5141 3932 5249 perfecta
3994 5141 4003 5252 ᾖ

2243 5229 3311 5337 giaaa'iagaazei“$151.35:
3367 5229 3418 5234 ”
3644 5229 3932 5249 τ““”’”

2311 5355 2420 5410 Per
2450 5355 2924 5412 misericordiam
2958 5361 3142 5422 tuam,
3167 5360 3276 5413 etc.
3994 5323 3999 5420 Ι

2313 5455 2376 5514 ﬁ.
2407 5445 2572 5512 Ecce,
2603 5445 2763 5514 Sion,
2791 5445 3134 5503 dominator
3173 5450 3310 5502 tuus
3353 5460 3494 5502 cum
3529 5443 3934 5516 jocunditate

2240 5533 2457 5592 veniet.
2480 5534 2550 5591 P.
2576 5537 2642 5591 Et
2659 5550 2872 5593 omnes
2887 5535 3076 5594 sancti
3098 5534 3453 5608 gaudebunt
3472 5549 3654 5608 super
3680 5537 3739 5591 te
3765 5549 3926 5591 cum

482 4910 880 4978 vehementer,
910 4908 1095 4966 vitam
1124 4908 1406 4981 petimus,
1439 4906 1653 4984 tribue,
1691 4905 1958 4974 Domine,
2001 4908 2137 4965 alle-

479 4999 620 5066 luia,
645 4998 898 5056 alleluia.
931 4999 992 5054 P.
1030 5001 1092 5054 ln
1121 4995 1560 5067 longitudinem
1583 4993 1840 5060 dierum,
1875 4996 1936 5050 in
1968 5001 2134 5054 ater-

477 5104 648 5154 num,
705 5092 762 5144 et
797 5087 859 5144 in
903 5085 1191 5142 saculum
1237 5083 1463 5154 saculi,
1490 5082 1746 5147 alleluia,
1782 5083 2038 5144 alleluia.
2070 5086 2130 5146 Ψ.

475 5181 687 5248 Magna
703 5181 791 5233 est
811 5175 1000 5247 gloria
1018 5175 1146 5246 ejus
1163 5174 1222 5228 in
1241 5171 1484 5228 salutari
1506 5175 1627 5235 tuo,
1650 5171 1901 5241 gloriam
1936 5178 1994 5230 et
2011 5191 2134 5232 ma-

474 5283 661 5341 gnum
680 5266 958 5323 decorem
981 5266 1255 5335 impones
1277 5276 1454 5332 super
1473 5261 1711 5318 eum.P.
1740 5262 2132 5336 Inlongitudi-

473 5372 613 5413 nem
634 5357 894 5413 dierum.
920 5353 982 5412 ιτ.
1013 5351 1224 5418 Gloria,
1252 5353 1309 5406 et
1333 5351 1527 5407 honor
1554 5351 1725 5408 Patri.
1745 5351 1808 5407 P.
1847 5355 1906 5408 ln
1937 5353 2131 5426 longi-

476 5446 752 5502 tudinem
777 5445 1037 5500 dierum.

551 5533 771 5591 Oratio.
807 5534 986 5592 Juxta
1014 5533 1120 5596 est,
1155 5528 1425 5595 Domine,
1457 5529 1584 5586 dies
1611 5528 1912 5588 Adventus
1939 5532 2044 5600 tui,
2075 5535 2131 5590 et

3993 5423 3997 5625 l

3973 5953 3987 6121 l
