4118 6184
184 213 253 267 73
1112 212 1325 269 FERIA
1366 212 1435 270 IV
1477 210 1657 266 POST
1695 208 1870 265 DOM.
1916 209 1963 263 Il
1998 210 2373 275 ADVENTUS
2416 220 2690 281 DOMINI.
3538 232 3607 294 74

184 335 389 392 laetitia
412 338 472 392 et
497 335 724 406 gaudio
745 334 1120 408 sempiterno.
1150 338 1211 397 ὴν.
1236 339 1398 403 Veni,
1439 337 1707 407 Domine,
1728 334 1850 429 noli
1880 326 2059 393 Atio.
2096 340 2206 397 Fac
2228 357 2365 411 nos,
2405 349 2591 421 Pater,
2622 350 2682 405 in
2712 349 2923 421 gratia,
2956 357 3021 407 ut
3046 352 3214 422 infra
3255 356 3449 413 eodem
3485 361 3599 429 fol.

188 424 460 481 tardare:
486 425 695 482 relaxa
717 425 982 482 facinora
1000 425 1161 498 plebi
1186 431 1319 483 tuae.
1361 428 1433 485 P.
1452 430 1516 485 Et
1536 425 1845 485 omnesJi'.

184 514 406 579 Gloria,
435 522 493 570 et
520 514 721 572 honor
749 514 905 571 Patri
943 516 1277 572 Rec‘teretur
1306 528 1369 587 Βτ.
1403 520 1568 583 Ecce,
1604 518 1766 574 Sion.

836 604 907 659 In
946 604 1273 661 Laudibus.

247 691 350 746 Ad
364 691 1074 761 CanticumAntipltona.
1087 696 1228 750 Ecce
1240 694 1398 750 enim
1413 697 1565 750 Deus
1580 694 1847 751 Salvator

180 796 390 836 meus:
426 780 778 837 ﬁducialiter
813 796 993 851 agam
1034 782 1095 838 in
1127 799 1219 852 eo,
1251 791 1306 839 et
1335 800 1457 840 non
1481 784 1726 841 timebo.

604 869 919 926 Canticum
952 872 1045 938 (II
1081 872 1360 930 Mar/tab.
1401 877 1459 937 ι).

256 959 545 1014 Dominus
572 959 726 1014 Deus
755 959 1031 1015 omnium
1075 967 1327 1029 creator,
1361 965 1375 978 '
1453 961 1730 1018 terribilis
1788 964 1845 1017 et

178 1047 366 1115 fortis,
387 1048 607 1118 justus,
639 1052 697 1104 et
727 1048 1081 1105 misericors.

248 1134 427 1191 Solus
449 1151 555 1191 rex
582 1134 801 1202 bonus,
826 1136 932 1208 qui
961 1136 1126 1193 solus
1165 1142 1478 1210 praestans,
1528 1141 1542 1154 '
1572 1140 1732 1195 solus
1748 1139 1841 1209 ju-

178 1231 330 1288 stus,
360 1223 762 1295 omnipotens.

254 1312 375 1378 Qui
399 1312 592 1369 libera
612 1312 785 1369 lsraél
810 1312 884 1369 de
911 1314 1075 1370 omni
1104 1315 1286 1380 malo,
1314 1318 1332 1335 ’
1370 1316 1475 1389 qui
1517 1316 1704 1373 fecisti
1735 1334 1838 1390 pa-

180 1406 306 1457 tres
328 1401 1032 1469 electos,etsanctiﬁcasti
1061 1419 1162 1459 eos
1200 1423 1211 1456 :

249 1490 473 1563 Accipe
516 1490 873 1547 sacriﬁcium
913 1493 984 1547 ab
1030 1492 1305 1549 universo
1359 1494 1577 1566 populo
1639 1495 1833 1563 Israel,

173 1583 186 1597 '
212 1585 267 1636 et
289 1579 533 1636 custodi
566 1580 807 1652 plebem
842 1586 1025 1648 tuam,
1061 1583 1467 1652 etsanctitica,

244 1671 589 1739 Congrega,
617 1670 886 1735 Domine,
919 1670 1323 1741 dispersiones
1370 1677 1604 1729 nostras
1633 1676 1725 1729 'et
1774 1675 1838 1730 li-
1871 1682 1915 1738 Β

172 1757 320 1813 bera
348 1774 450 1813 eos
478 1757 586 1829 qui
619 1758 886 1814 serviunt
927 1760 1210 1815 Gentibus
1237 1762 1757 1819 contemnentibus
1783 1768 1838 1820 et

174 1847 696 1903 abominantibus.

248 1938 533 2009 Respice:
565 1938 633 1993 Ut
666 1936 859 1993 sciant
883 1938 1244 2010 Gentesquia
1273 1944 1407 1995 tues
1435 1942 1586 1996 Deus
1603 1946 1835 1997 noster:

178 2029 383 2097 totque
410 2024 850 2097 opprimentes,
892 2030 946 2081 et
1001 2026 1427 2083 contumeliam
1459 2028 1739 2086 facientes
1776 2031 1838 2085 in

177 2114 485 2186 superbia,
522 2116 542 2136 ¹⁵
561 2118 619 2170 et
648 2115 939 2171 constitue
966 2116 1259 2188 populum
1286 2118 1527 2174 tuumin
1547 2118 1680 2175 loco
1705 2134 1839 2175 san-

177 2208 269 2260 cto
297 2208 427 2261 tuo.

246 2296 309 2348 P.
339 2296 492 2349 Ecce
531 2293 714 2350 enim.

247 2383 471 2450 Gloria,
495 2388 551 2438 et
573 2382 790 2454 honorl
812 2383 980 2439 Patri.

243 2474 320 2530 P.
356 2472 755 2529 Fiducialiter.

787 2596 1273 2655 Matutinartum.

253 2705 333 2762 Sit
376 2704 667 2776 splendor
702 2702 941 2759 Domini
1002 2704 1103 2760 Dei
1135 2705 1316 2760 nostri
1367 2722 1543 2778 super
1582 2722 1733 2763 nos:
1786 2712 1842 2765 et

182 2810 367 2867 opera
396 2808 691 2849 manuum
711 2797 951 2848 tuarum
978 2792 1165 2863 dirige
1185 2810 1363 2866 super
1382 2810 1492 2850 nos
1508 2796 1568 2855 ἢν.
1600 2797 1839 2868 Respice

183 2886 242 2940 in
257 2899 469 2939 servos
497 2888 649 2948 tuos,
680 2886 738 2937 et
765 2882 825 2936 in
852 2897 1035 2953 opera
1074 2887 1196 2948 tua,
1222 2888 1278 2939 et
1326 2884 1512 2953 dirige
1544 2884 1695 2940 ﬁlios
1742 2900 1839 2941 eo-

184 2972 431 3029 rum.P.
484 2974 548 3025 Et
594 2986 776 3043 opera
816 2986 1126 3026 manuum.
1184 2971 1242 3031 3?.
1298 2972 1511 3037 Gloria,
1544 2978 1599 3029 et
1652 2973 1840 3031 honor

186 3063 363 3117 Patri.
402 3062 468 3115 P.
506 3062 570 3115 Et
592 3075 770 3131 opera
796 3074 1106 3115 manuum.

253 3151 500 3207 Lauda.
528 3150 779 3205 Laudate
816 3149 1133 3205 Dominum
1159 3151 1217 3206 in
1246 3153 1463 3207 sanctis
1486 3152 1615 3222 ejus
1649 3168 1661 3207 :
1696 3152 1836 3208 alle-

176 3242 325 3308 luia,
355 3239 614 3295 alleluia.
651 3239 910 3294 Laudate
939 3255 1075 3293 eum
1107 3240 1167 3295 in
1198 3241 1578 3298 ﬁrmamento
1607 3241 1838 3298 virtutis

176 3334 307 3404 ejus
337 3350 353 3387 :
388 3330 648 3386 alleluia.
678 3330 952 3385 Paulmus
977 3348 1208 3386 cxmu.

245 3420 603 3492 Prophetz‘a.
636 3418 926 3474 Haecdicit
952 3419 1239 3475 Dominus
1267 3439 1277 3476 :
1304 3420 1486 3487 Vade,
1508 3419 1835 3490 ingredere.

171 3510 286 3580 fol.
322 3512 419 3567 15.

863 3615 1163 3684 Hymnus.

434 3725 581 3779 Ecce
601 3720 867 3778 salvator
894 3737 1165 3777 omnium

359 3811 746 3868 Desideratus
772 3812 1053 3882 optimus,

359 3901 671 3958 Adventus
698 3900 869 3971 cujus
908 3899 1245 3971 praedictus,

361 3993 659 4047 Venturus
679 3994 768 4045 est
790 3989 1167 4061 quantocius.

438 4080 792 4137 Xundemus
816 4076 999 4133 corda
1018 4094 1053 4132 ει
1081 4077 1360 4134 sordibus

366 4168 647 4221 Parantes
678 4165 841 4221 viam
866 4167 1118 4223 Domino

366 4255 709 4309 Clamemus
746 4254 944 4311 cordis
975 4270 1202 4327 organo
1227 4274 1240 4311 :

366 4345 526 4408 Veni,
565 4344 939 4416 Redempter,
968 4345 1135 4403 salva
1154 4362 1292 4403 nos.

438 4437 559 4490 Deo
588 4435 738 4489 Patri
762 4434 835 4488 sit
886 4434 1095 4503 gloria,

360 4524 422 4595 Ε]
434 4538 628 4595 usque
662 4522 769 4577 soli
796 4522 958 4589 Filio,

364 4617 516 4670 Cum
542 4612 765 4684 Spiritu
794 4612 1081 4669 Paraclito

360 4707 430 4759 In
461 4703 827 4774 sempiterna
855 4702 1091 4759 saecula.

438 4794 655 4847 Amen.

254 4880 1396 4953 Supplicat£0.0remus.Redemptorem
1426 4881 1635 4937 mundi
1651 4882 1848 4939 Domi-

179 4987 333 5028 num
362 4974 665 5026 nostrum.
691 4968 811 5037 fol.
840 4972 891 5023 2.

2577 439 2672 494 Ad
2712 440 2998 511 VeSperos.

2026 536 2253 596 Lauda.
2277 544 2322 593 A
2353 542 2495 598 solis
2517 550 2649 601 ortu
2670 562 2863 619 usque
2886 545 2965 603 ad
2980 561 3282 607 occasum.
3294 552 3431 620 [οιΑ
3447 595 3460 608 .
3482 555 3604 610 An-

1957 620 2225 690 tiphona.
2267 630 2466 687 Veniet
2523 634 2808 690 Dominus
2865 651 3003 692 cum
3043 635 3307 694 senibus.
3370 640 3597 699 Lauda.

1958 712 2258 772 Dexteram
2286 722 2469 792 tuam,
2506 724 2657 779 Deus
2718 726 2970 795 Require
2993 726 3109 795 fol.
3138 730 3189 782 8.

2612 815 2910 884 Hymnus.

2199 900 2245 950 Α
2265 900 2455 970 Patre,
2480 902 2803 973 Unigenite,

2130 983 2218 1038 Ad
2249 1000 2358 1042 nos
2382 990 2549 1044 venis
2575 1007 2682 1062 per
2704 992 3024 1061 Virginem,

2131 1074 2412 1145 Baptismi
2440 1094 2573 1135 rore
2596 1096 2972 1153 consecrans,

2127 1162 2380 1220 Cunctos
2400 1166 2518 1223 ﬁde
2561 1184 2942 1239 regenerans,

2197 1253 2277 1307 De
2307 1255 2452 1311 caelo
2493 1257 2687 1314 celsus
2718 1260 3002 1331 prodiens

2128 1340 2366 1413 Excepit
2390 1343 2648 1402 formam
2678 1347 2943 1404 hominis

2124 1428 2318 1487 Victor
2346 1448 2382 1488 a
2406 1440 2595 1491 morte
2620 1435 2873 1503 rediens,

2125 1516 2356 1577 Gaudia
2383 1523 2517 1579 vitae
2540 1524 2819 1595 largiens.

2198 1611 2315 1665 Hoc
2346 1614 2419 1677 te,
2454 1613 2830 1686 Redemptor,
2862 1617 3249 1686 ‘quaasumus,

2133 1695 2375 1755 lllabere
2412 1702 2705 1774 propitius
2728 1722 2741 1770 ;

2127 1784 2484 1859 Clarumque
2504 1790 2724 1845 nostris
2751 1790 3032 1847 cordibus

2126 1877 2348 1931 Lumen
2370 1878 2570 1948 prmbe
2590 1877 2892 1934 deiﬁcum.

2196 1965 2313 2020 Deo
2342 1966 2496 2021 Patri
2521 1967 2593 2022 sit
2616 1967 2822 2037 gloria,
2864 1972 2975 2025 etc.

2017 2067 2383 2138 Supplicatio
2415 2071 2663 2129 Oremus
2689 2074 3152 2147 Redemptorem
3171 2076 3383 2132 mundi
3406 2076 3599 2133 Domi-

1948 2172 2096 2213 num
2120 2165 2396 2216 nostrum
2426 2162 2627 2217 Jesum
2669 2162 2984 2219 Christum.
3037 2164 3248 2231 Quaere
3268 2165 3376 2234 fol.
3400 2170 3451 2221 2.

2022 2247 2321 2316 Capitula.
2353 2252 2426 2305 Te
2458 2257 2835 2322 expectantes
2855 2268 3226 2324 quaesumus,
3287 2254 3531 2311 Domine
3580 2272 3595 2310 :

1951 2334 2119 2391 salva
2148 2352 2259 2392 nos
2283 2344 2590 2410 sperantes
2617 2340 2677 2395 in
2705 2344 2791 2397 te:
2826 2343 3050 2413 tuoque
3091 2357 3204 2400 nos
3242 2342 3590 2414 redemptos

1950 2425 2259 2495 sanguine,
2304 2428 2453 2484 sicut
2481 2444 2543 2484 es
2563 2428 2874 2501 pollicitus,
2908 2431 3222 2487 consolare
3248 2446 3369 2499 ;ac,
3402 2446 3601 2488 remo-

1950 2517 2007 2569 to
2034 2515 2277 2583 gemitu,
2307 2516 2675 2590 expulsoque
2704 2519 2929 2585 dolore,
2995 2520 3107 2590 18
3149 2520 3604 2592 sempiternum-

1950 2602 2237 2669 gaudium
2270 2609 2674 2678 aeternamque
2690 2607 2952 2664 laetitiam
2970 2623 3081 2664 nos
3110 2608 3289 2665 facito
3310 2608 3600 2665 obtinere.

2020 2690 2190 2745 Pater
2219 2698 2443 2749 noster.
2494 2696 2555 2749 Et
2600 2709 2693 2750 ne.
2723 2696 2858 2752 Sed.
2908 2700 2951 2750 A
3009 2695 3174 2752 malo
3218 2712 3331 2753 nos
3388 2696 3597 2754 libera.

1951 2778 2154 2841 Quaere
2176 2780 2283 2847 fol.
2322 2785 2405 2834 ιο.

2013 2866 2374 2922 Benedictio.
2415 2874 2618 2936 Agnus
2662 2869 2783 2937 Dei,
2809 2869 2914 2939 qui
2944 2868 3087 2924 olim
3146 2869 3312 2926 venit
3356 2875 3602 2943 peccata

1952 2953 2149 3009 tollere
2170 2955 2401 3021 mundi,
2426 2956 2656 3012 auferat
2683 2972 2719 3012 a
2744 2956 2918 3013 nobis
2940 2973 3180 3015 omnem
3203 2958 3600 3017 colluvionem

1867 3031 1907 3087 C
1949 3041 2161 3100 delicti.
2218 3055 2281 3111 R.
2314 3048 2522 3100 Amen.
2588 3046 2669 3116 Et,
2724 3047 2824 3117 qui
2873 3045 3037 3102 venit
3081 3046 3393 3118 redimere,
3435 3050 3600 3121 quod

1948 3133 2239 3204 perierat;
2265 3132 2342 3188 ad
2370 3132 2485 3189 hoc
2522 3134 2736 3189 iterum
2779 3136 2989 3200 veniat,
3028 3141 3089 3191 ut
3120 3137 3429 3211 redempta
3477 3154 3601 3195 non

1947 3221 2176 3294 puniat.
2230 3233 2291 3289 ἢ.
2350 3227 2557 3278 Amen.
2628 3224 2754 3289 Quo
2810 3240 2949 3279 cum
3000 3225 3117 3288 illo,
3172 3227 3233 3281 in
3260 3242 3383 3299 quo
3414 3226 3598 3283 ﬁdem

1948 3316 2214 3367 nostram
2240 3312 2571 3383 dirigimus,
2597 3313 2886 3381 gaudium
2916 3320 3293 3386 perpetuum,
3329 3332 3468 3370 cum
3501 3330 3599 3369 ve-

1946 3400 2117 3463 nerit,
2137 3399 2489 3456 habeamus.
2529 3412 2590 3467 Βι.
2626 3408 2832 3457 Amen.

2017 3491 2123 3543 Per
2142 3488 2613 3545 misericordiam
2646 3491 2831 3561 ipsius
2858 3488 2955 3545 Dei
2983 3488 3189 3554 nostri,
3222 3492 3330 3544 etc.

2016 3577 2230 3633 Lauda.
2264 3576 2593 3633 Manisleste
2620 3579 2830 3633 veniet.
2864 3578 3119 3648 Requz‘re
3136 3578 3249 3648 fol.
3277 3580 3335 3633 4.

2019 3666 2241 3724 Oratio.
2274 3669 2404 3737 Fac,
2432 3682 2561 3738 nos,
2592 3670 2776 3721 Pater.
2813 3666 2883 3722 Ut
2913 3666 3107 3737 infra.

2552 3775 2831 3839 QUARTA
2862 3775 3068 3830 FERIA

2528 3884 2625 3939 Ad
2658 3884 3051 3943 Matutinum.

2021 3990 2382 4058 Antiphona.
2401 3992 2557 4047 Lava
2571 4008 2685 4057 me,
2718 3993 2983 4057 Domine,
3008 3992 3087 4048 ab
3116 3992 3403 4063 injustitia
3430 4008 3595 4050 mea:

1949 4085 2005 4137 et
2030 4096 2066 4136 a
2095 4079 2353 4151 peccatis
2378 4081 2526 4137 meis
2543 4081 2774 4138 munda
2794 4098 2898 4139 cor
2920 4098 3148 4138 meum.
3180 4082 3448 4139 Psalmus
3471 4098 3524 4137 ι..

2022 4168 2244 4224 Oratio.
2310 4170 2483 4235 Deus,
2518 4168 2618 4225 Dei
2670 4169 2864 4237 Filius,
2928 4170 3102 4241 cujus
3179 4169 3240 4225 in
3309 4177 3600 4227 aeternum

1951 4262 2281 4329 permanet.
2315 4258 2564 4328 Requz're
2583 4259 2691 4328 fol.
2726 4263 2780 4315 3.

2021 4334 2382 4413 Antz‘phona.
2423 4346 2735 4402 Ambulate
2758 4362 2863 4419 per
2904 4352 3107 4419 portas
3144 4362 3331 4415 meas,
3356 4355 3413 4405 et
3437 4350 3599 4405 viam

1950 4433 2123 4490 facite
2144 4434 2301 4506 plebi
2337 4452 2524 4491 meae:
2557 4434 2811 4508 lapides,
2865 4436 2971 4509 qui
2992 4444 3130 4491 sunt
3160 4437 3219 4491 in
3249 4438 3361 4503 via,
3416 4438 3604 4493 revol-

1952 4523 2090 4579 vite.
2123 4526 2201 4581 P.
2244 4527 2387 4580 Ecce
2422 4526 2712 4580 Dominus
2739 4526 3085 4582 venietcum
3120 4526 3329 4581 salute.
3354 4525 3600 4585 V.Exul-

1954 4618 2070 4670 tate
2101 4614 2243 4685 justi
2272 4614 2333 4669 in
2359 4614 2643 4671 Domino:
2694 4620 2885 4669 rectos
2917 4615 3087 4671 decet
3113 4614 3493 4671 collaudatio.
3531 4616 3595 4671 P.

1956 4704 2100 4757 Ecce
2133 4702 2417 4758 Dominus
2459 4702 2668 4758 veniet.
2704 4702 2764 4763 Ψ.
2798 4702 3009 4769 Gloria,
3054 4709 3109 4760 et
3129 4704 3322 4760 honor
3342 4702 3513 4771 Patri,
3547 4704 3605 4757 et

1958 4790 2117 4855 Filio,
2147 4797 2255 4846 etc.
2283 4791 2350 4846 P.
2392 4794 2536 4847 Ecce
2569 4792 2853 4847 Dominus
2884 4793 3077 4849 veniet
3105 4808 3243 4847 cum
3265 4791 3469 4848 salute.

2031 4878 2248 4935 Oratio.
2275 4882 2409 4946 Fac,
2434 4896 2563 4951 nos,
2618 4883 2803 4943 Pater,
2862 4880 2924 4935 in
2968 4882 3158 4951 gratia
3183 4886 3240 4937 et
3305 4880 3607 4951 agnitione

1958 4970 2100 5024 Jesu
2129 4968 2336 5024 Christi
2356 4969 2461 5024 ﬁlii
2482 4970 2586 5037 tui,
2638 4969 2873 5024 Domini
2914 4971 3119 5037 nostri,
3162 4969 3419 5028 dilatatis
3478 4987 3608 5028 sen-

260 5058 577 5130 Capitula.
604 5058 825 5113 Memor
851 5061 995 5124 esto,
1033 5057 1299 5123 Domine,
1325 5056 1599 5114 Ecclesiae
1627 5062 1851 5123 tuae,ex
1963 5056 2128 5112 sibus
2151 5073 2448 5113 crescere:
2500 5062 2583 5127 ut,
2632 5063 3006 5130 expectantes
3069 5058 3409 5118 Adventum
3458 5062 3604 5133 ejus,

196 5148 469 5203 Gentium
493 5144 836 5202 diversitate
867 5146 1126 5202 collectae
1157 5164 1169 5202 :
1210 5148 1382 5219 eique
1428 5146 1851 5203 misericordia:
1964 5145 2364 5203 immaculatis
2398 5146 2750 5217 vestigiisad
2778 5147 2939 5203 diem
2956 5148 3165 5219 judicii
3181 5162 3603 5224 properemus:

192 5238 462 5292 veritatis
495 5242 615 5292 tuae
648 5236 962 5292 thesauros
994 5236 1193 5307 pande
1221 5254 1232 5291 :
1261 5242 1322 5292 ut
1348 5244 1402 5293 et
1426 5238 1658 5293 venisse
1680 5244 1729 5291 te
1747 5252 1855 5308 pro
1966 5252 2088 5307 quo
2119 5235 2247 5304 ejus
2276 5235 2467 5304 gratia
2496 5235 2593 5291 hic
2622 5237 2705 5291 sic
2748 5252 2880 5292 reos
2916 5237 3210 5305 absolvat,
3245 5246 3308 5295 ut
3333 5240 3392 5294 in
3413 5238 3607 5291 futuro

198 5341 321 5382 sua
346 5326 756 5399 redemptione
777 5324 1045 5391 laetatur;
1072 5331 1129 5381 et
1158 5342 1267 5398 pro
1300 5342 1411 5383 sua
1435 5328 1859 5383 remuneratio-

190 5432 273 5475 ne
304 5422 630 5474 ventnrum
657 5416 721 5471 in
746 5416 1125 5473 exultationis
1146 5415 1339 5487 jubilo
1398 5415 1788 5489 praestoletur.

267 5511 443 5564 Pater
462 5512 688 5564 noster.
719 5510 763 5561 Α
794 5506 953 5563 malo
978 5522 1088 5563 nos
1114 5505 1321 5578 libera,
1355 5511 1465 5563 etc.
1494 5506 1606 5575 fol.
1645 5510 1725 5563 to.

268 5596 679 5658 Lauda.Deus
692 5595 1005 5654 manifeste
1016 5596 1230 5654 veniet.
1242 5597 1500 5669 Require
1508 5596 1683 5666 fol.8.
1722 5596 1861 5653 Ora-

610 5684 853 5742 PATROL.
894 5684 1192 5742 LXXXVI.

1969 5324 2212 5397 culpam
2244 5326 2635 5383 intereuntem
2664 5343 2787 5383 non
2810 5330 3032 5400 puniat.
3062 5340 3123 5401 nu
3155 5334 3365 5383 Amen.

2041 5414 2388 5485 Antiphone
2407 5419 2463 5471 2.
2494 5416 2645 5474 Mitte
2675 5417 2870 5484 nobis,
2919 5418 3186 5482 Domine,
3212 5413 3500 5471 auxilium
3536 5410 3613 5467 de

1975 5508 2201 5570 sancto,
2223 5504 2287 5561 P.
2330 5507 2396 5563 Et
2419 5504 2494 5562 de
2535 5506 2675 5565 Sion
2706 5511 2867 5564 tuere
2916 5522 3049 5563 nos.
3084 5504 3143 5564 ν.
3178 5502 3445 5566 Domine,
3504 5499 3616 5558 sal-

1977 5610 2085 5653 vos
2108 5609 2219 5653 nos
2244 5594 2339 5653 fac
2372 5612 2384 5661 ;
2418 5611 2454 5653 ο
2477 5595 2745 5662 Domine,
2770 5596 2920 5653 bene
2940 5606 3328 5666 prosperare:
3372 5589 3620 5651 benedi-

3233 5681 3267 5736 3
