4118 6184
524 233 600 293 75
1804 214 2254 281 BREVIARIUM
2293 212 2687 283 GOTHICUM.
2726 214 2729 217 ’
3835 221 3896 283 76

525 367 674 427 ctus,
715 359 820 432 qui
841 357 1003 415 venit
1020 354 1080 413 in
1105 356 1347 412 nomine
1392 352 1650 410 Domini.
1680 354 1745 408 P.
1786 352 1851 406 Et
1907 348 1982 405 de
2030 350 2170 405 Sion
2201 348 2249 402 A
2280 346 2405 414 des,
2435 350 2452 367 '
2487 350 2600 422 ιθ
2624 353 2749 409 tota
2770 350 2867 409 die
2895 350 2954 410 et
2980 350 3104 410 tota
3134 349 3308 406 nocte
3332 340 3395 404 in
3413 346 3758 420 perpetuum
3789 365 3896 409 non

524 454 691 507 tuere
715 464 846 505 nos.
878 447 939 507 ὴ.
972 444 1187 509 Gloria,
1216 448 1274 499 et
1301 443 1496 499 honor
1516 439 1693 497 Patri.
1724 442 1783 503 P,
1817 440 1885 494 Et
1912 437 1986 492 de
2011 436 2172 492 Sion.
2284 436 2581 495 tacebunt.

601 537 829 596 Oratio.
869 538 956 591 Da
969 530 1443 599 nobis,Domine,
1475 527 1765 585 felicitatis
1779 525 2176 599 gaudiaeeter-
2357 526 2467 591 Qui
2488 526 2941 585 reminiscimini
2958 528 3299 596 Dominum,
3343 540 3419 581 ne
3444 526 3711 596 taceatis,
3736 529 3897 585 'etne

529 642 646 690 nm,
668 629 734 681 ut
755 624 818 681 in
841 626 896 679 te
921 635 1157 693 semper
1186 618 1447 689 gaudere
1461 619 1783 689 possimus,
1811 629 1887 669 ne
1902 613 2181 684 despera-
2285 612 2435 669 detis
2459 613 2977 685 silentium,donec
3007 616 3287 685 stabiliat,
3315 619 3373 671 et
3399 614 3593 671 donec
3612 616 3902 688 ponatHie—

528 712 637 770 bili
659 711 887 768 tristitia
900 710 1231 765 obruamur
1261 725 1274 762 :
1306 710 1371 762 ut
1390 706 1449 761 in
1468 704 1631 761 nullo
1649 703 1721 760 de
1753 700 2180 773 temporalibus
2287 702 2550 757 rusalem
2568 702 2811 760 laudem
2841 706 2903 760 in
2933 712 3113 760 terra.

534 802 742 859 soliciti
773 800 1004 869 simus;
1038 798 1222 869 et,qui
1256 803 1307 852 te
1326 812 1511 869 prope
1537 810 1664 849 esse
1688 795 1816 863 jam
1860 793 2178 856 credimus,
2363 793 2420 848 P.
2452 793 2735 848 Dominus
2766 795 2921 848 Deus
2967 792 3345 863 germinabit.
3397 791 3609 861 Gloria,
3643 796 3697 849 et
3736 793 3905 852 honor

534 890 922 946 mitissimum
946 895 1017 951 te,
1041 904 1173 942 cum
1211 886 1461 949 veneris,
1488 884 1838 939 sentiamus.
1861 894 1923 950 Ri.
1971 883 2180 941 Amen,
2292 882 2462 946 Patri,
2491 889 2597 937 etc.
2634 883 2674 935 P
2701 885 2982 938 Dominus
3004 883 3159 937 Deus
3190 880 3565 951 germinabit.

605 974 1555 1046 Antiphona3.Nosiugredientes
1570 971 1906 1025 vibidemus
1926 968 2186 1025 Salvato-
2366 970 2841 1025 Manum/trium.
2876 972 3029 1026 Deus
3054 972 3357 1025 Dominus.
3386 969 3450 1025 P.
3473 972 3535 1026 Et
3559 970 3903 1029 illuxitnobis

536 1082 665 1122 rem
697 1079 1007 1131 magnum,
1035 1063 1443 1116 universarum
1476 1074 1673 1113 rerum
1720 1055 2039 1112 Dominum
2082 1069 2186 1108 no-
2293 1058 2355 1117 ἢν.
2398 1060 2737 1113 Constituite
2763 1060 2922 1114 diem
2948 1059 3281 1115 solemnem
3307 1058 3368 1113 in
3390 1059 3707 1115 condensis
3738 1078 3907 1136 usque

540 1159 747 1208 strum.
771 1151 838 1205 P.
871 1151 1208 1204 Adventum
1231 1163 1407 1202 suum
1424 1145 1868 1202 manifestatum
1903 1142 2188 1201 membris
2296 1144 2373 1200 ad
2404 1161 2589 1200 cornu
2616 1146 2831 1201 altaris.
2876 1147 2944 1200 P.
3005 1149 3068 1202 Et
3100 1146 3292 1202 illuxit
3310 1146 3501 1202 nobis.
3535 1146 3595 1207 γ.
3621 1147 3814 1214 Gloria,
3857 1155 3909 1207 et

539 1240 841 1295 humanis.
878 1237 937 1298 Ψ.
976 1240 1222 1306 Magnus
1251 1234 1539 1293 Dominus
1583 1233 1905 1290 laudabilis
1925 1233 2103 1289 nimis
2128 1231 2189 1285 in
2295 1233 2491 1289 honor
2508 1235 2676 1289 Patri.
2711 1234 2775 1287 P.
2815 1237 2879 1290 Et
2923 1234 3112 1290 illuxit
3136 1235 3333 1290 nobis.

540 1329 774 1384 civitate
793 1326 1190 1395 Dei,in_monte
1205 1330 1411 1381 sancto
1424 1324 1554 1394 ejus
1566 1322 1983 1379 .P.Adventum
1997 1337 2185 1377 suum.
2365 1322 2588 1376 Lauda.
2601 1320 2857 1377 Laudate
2888 1323 3372 1391 Dominum/'01.!
3388 1327 3407 1377 l
3421 1364 3433 1378 .
3447 1322 3773 1394 Prophetia.
3791 1328 3908 1382 Haec

538 1416 600 1477 Ill.
637 1416 849 1481 Gloria,
881 1420 936 1469 et
970 1414 1164 1468 honor
1178 1413 1352 1469 Patri.
1396 1415 1458 1468 P.
1487 1412 1826 1468 Adventum
1851 1425 2052 1466 suum.
2297 1410 2437 1465 dicit
2466 1410 2751 1466 Dominus
2772 1429 2790 1465 ι.
2840 1411 3001 1467 Vade
3042 1411 3371 1481 ingredere.
3426 1412 3635 1480 Quare
3689 1414 3795 1483 fol.
3831 1419 3910 1471 15.

610 1504 1093 1561 0ratio.Domine
1112 1506 1263 1558 Deus
1278 1504 1430 1558 Deus
1447 1500 1969 1572 retributionis,qui
1982 1500 2042 1556 in
2061 1514 2189 1554 car-
2297 1498 2589 1568 Hymnus.
2626 1500 2769 1554 Ecce
2800 1498 3068 1554 Salvator
3087 1499 3387 1563 omnium,
3412 1500 3520 1569 fol.
3565 1501 3648 1554 17.

539 1608 616 1649 ne
646 1596 822 1649 natus
850 1591 1112 1655 humilis,
1138 1590 1216 1646 ad
1235 1590 1531 1660 judicium
1558 1596 1844 1645 venturus
1884 1586 2186 1653 terribilis;
2370 1588 2666 1657 Capitula.
2691 1586 3035 1643 Dominator
3081 1586 3493 1644 desiderabilis
3532 1589 3765 1645 Domine
3786 1591 3920 1647 Jesu

542 1680 708 1737 salva
718 1696 829 1736 nos
840 1680 1144 1735 credentes
1156 1677 1219 1732 in
1232 1682 1286 1732 te
1303 1682 1390 1733 :ut
1401 1678 1679 1734 caecitatis
1693 1683 1918 1733 nostros
1934 1675 2188 1733 tenebrae
2218 1690 2263 1745 Β
2300 1676 2724 1748 Christe,quasi
2752 1676 2907 1745 ignis
2933 1676 3202 1732 conﬂans
3218 1676 3295 1732 ab
3312 1676 3517 1733 scoriis
3532 1677 3927 1750 peccaminum

541 1784 578 1826 a
606 1773 661 1824 te
688 1768 1055 1837 illuminatae,
1090 1766 1330 1822 luminis
1364 1767 1447 1822 tui
1468 1766 1730 1822 claritate
1755 1765 2185 1837 praefulgeant;
2298 1780 2410 1821 nos
2429 1764 2702 1834 absterge
2727 1781 2741 1819 :
2762 1780 2824 1819 es
2844 1765 3018 1836 quasi
3036 1781 3252 1821 aurum
3265 1781 3479 1837 purum
3517 1773 3930 1841 argentumque

538 1857 791 1929 qualiter
817 1856 1057 1912 auditus
1084 1854 1298 1910 mentis
1310 1858 1530 1911 nostrae
1547 1853 1621 1909 de
1634 1868 1889 1926 operum
1904 1853 2190 1923 dignitate
2298 1858 2641 1925 purgatum,
2666 1867 2778 1908 nos
2806 1852 2995 1919 eﬂice,
3026 1857 3248 1925 tuoque
3273 1853 3760 1926 inspiramine,ad
3779 1871 3933 1928 quaa-

539 1960 778 2015 semper
794 1942 901 2000 tibi
925 1942 1313 2013 complaceat.
1337 1952 1405 2011 Βι.
1434 1942 1642 1997 Amen.
2299 1941 2557 1998 rendum
2584 1946 2637 1997 te
2660 1941 2898 2012 jugiter,
2937 1942 3121 1999 corda
3189 1947 3397 2000 nostra
3422 1943 3747 2000 succende:
3766 1952 3824 2000 ut
3855 1946 3931 2001 ad

610 2044 676 2103 1y.
701 2035 830 2088 Non
870 2032 1169 2088 auferetur
1216 2035 1519 2102 sceptrum
1564 2029 1636 2085 de
1656 2032 1682 2086 J
1690 2028 1827 2094 uda,
1855 2044 1964 2085 nec
1977 2028 2101 2085 dux
2116 2026 2190 2084 de
2300 2034 2355 2086 te
2379 2030 2658 2087 ardenter
2683 2034 2887 2086 nostra
2913 2029 3213 2087 desideria
3240 2031 3770 2105 anhelent,tibique
3796 2048 3935 2091 con-

533 2120 864 2177 femoribus
884 2121 1034 2191 ejus,
1061 2118 1251 2175 donec
1311 2118 1529 2184 veniat,
1570 2117 1677 2191 qui
1715 2118 2037 2175 mittendus
2080 2120 2185 2174 est.
2294 2117 2612 2188 jungitota
2632 2117 2912 2173 aviditate
2939 2117 3239 2176 festinent.

534 2212 595 2266 P.
624 2212 692 2267 Et
726 2210 857 2282 ipse
876 2209 984 2265 erit
1003 2207 1333 2281 expectatio
1373 2207 1669 2263 Gentium.
1714 2206 1776 2267 ir.
1824 2206 2185 2271 Bethlehem,
2371 2210 2538 2263 Pater
2578 2211 2801 2271 noster,
2832 2211 2943 2262 etc.

533 2297 743 2357 civitas
766 2299 866 2355 Dei
880 2297 1122 2366 summi,
1145 2312 1218 2355 ex
1242 2304 1300 2353 te
1324 2294 1561 2368 prodiet
1590 2295 1936 2352 dominator
1979 2294 2184 2355 lsrael.
2368 2299 2414 2350 A
2440 2295 2600 2351 malo
2630 2311 2741 2351 nos
2769 2294 2976 2363 libera,
3008 2298 3065 2351 et
3091 2296 3152 2351 in
3181 2299 3283 2352 tuo
3312 2295 3525 2354 timore
3554 2312 3729 2371 opere
3776 2299 3937 2358 bono

534 2385 604 2445 F.
640 2388 710 2444 Et
734 2386 867 2461 ipse
914 2385 1043 2443 erit.
1104 2384 1166 2446 7t.
1214 2385 1429 2450 Gloria,
1513 2388 1570 2441 ct
1608 2385 1801 2440 honor
1847 2384 2021 2448 Patri,
2074 2388 2182 2443 etc.
2294 2398 2407 2440 nos
2431 2384 2743 2448 conﬁrma,
2776 2383 3028 2440 Trinitas
3051 2384 3205 2440 Deus
3224 2389 3448 2453 noster,
3480 2387 3584 2460 qui
3611 2402 3675 2444 es
3695 2387 3936 2447 benedi-

530 2475 877 2534 Reiteretur.
906 2486 970 2546 It.
994 2476 1124 2535 Non
1143 2472 1443 2531 auferetur
1468 2476 1771 2545 sceptrum
1798 2472 1871 2528 de
1900 2473 1928 2527 J
1938 2471 2073 2530 uda.
2294 2476 2409 2540 tus,
2436 2477 2492 2530 et
2515 2473 2680 2538 vivis,
2714 2476 2772 2529 et
2799 2472 3004 2531 omnia
3030 2473 3186 2544 regis
3214 2474 3277 2529 in
3308 2474 3530 2533 saecla
3559 2477 3932 2538 saeculorum.

1156 2589 1232 2644 In
1263 2588 1577 2647 Laudibus.
2363 2573 2433 2632 Ιίνο
2466 2566 2674 2617 Amen-

2359 2651 2649 2706 Dominus
2671 2650 2744 2706 sit
2773 2666 3008 2723 semper
3041 2650 3376 2710 vobiscum.
3403 2664 3470 2724 It.
3510 2655 3574 2710 Et
3597 2671 3757 2715 cum.

2355 2739 2587 2796 Lauda.
2623 2740 2777 2795 Deus
2816 2739 3131 2797 manifeste
3209 2740 3426 2800 veniet.
3451 2741 3560 2813 fol.
3591 2743 3648 2802 8.
3707 2746 3934 2807 Oratio.

2286 2827 2438 2882 Deus
2459 2827 2565 2900 qui
2594 2826 2823 2885 tubam.
2866 2827 3072 2896 Quare
3086 2828 3274 2899 infra.

600 2703 701 2761 Ad
729 2700 1754 2772 CanticumAntiphona.Dominus
1778 2703 1933 2757 Deus
1963 2700 2180 2771 germi-

522 2791 693 2848 nabit
699 2791 1007 2863 justitiam,
1018 2790 1327 2846 etlaudem
1343 2805 1547 2846 coram
1560 2788 1842 2844 omnibus
1859 2788 2141 2846 Gentibus
2154 2831 2167 2844 .

1021 2894 1329 2952 Canticum
1356 2895 1580 2966 (Esaiae
1611 2902 1745 2963 LXI).
2477 2894 2500 2900 “
2884 2894 3000 2971 *Αά
3050 2894 3346 2987 Vesper”,

593 3004 870 3095 Gaudens
893 3002 1172 3095 gaudebo
1182 3001 1246 3095 in
1274 3001 1583 3067 Domino,‘
1613 3000 1904 3060 exultabit
1928 3002 2174 3075 spiritus
2202 3038 2245 3095 G
2296 3092 2318 3095 ᾼ
2352 3002 2572 3095 [ιιιῃιίαζ
2598 3006 2646 3059 Α
2676 3003 2815 3060 solis
2850 3008 3002 3060 ortu.
3033 3004 3944 3095 Antiphona.Veniet§Dominus

519 3108 693 3152 meus
718 3094 781 3153 in
807 3096 925 3149 Deo
956 3091 1197 3147 salutari
1243 3105 1380 3146 meo
1408 3106 1423 3146 :
2213 3091 2242 3095 ⁷
2286 3092 2506 3151 Lauda.
2540 3093 2855 3150 Dexteram
2876 3100 3061 3161 tuam,
3073 3094 3184 3164 fol.
3222 3098 3275 3153 8.

591 3182 740 3249 Quia
765 3180 958 3238 induit
975 3196 1067 3235 me
1087 3179 1439 3237 vestimento
1464 3178 1673 3236 salutis
1706 3193 1721 3234 :
1749 3178 2171 3239 etindumento
2955 3184 3252 3251 Hymnus.

508 3268 896 3342 jocunditatis
911 3265 1304 3325 circumdedit
1326 3281 1443 3332 me,
2526 3272 2691 3327 Mane
2717 3270 3058 3338 nobiscum,
3092 3271 3377 3332 Domine:

587 3358 770 3425 Quasi
812 3372 1107 3430 sponsum
1154 3355 1503 3412 decoratum
1554 3369 1794 3426 corona,
1832 3357 1847 3373 '
1881 3358 1938 3415 et
1991 3357 2169 3432 quasi
2452 3361 2693 3416 Noctem
2714 3359 3038 3417 obscuram
3063 3375 3335 3419 remove:

515 3462 807 3520 sponsam
826 3450 1103 3505 ornatam
1128 3443 1456 3503 monilibus
1483 3444 1632 3503 suis.
2452 3447 2639 3504 Omne
2660 3447 2944 3505 delictum
2966 3448 3178 3505 ablue:

586 3535 747 3591 Sicut
763 3535 924 3591 enim
942 3537 1098 3613 terra
1117 3532 1339 3606 profert
1368 3547 1615 3604 germen
1656 3548 1855 3601 suum,
1887 3534 1904 3551 '
1930 3537 1987 3591 et
2008 3534 2165 3591 sicut
2450 3537 2551 3593 Pie
2580 3537 2880 3594 medelam
2909 3536 3125 3593 tribue.

511 3625 720 3681 hortus
740 3640 947 3680 semen
976 3641 1153 3681 suum
1199 3622 1500 3697 germinat
1535 3640 1549 3690 ;
2520 3628 2710 3693 Quem
2724 3625 2856 3697 jam
2878 3625 3113 3682 venisse
3152 3624 3470 3695 credimus,

586 3711 681 3769 Sic
702 3712 985 3768 Dominus
1016 3715 1169 3768 Deus
1214 3710 1574 3782 germinabit
1599 3710 1616 3730 '
1646 3710 1941 3781 justitiam
1969 3711 2164 3769 etlau-
2448 3714 2656 3771 Redire
2674 3714 2817 3770 item
2839 3714 3161 3783 novimus;

512 3800 652 3859 dem
690 3816 895 3859 coram
921 3800 1203 3856 omnibus
1236 3799 1541 3856 Gentibus.
2450 3805 2881 3876 Sceptrumque
2906 3808 3078 3860 tuum
3100 3803 3398 3878 inclytum

583 3892 824 3962 Propter
851 3888 989 3946 Sion
1013 3903 1135 3944 non
1160 3886 1389 3954 tacebo,
1414 3888 1431 3923 ε
1454 3891 1769 3961 etpropter
1794 3887 2160 3946 Hierusalem
2446 3895 2569 3949 Tu’o
2606 3892 2861 3950 defende
2891 3893 3126 3966 clypeo.

510 3993 635 4035 non
658 3979 986 4050 quiescam,
2517 3981 2661 4049 Vita,
2687 3981 2868 4047 salus,
2894 3987 2951 4039 et
2979 3982 3201 4039 veritas

580 4070 781 4124 Donec
803 4066 1144 4137 egrediatur
1173 4065 1325 4121 sicut
1371 4064 1657 4136 splendor
1700 4065 1899 4136 justus
1919 4068 2070 4137 ejus,
2105 4070 2163 4123 et
2446 4070 2686 4137 Christe,
2714 4073 3001 4141 rogantes
3036 4069 3265 4140 adjuva
3294 4087 3309 4126 :

510 4155 775 4214 salvator
800 4157 931 4227 ejus
959 4163 1024 4212 ut
1051 4154 1246 4215 facula
1275 4152 1659 4210 accendatur.
2445 4162 2746 4233 Hymnum
2782 4164 3065 4217 sonantes
3097 4159 3319 4231 jubilo,

573 4248 641 4301 Et
671 4245 959 4302 videbunt
983 4247 1190 4303 Gentes
1214 4244 1440 4316 justum
1498 4247 1689 4311 tuum,
1719 4244 1734 4261 '
1754 4247 1812 4301 et
1837 4245 2035 4302 cuncti
2068 4260 2159 4303 re-
2442 4249 2640 4305 Zelum
2664 4248 2983 4305 vincamus
3002 4247 3327 4306 lubricum.

508 4349 614 4405 ges
630 4334 923 4406 inclytum
951 4338 1159 4391 tuum:
2185 4385 2229 4408 η
2513 4342 2630 4395 Deo
2657 4339 2806 4395 Patri
2831 4337 2910 4395 sit
2929 4338 3144 4408 gloria.

1145 4385 1374 4481 nomen
1403 4437 1649 4480 novum.
1679 4422 1875 4495 'quod
1916 4438 1985 4480 os
2045 4426 2152 4480 Do-
2183 4385 2231 4442 Β
2334 4385 3469 4501 8αρριῖίᾶιέοῗὸιιρηλιῖεγῐξᾶἰέωρῑοιθω
3487 4429 3704 4486 mundi
3726 4432 3960 4490 Domi-

504 4512 655 4569 mini
674 4512 1028 4571 nominabit.
2256 4532 2405 4574 num
2426 4522 2700 4573 nostrum
2722 4519 2923 4573 Jesum
2952 4517 3268 4583 Christum,
3310 4532 3451 4574 eum
3478 4519 3646 4577 omni
3687 4521 3963 4595 suppli.

573 4604 643 4658 Et
665 4602 783 4659 eris
810 4617 1032 4659 corona
1067 4601 1269 4672 glorias
1293 4600 1357 4657 in
1406 4616 1593 4658 manu
1629 4599 1886 4665 Domini,
1906 4601 1923 4618 '
1945 4603 2002 4656 et
2022 4600 2145 4658 dia-
2256 4606 2487 4664 catione
2513 4622 2817 4681 rogemus,
2844 4612 2909 4662 ut
2938 4622 3049 4663 nos
3075 4606 3264 4677 gratia
3283 4607 3589 4665 Adventus
3642 4609 3745 4666 sui
3790 4625 3962 4682 pro-

501 4691 861 4762 demaregni
885 4691 948 4747 in
966 4706 1152 4749 manu
1180 4690 1281 4747 Dei
1309 4690 1412 4746 tui.
2255 4694 2433 4767 pitius
2449 4695 2777 4767 justiﬁcare
2806 4696 3104 4767 dignetur.
3126 4707 3194 4767 ﬁ.
3223 4698 3442 4754 Prwsta
3467 4702 3691 4755 aeterne
3724 4699 3963 4756 omni-

571 4784 700 4837 Non
726 4780 1037 4837 vocaberis
1061 4780 1216 4837 ultra
1247 4778 1529 4837 derelicta
1557 4797 1570 4835 :
1603 4782 1662 4835 et
1693 4782 1846 4835 terra
1890 4780 1992 4833 tua
2021 4792 2144 4835 non
2254 4783 2468 4852 potens
2493 4780 2667 4836 Deus.

499 4869 812 4927 vocabitur
834 4867 1094 4942 amplius
1125 4869 1398 4927 Desolata
1423 4884 1439 4924 :
2322 4872 2497 4929 Dicat
2523 4872 2855 4943 Presbyter.
2874 4870 3301 4944 Kyrieeleiscn.
3324 4869 3631 4944 ηοω-ἰείη
3647 4872 3924 4933 eloison
3938 4919 3955 4933 .

574 4959 688 5015 Sed
705 4959 1019 5018 vocaberis
1045 4959 1327 5018 voluntas
1364 4973 1500 5015 mea
1521 4956 1584 5013 in
1606 4972 1699 5027 ea,
1730 4957 1749 4980 '
1781 4959 1837 5013 et
1869 4959 2023 5013 terra
2043 4960 2144 5015 tua
2253 4962 2427 5035 Kyrie
2457 4961 2696 5018 eleison.

498 5046 954 5108 inhabitabitur.
2325 5051 2618 5121 Capttuta.
2653 5051 2901 5108 Domine
2911 5052 3054 5109 Jesu
3074 5050 3428 5123 Christe,qui
3449 5056 3815 5125 assumpto
3832 5053 3972 5111 ho-

565 5137 870 5196 Habitabit
898 5138 1061 5195 enim
1079 5137 1321 5209 juvenis
1346 5151 1486 5191 cum
1498 5133 1744 5205 virgine,
1778 5136 1797 5156 '
1826 5137 1883 5190 et
1905 5133 2141 5193 inhabi—
2247 5140 2410 5197 mine
2422 5140 2738 5198 hominum
2750 5140 3385 5214 susceptoreﬂ'ectusin
3399 5139 3597 5197 lucem
3627 5141 3979 5200 Gentium

494 5227 709 5285 tabunt
734 5228 796 5284 in
821 5232 879 5283 te
907 5227 1013 5283 ﬁlii
1030 5227 1136 5282 tui.
2246 5229 2422 5287 datus
2451 5246 2515 5285 es
2537 5245 2551 5297 ;
2572 5230 2735 5302 aperi
2773 5229 2982 5286 oculos
3015 5229 3288 5286 cordium
3330 5228 3394 5285 in
3425 5233 3480 5286 te
3528 5228 3981 5288 credentium

562 5316 723 5372 Sicut
773 5317 937 5373 enim
983 5314 1207 5385 gaudet
1255 5328 1518 5386 sponsus
1585 5327 1766 5386 super
1837 5328 2139 5386 sponsam
2246 5317 2630 5389 populorum,
2655 5321 2834 5390 atque
2862 5317 3144 5375 abstrahe
3167 5317 3511 5374 misericors
3555 5316 3633 5374 de
3670 5317 3986 5375 conchi-

490 5421 688 5476 suam,
728 5405 815 5463 sic
842 5402 1129 5476 gaudebit
1166 5403 1452 5461 Dominus
1479 5407 1634 5461 Deus
1669 5408 1807 5461 tuus
1845 5420 2021 5476 super
2057 5412 2131 5461 te.
2243 5406 2410 5464 sione
2433 5406 2719 5478 religatos
2739 5406 2943 5465 adhuc
2956 5406 3215 5467 vinculis
3239 5405 3734 5476 dimdentiaiset,
3769 5421 3999 5481 quo.

563 5497 754 5572 Super
787 5509 996 5556 muros
1017 5496 1153 5555 tuos
1175 5492 1543 5554 Hierusalem
1599 5494 1877 5554 constitui
1934 5499 2133 5553 custo-
2238 5494 2302 5553 in
2324 5494 2504 5556 domo
2516 5497 2769 5555 carceris
2779 5496 3025 5555 detineri
3044 5495 3351 5571 conspicis
3372 5495 3436 5555 in
3460 5494 3983 5570 tenebrieigno—
