4118 6184
178 262 245 329 77
1122 270 1335 326 FERIA
1373 268 1444 327 VI
1484 270 1666 329 POST
1706 270 1883 328 DOM.
1926 272 1973 327 ΙΙ
2015 276 2391 337 ADVENTUS
2432 281 2712 339 DOMINI.
3539 296 3609 356 73

179 398 407 463 rantiaa,
446 400 593 462 tuae,
619 408 981 467 quaesumus,
1045 393 1304 450 scientia
1363 396 1608 453 irradies
1638 395 1834 466 splen-
1868 397 1915 451 A
2020 400 2242 457 Oratio.
2279 404 2515 461 Venisse
2534 409 2588 461 te
2621 406 2942 463 Dominum
2964 406 3024 464 in
3058 409 3216 476 Sion,
3248 427 3388 471 cum
3427 417 3606 475 laude

182 489 343 544 dore.

250 577 423 631 Pater
448 575 676 629 noster.
706 574 773 626 Et
798 586 877 627 ne
912 585 1042 627 nos.
1075 573 1123 626 A
1150 570 1311 628 malo
1341 587 1453 627 nos
1497 572 1706 630 libera.
1739 574 1837 642 fol.

188 668 267 720 10.

258 750 573 809 Humiliate
603 764 715 805 vos
744 748 1165 805 benedictioni.
1195 748 1483 806 Dominus
1509 750 1583 806 sit
1607 765 1843 821 semper

190 841 524 898 vobiscum.
555 840 681 906 ﬁEt
720 853 882 894 cum.

264 929 624 987 Benedictio.
649 925 882 984 Gaudio
896 925 1210 981 Adventus
1226 926 1320 981 sui
1335 941 1446 982 nos
1466 927 1734 984 Christus
1750 927 1847 982 lae-

193 1019 391 1084 tiﬁcat,
414 1016 672 1074 etcorda
701 1019 907 1071 nostra
931 1014 1253 1069 divinitatis
1272 1031 1395 1070 suae
1416 1016 1604 1085 gratia
1623 1031 1849 1087 semper

190 1107 511 1163 illuminet.
545 1116 611 1164 Et.
659 1104 871 1159 Amen.
922 1102 1220 1159 Desideria
1272 1108 1479 1160 nostra
1535 1104 1848 1175 presentiee

190 1212 316 1250 suae
346 1192 673 1250 exibitione
704 1190 1012 1260 gratiﬁcet,
1043 1195 1100 1248 et
1142 1190 1524 1247 devotionem
1581 1196 1850 1248 nostram

188 1283 495 1355 propitius
524 1284 802 1351 acceptet.
834 1290 899 1347 ﬁ.
925 1282 1131 1334 Amen.
1169 1282 1230 1335 Et
1280 1280 1632 1337 accensione
1661 1280 1751 1335 sui
1791 1295 1850 1334 a-

187 1370 477 1427 morisita
497 1384 594 1424 cor
604 1372 879 1423 nostrum
897 1382 1134 1438 semper
1159 1367 1462 1433 efferveat,
1484 1373 1548 1426 ut
1574 1369 1849 1425 veniente

186 1460 287 1515 illo
319 1458 400 1515 ad
411 1457 710 1528 judicium
732 1471 841 1527 pro
856 1456 1081 1512 meritis
1096 1471 1215 1512 non
1240 1456 1523 1513 tabescat.
1554 1470 1616 1527 Ην.
1638 1460 1845 1516 Amen.

256 1549 369 1602 Per
383 1544 863 1601 misericordiam
894 1544 1085 1616 ipsius
1114 1546 1213 1601 Dei
1236 1546 1446 1610 nostri,
1477 1547 1600 1618 qui,
1630 1553 1740 1605 etc.

252 1636 489 1695 Lauda.
522 1638 677 1691 Deus
697 1633 1010 1689 manifeste
1026 1634 1239 1691 veniet.
1257 1635 1466 1701 Quare
1481 1638 1596 1705 fol.
1625 1641 1675 1692 8.
1704 1640 1848 1695 Ora-

190 1732 291 1791 tio,
329 1726 510 1792 Deus,
528 1724 635 1795 qui
668 1724 878 1780 tubam
902 1724 966 1779 in
997 1723 1156 1790 Sion,
1182 1731 1247 1779 ut
1278 1725 1458 1793 infra.

408 1815 629 1871 SEXTA
662 1813 866 1868 FERIA
898 1814 966 1867 ΙΝ
1006 1814 1337 1869 ADVENTU
1370 1815 1631 1871 DOMINI.

766 1900 866 1955 Ad
892 1900 1272 1957 matutinum.

254 1990 636 2060 Antc’pltona.
658 1992 721 2044 In
737 1993 789 2043 te
806 1988 1052 2043 conﬁdit
1088 1989 1293 2047 anima
1304 2005 1461 2055 mea,
1484 1995 1541 2047 et
1554 1992 1615 2048 in
1632 1992 1852 2049 umbra

188 2083 428 2137 alarum
454 2084 695 2135 tuarum
710 2076 988 2149 sperabo,
1038 2076 1231 2133 donec
1256 2081 1519 2135 transeat
1543 2080 1845 2152 iniquitas.

186 2169 468 2226 Psalmus
494 2183 605 2223 va.
639 2166 911 2223 Miserere
943 2165 1081 2230 mei,
1139 2166 1296 2222 Deus
1329 2184 1342 2222 :
1392 2168 1676 2224 miserere
1706 2170 1847 2236 mei,

185 2258 491 2331 quoniam
508 2254 757 2312 conﬁdit
778 2256 839 2310 in
862 2259 935 2320 te,
960 2258 1067 2311 etc.
1094 2257 1318 2312 Oratio.
1342 2258 1517 2327 Deus,
1534 2259 1632 2313 Dei
1646 2258 1846 2325 Filius,

189 2347 367 2417 cujus
394 2346 458 2400 in
486 2349 779 2400 aeternum
806 2349 1119 2414 permanet
1148 2359 1390 2400 nomen.
1424 2345 1630 2411 Quare
1651 2349 1765 2416 fol.
1797 2352 1845 2403 3.

256 2434 598 2502 Antipyona
627 2433 674 2485 l.
706 2434 852 2487 Ecce
884 2432 1171 2487 Dominus
1216 2433 1362 2488 tuba
1391 2439 1565 2490 canet
1592 2435 1652 2489 in
1687 2436 1845 2491 Sion.

186 2527 248 2579 P.
276 2521 639 2579 EtVenietin
662 2519 898 2575 turbine
920 2520 1115 2575 Austri
1151 2538 1164 2575 :
1190 2520 1322 2592 ipse
1347 2522 1636 2577 Dominus
1661 2523 1851 2580 omni-

187 2616 400 2684 potens
434 2614 711 2683 proteget
762 2624 899 2666 nos.
920 2608 981 2668 ἴ.
1013 2607 1229 2664 Fidelis
1261 2610 1551 2667 Dominus
1575 2610 1635 2667 in
1656 2611 1853 2671 verbis

188 2703 330 2765 suis,
364 2705 423 2757 et
454 2704 702 2757 sanctus
720 2699 784 2755 in
808 2699 1097 2755 omnibus
1116 2699 1399 2770 operibus
1416 2701 1559 2757 suis.
1582 2701 1648 2755 P.
1675 2705 1739 2759 Et
1758 2718 1854 2759 ve-

187 2792 308 2846 niet
327 2790 391 2844 in
414 2788 658 2845 turbine
688 2788 903 2843 Austri.
931 2787 994 2846 v.
1018 2787 1227 2853 Cloria,
1272 2793 1328 2844 et
1355 2789 1550 2845 honor
1578 2792 1731 2846 Patri
1760 2808 1773 2845 :
1799 2795 1855 2848 et

190 2878 478 2943 Filio,etc.
508 2877 573 2931 P.
608 2876 737 2948 Ipse
758 2874 1071 2931 Dominus.

264 2966 493 3022 Oratio.
520 2967 691 3029 Deus,
722 2964 827 3035 qui
856 2964 1065 3020 tubam
1110 2963 1171 3019 in
1200 2964 1340 3019 Sion
1369 2966 1705 3031 continens,
1734 2968 1851 3024 sal-

182 3072 340 3113 vare
354 3054 571 3112 venisti
590 3055 649 3109 in
664 3053 859 3109 Austri
880 3054 1113 3110 turbine
1135 3058 1498 3125 peccatores,
1519 3056 1667 3112 dum
1704 3056 1852 3113 alios

182 3153 420 3202 terrore
436 3144 769 3207 sihnorum,
787 3142 937 3199 alios
950 3142 1391 3214 pradicationis
1423 3145 1612 3215 gratia
1631 3146 1852 3204 excitae

183 3239 263 3295 ad
290 3234 669 3294 credendum
699 3254 712 3303 ;
747 3238 991 3306 protege
1012 3250 1125 3291 nos
1170 3235 1248 3291 ab
1275 3236 1441 3292 omni
1496 3237 1852 3296 adversitate

184 3325 596 3382 tentationum
628 3341 640 3379 :
666 3326 733 3378 ut
754 3323 903 3379 tuba
922 3322 1091 3378 verbi
1122 3323 1206 3379 tui
1237 3324 1313 3379 sit
1337 3340 1574 3397 semper
1600 3325 1852 3384 salvatio

186 3416 415 3471 anima
445 3414 566 3481 20
584 3415 641 3466 et
668 3411 936 3481 corporis
980 3411 1187 3467 nostri.
1224 3422 1286 3481 BI.
1320 3415 1529 3469 Amen.

264 3504 377 3557 Per
400 3498 884 3555 misericordiam
944 3502 1134 3569 tuam,
1168 3502 1322 3556 Deus
1351 3506 1571 3566 noster,
1599 3506 1690 3559 etc

265 3593 436 3647 Dicat
455 3588 798 3657 Presbyter.
835 3588 1125 3644 Dominus
1166 3589 1238 3645 sit
1267 3605 1497 3662 semper
1520 3591 1850 3648 vobiscum.

188 3692 263 3741 Pe.
294 3682 364 3734 Et
392 3693 533 3733 cum
557 3675 771 3747 spiritu
812 3679 931 3731 tuo.

268 3765 1095 3836 Antiphona2.Congregavit
1122 3766 1410 3823 Dominus
1422 3768 1853 3841 dispersionem

190 3856 414 3930 populi
435 3860 526 3912 sui
556 3856 618 3911 in
640 3854 1069 3911 misericordia.
1100 3854 1165 3908 P.
1209 3858 1275 3911 Et
1300 3857 1595 3915 videbitur
1620 3858 1856 3916 claritas

188 3946 331 4015 ejus
382 3944 447 4000 in
501 3943 681 4008 nube,
744 3943 900 3999 sicut
946 3942 1317 4015 temporibus
1374 3947 1574 4017 Moysi.
1644 3948 1730 4002 P.‘
1789 3950 1858 4004 Et

189 4031 683 4090 manifestabitur
696 4031 1218 4103 quemadmodum
1235 4032 1569 4090 Salomonis
1591 4035 1769 4105 regis.
1790 4035 1853 4097 ιγ.

188 4126 263 4179 Et
285 4119 707 4179 dominabitur
736 4136 773 4176 a
789 4121 939 4176 mari
971 4136 1159 4192 usque
1173 4121 1252 4177 ad
1275 4137 1460 4187 mare,
1488 4126 1592 4179 eta
1612 4123 1857 4179 ﬂumine

186 4226 403 4283 usque
428 4207 510 4264 ad
540 4208 897 4280 propagines
922 4209 1071 4279 ejus.
1106 4211 1162 4264 P.
1198 4212 1265 4265 Et
1296 4209 1593 4267 videbitur
1622 4211 1857 4268 claritas

190 4301 352 4371 ejus.
390 4298 456 4354 it'.
484 4296 677 4353 Gloria
704 4302 763 4352 et
788 4296 983 4352 honor
1030 4297 1205 4362 Patri,
1233 4303 1291 4354 et
1347 4298 1511 4365 Filio,
1559 4304 1667 4357 etc.
1701 4303 1761 4356 P.
1792 4303 1861 4357 Et

189 4385 691 4446 manifestabitur
730 4385 1251 4457 quemadmodum
1296 4387 1630 4446 Salomonis
1680 4389 1855 4459 regis.

272 4478 508 4535 Oratio.
537 4477 867 4546 Congrega,
901 4476 1172 4543 Domine,
1195 4476 1631 4549 dispersionem
1654 4479 1865 4552 populi

198 4568 362 4626 tniin
375 4564 817 4630 misericordia,
839 4580 1025 4637 quem
1059 4565 1222 4637 olim,
1255 4567 1673 4640 redempturus
1694 4584 1866 4625 mun-

200 4657 446 4727 dum,in
472 4656 689 4711 virtute
706 4654 934 4710 brachii
961 4654 1044 4710 tui
1073 4654 1340 4712 liberasti
1364 4673 1377 4723 ;
1404 4662 1461 4714 et
1488 4657 1623 4715 ideo
1646 4658 1721 4714 ab
1753 4657 1866 4725 his,

202 4762 361 4821 quos
378 4743 707 4809 redemisti,
728 4758 953 4813 magno
969 4745 1460 4816 opereinvocaris
1490 4767 1503 4806 :
1532 4752 1615 4813 ut,
1661 4748 1761 4820 qui
1786 4747 1872 4802 in-

209 4835 441 4891 ﬁrmari
458 4848 571 4904 pro
589 4831 767 4887 nobis
786 4831 1068 4903 dignatus
1084 4849 1169 4899 es,
1184 4839 1251 4889 ut
1283 4834 1467 4891 homo
1488 4854 1505 4907 ;
1556 4835 1872 4892 divinitatis

211 4928 325 4980 tua:
344 4923 627 4979 homines
639 4920 905 4993 digneris
918 4924 1280 4993 praemunire
1301 4925 1669 4995 praesidiun.
1687 4930 1874 4982 Amen

282 5016 389 5068 Per
417 5010 906 5069 misericordiam
934 5017 1123 5080 tuam,
1193 5017 1347 5071 Deus
1405 5019 1625 5085 noster,
1656 5020 1765 5072 etc.

288 5102 633 5171 Antiphona
665 5102 1049 5159 3.Laatabitur
1077 5102 1315 5161 deserta
1334 5109 1390 5161 et
1410 5104 1593 5176 invia,
1635 5108 1691 5160 et
1718 5104 1877 5161 exul-

216 5188 371 5245 tabit
399 5191 686 5248 solitudo.
715 5194 778 5247 P.
810 5194 873 5248 Et
899 5192 1131 5249 ﬂorebit
1186 5196 1336 5251 sicut
1381 5194 1591 5261 lilium,
1648 5194 1874 5250 Germi-

206 5294 377 5335 nan:
407 5280 791 5349 germinabit.
811 5282 875 5342 ν.
908 5283 1266 5340 Gaudebunt
1284 5284 1499 5355 campi,
1521 5289 1577 5339 et
1606 5282 1767 5354 ligna
1787 5300 1876 5340 ce-

202 5366 305 5423 dri
325 5366 539 5423 Libani
569 5368 711 5439 illic,
733 5386 890 5441 quas
909 5370 1205 5443 plantavit
1227 5372 1372 5428 :illic
1393 5387 1666 5444 passeres
1688 5372 1880 5429 nidiﬁ-

208 5470 284 5511 ca
309 5457 483 5514 bunt.
516 5460 581 5513 P.
613 5462 674 5513 et
692 5458 925 5515 ﬂorebit
948 5462 1101 5517 sicut
1128 5461 1337 5519 lilium.
1362 5461 1423 5522 it.
1443 5461 1659 5530 Gloria,
1692 5467 1747 5520 et
1774 5463 1879 5520 ho-

206 5560 319 5604 nor
344 5547 533 5619 Patri,
559 5551 673 5605 etc.
704 5548 770 5606 P.
800 5552 867 5607 Et
890 5549 1131 5608 ﬂorebit
1177 5551 1324 5609 sicut
1348 5551 1554 5611 lilium.

1946 490 2003 541 et
2026 487 2226 546 laetitia
2241 492 2441 547 omnis
2473 495 2765 552 catholica
2812 502 3189 566 praeconatur
3220 502 3476 561 Ecclesia
3508 526 3520 565 :
3551 512 3608 564 et

1946 575 2083 633 ideo
2103 579 2381 649 petimus,
2418 589 2501 649 ut,
2545 584 2651 655 qui
2683 582 3023 641 Adventum
3061 590 3226 643 tuum
3278 590 3605 660 gloriosum

1950 666 2011 720 in
2040 667 2276 739 populis
2296 671 2677 737 nunciamus,
2702 688 2739 728 a
2768 673 2987 729 nostris
3009 672 3396 749 facinoribus,
3424 684 3480 737 te
3510 698 3606 739 ex-

1950 756 2167 828 piante,
2194 774 2538 829 purgemur.
2556 773 2619 829 av.
2651 766 2860 819 Amen.

2025 845 2136 900 Per
2162 847 2633 907 misericordiam
2674 856 2857 917 tuam,
2904 854 3058 911 Deus
3082 860 3301 913 noster.

2026 934 2200 991 Dicat
2232 938 2555 1007 Presbyter.
2586 940 2869 996 Dominus
2901 941 2973 997 sit
3005 957 3241 1015 semper
3274 944 3602 1006 vobiscum.

1957 1034 2022 1091 Β).
2054 1024 2119 1079 Et
2148 1038 2286 1080 cum
2316 1026 2519 1095 spiritu
2562 1031 2682 1083 tuo.

2028 1122 2093 1177 11v.
2134 1114 2485 1185 Expectatur
2540 1116 2849 1180 Dominus,
2882 1121 2946 1172 ut
3000 1118 3352 1177 misereatur
3406 1124 3601 1184 nobis.

1958 1199 2019 1252 P.
2042 1199 2191 1264 Quia
2222 1203 2373 1257 Deus
2400 1203 2609 1273 judicii
2662 1204 2949 1261 Dominus
2999 1211 3086 1263 est
3117 1207 3311 1265 :beati
3361 1217 3602 1279 omnes,

1958 1290 2063 1359 qui
2091 1295 2405 1361 expectant
2437 1307 2592 1348 eum.
2651 1293 2712 1353 ﬁt.
2747 1296 2874 1349 Non
2914 1296 3250 1355 secundum
3310 1298 3604 1357 visionem

1959 1376 2269 1433 oculorum
2275 1379 2584 1448 judicabit,
2612 1396 2808 1457 neque
2828 1385 3162 1441 secundum
3192 1386 3467 1443 auditum
3502 1404 3606 1446 au-

1958 1466 2114 1519 rium
2134 1471 2344 1536 arguet
2369 1485 2381 1533 ;
2412 1470 2511 1524 sed
2534 1469 2829 1539 judicabit
2865 1471 2925 1527 in
2954 1472 3183 1542 justitia
3198 1489 3514 1548 pauperes.
3541 1479 3601 1533 P.

1960 1553 2109 1619 Quia
2141 1556 2292 1611 Deus
2315 1556 2525 1626 judicii
2554 1558 2842 1615 Dominus
2867 1563 2971 1616 est.
3007 1559 3071 1621 ἵ.
3102 1560 3299 1619 Gloria
3324 1568 3380 1622 et
3411 1564 3604 1622 honor

1959 1642 2468 1699 Patri.Reiteretur
2493 1656 2558 1714 ἢ.
2628 1648 2984 1717 Expectatur
3011 1648 3318 1705 Dominus.

2524 1734 2595 1787 In
2651 1734 2977 1791 Laudibus.

2029 1820 2127 1876 Ad
2153 1820 2473 1879 Canticum.
2505 1822 2879 1893 Antiphona.
2932 1822 3163 1882 Directa
3189 1824 3345 1884 facta
3368 1831 3456 1885 est
3482 1830 3605 1886 via-

1959 1907 2215 1977 piorum,
2254 1914 2308 1966 et
2326 1915 2713 1982 preparatum
2744 1916 2830 1969 est
2858 1911 2966 1967 iter
2986 1920 3351 1979 sanctorum.

2437 2001 2968 2072 Canticum(Esaia
2997 2004 3175 2074 xxvi).

2029 2089 2174 2143 Ecce
2195 2088 2401 2145 civitas
2421 2088 2628 2155 virtus,
2658 2094 2714 2146 et
2745 2090 3000 2147 salvatio
3031 2094 3277 2160 nostra,‘
3298 2108 3455 2165 pone
3468 2110 3602 2152 mu-

1957 2190 2114 2240 rum,
2136 2180 2192 2231 et
2212 2177 2370 2232 circa
2400 2194 2643 2234 murum
2685 2179 3079 2235 munitionem
3110 2181 3283 2237 muri.

2028 2266 2166 2319 Post
2186 2269 2487 2337 sceptrum
2511 2266 2619 2322 viri
2654 2268 2876 2340 aperite
2926 2272 3152 2339 portas,
3182 2269 3196 2282 '
3221 2269 3396 2326 intret
3428 2270 3602 2343 plebs

1960 2352 2301 2408 custodiens
2316 2353 2613 2425 justitiam
2636 2372 2649 2410 :
2675 2355 2997 2428 participes
3026 2356 3132 2429 qui
3164 2361 3300 2415 sunt
3320 2358 3603 2428 veritatis,

1960 2440 2359 2497 custodientes
2398 2458 2610 2515 pacem
2634 2461 2647 2499 :

2032 2529 2076 2593 Q
2086 2528 2320 2585 uoniam
2330 2529 2391 2585 in
2404 2534 2456 2586 te
2472 2534 2877 2601 speraverunt,
2894 2532 3350 2604 Domine,usque
3366 2531 3428 2591 in
3442 2538 3607 2591 aeter-

1961 2630 2129 2670 num.
2152 2617 2170 2636 "
2197 2618 2351 2672 Deus
2376 2633 2636 2687 magnus
2665 2622 2720 2674 et
2747 2623 3025 2685 aeternus,

2035 2704 2710 2772 Quomodohumiliasti,
2732 2706 3102 2763 etdeduxisti
3124 2722 3248 2771 eos,
3279 2709 3296 2724 '
3322 2709 3426 2778 qui
3439 2724 3603 2763 com-

1962 2790 2357 2847 morabantur
2383 2792 2445 2846 in
2490 2790 2792 2847 altissimis
2816 2810 2832 2859 ;

2035 2878 2309 2935 Civitates
2337 2879 2713 2936 ﬁrmissimas
2727 2879 2990 2951 dejicies,
3019 2880 3347 2938 etdeduces
3368 2897 3472 2939 eas
3502 2898 3605 2938 us-

1962 2982 2080 3039 que
2101 2967 2180 3023 ad
2208 2968 2482 3023 humum.
2518 2968 3066 3026 'Etconculcabunt
3096 2986 3199 3027 eas
3231 2970 3414 3043 pedes
3439 2987 3608 3028 man-

1885 3090 1927 3147 ρ
1963 3062 2292 3124 suetorum,
2330 3060 2387 3113 et
2413 3056 2755 3113 humilium.

2034 3145 2263 3203 Directa
2277 3146 2435 3203 facta
2458 3151 2550 3203 est
2576 3147 2675 3204 via
2701 3147 2959 3219 piorum,
2985 3150 3000 3165 '
3020 3151 3078 3204 et
3106 3152 3490 3220 preparatum
3520 3151 3609 3205 est

1961 3234 2069 3289 iter
2106 3238 2471 3291 sanctorum.

2034 3323 2136 3377 Die
2157 3323 2319 3378 enim
2350 3322 2582 3379 Domini
2606 3322 2901 3395 judicium
2934 3340 2946 3378 :
2976 3324 2997 3344 "
3015 3324 3389 3394 speravimus
3420 3321 3482 3376 in
3503 3337 3607 3378 no-

1962 3410 2124 3465 mine
2145 3412 2294 3483 ejus,
2315 3411 2451 3469 etin
2476 3412 2786 3478 memoria,
2812 3425 2995 3482 quam
3023 3409 3365 3481 concupivit
3404 3408 3611 3467 anima

1964 3513 2122 3554 mea.

2035 3590 2092 3642 P.
2126 3587 2354 3644 Directa
2378 3589 2535 3644 facta
2572 3592 2661 3644 est
2688 3586 2788 3643 via
2812 3586 3073 3658 piorum.

2038 3674 2254 3743 Gloria,
2285 3680 2341 3730 et
2367 3676 2560 3732 honor
2610 3674 2785 3740 Patri,
2813 3679 2869 3731 et
2903 3675 3064 3739 Filio,
3109 3678 3219 3731 etc.

2037 3768 2098 3824 P.
2127 3768 2191 3820 Et
2218 3768 2603 3837 preparatum
2634 3769 2726 3821 est
2754 3765 2863 3821 iter
2890 3768 3256 3821 sanctorum.

2036 3854 2518 3911 Matutinarium.
2564 3853 2860 3923 lllumina,
2897 3854 3163 3923 Domine,
3194 3852 3422 3909 vultum
3443 3856 3615 3910 tuum

1967 3958 2146 4015 super
2172 3958 2301 3999 nos.
2341 3945 2486 3999 P.l<2t
2513 3944 2792 3999 miserere
2845 3943 3037 4000 nobis.
3087 3942 3150 4004 XI.
3183 3944 3253 3998 Ut
3296 3957 3618 4012 cognosca-

1966 4049 2103 4089 mus
2123 4032 2185 4087 in
2214 4036 2372 4088 terra
2400 4032 2461 4088 in
2516 4032 2801 4089 omnibus
2840 4031 3123 4088 Gentibus
3155 4031 3411 4087 salutare
3444 4036 3618 4089 tuum

1967 4124 2026 4177 P.
2059 4120 2351 4187 lllumina,
2377 4122 2644 4177 Domine.
2668 4122 2729 4183 γ.
2756 4121 2973 4187 Gloria,
3022 4124 3079 4177 et
3096 4120 3291 4176 honor
3310 4119 3488 4189 Patri,
3505 4124 3615 4176 etc.

1967 4210 2032 4266 P.
2060 4210 2126 4265 Et
2150 4210 2429 4266 miserere
2476 4210 2672 4266 nobis.

2039 4299 2274 4356 Lauda.
2290 4298 2547 4355 Laudate
2561 4298 2885 4355 Dominum
2899 4296 2973 4353 de
3004 4295 3189 4352 ccelis.
3216 4297 3405 4365 Quare
3431 4296 3543 4367 fol.
3564 4296 3620 4353 6.

1970 4390 2239 4446 Psalmus
2264 4405 2485 4445 CXLVIII.
2506 4388 2862 4461 Prop/retia.
2907 4390 3039 4443 Haec
3080 4386 3223 4443 dicit
3281 4386 3568 4442 Dominus
3602 4402 3615 4441 :

1976 4477 2175 4545 Valde,
2203 4478 2532 4549 ingredere.
2552 4478 2662 4547 fol.
2688 4482 2771 4532 15.
2792 4478 3092 4547 Hymnus.
3120 4478 3283 4533 Mane
3296 4474 3618 4531 nobiscum

1976 4567 2243 4625 Domine.
2285 4568 2487 4633 Quare
2537 4568 2643 4636 fol.
2682 4568 2745 4621 19

2048 4656 2439 4725 δαρριίοαιίο.
2456 4659 2704 4713 Oremus
2731 4655 3191 4728 Redemptorem
3204 4651 3623 4711 mundiDomi-

1979 4762 2128 4803 num
2158 4756 2454 4802 nostrum.
2493 4748 2699 4814 Quare
2723 4746 2825 4815 fol.
2861 4750 2912 4800 2.

2052 4836 2363 4905 Capitula.
2380 4838 2554 4897 Deus,
2574 4834 3000 4907 quimanifeste
3022 4833 3097 4890 ad
3103 4834 3123 4903 j
3136 4830 3403 4887 udicium
3419 4836 3626 4889 ventu.

1982 4942 2083 4982 rus
2114 4942 2240 4981 esse
2259 4925 2537 4991 crederis,
2572 4924 2952 4981 manifestam
2992 4923 3313 4995 potentiam
3346 4921 3407 4977 in
3452 4923 3627 4980 nobis

1982 5015 2233 5073 ostende
2254 5020 2369 5070 tuae
2389 5015 2731 5071 salvationis
2755 5031 2767 5070 :
2790 5018 2870 5079 ut,
2891 5012 2988 5084 qui
3011 5011 3286 5068 terribilis
3300 5012 3626 5081 sustineris,

1984 5105 2357 5165 mitissimus,
2386 5120 2524 5159 cum
2576 5103 2826 5170 veneris,
2873 5101 3169 5160 sentiaris.

2056 5197 2225 5249 Pater
2254 5198 2473 5262 noster,
2502 5194 2678 5266 quies
2716 5192 2993 5250 in'coelis.
3020 5196 3068 5249 A
3090 5190 3255 5249 malo
3277 5206 3387 5247 nos
3421 5186 3624 5249 libera,

1986 5283 2117 5340 etin
2143 5287 2244 5337 tuo
2272 5282 2504 5339 timore.
2540 5283 2742 5349 Quare
2762 5284 2875 5352 fol.
2926 5283 2995 5337 10

2060 5371 2371 5427 Humiliate
2428 5387 2536 5427 vos
2570 5370 2994 5429 benedictioni.

2058 5462 2231 5517 Dicat
2262 5461 2592 5531 Presbyter.
2624 5465 2909 5521 Dominus
2950 5460 3019 5516 sit
3041 5467 3275 5527 semper
3297 5448 3631 5508 vobiscum.

1988 5561 2034 5624 Bt
2050 5549 2114 5609 Et
2139 5567 2278 5608 cum
2294 5552 2501 5623 spiritu
2557 5556 2677 5608 tuo.
