4118 6184
444 387 518 448 79
1702 366 2162 435 BREVIARIUM
2203 365 2598 428 GOTHICUM.
3779 373 3836 427 80

526 515 756 573 Lauda.
810 512 962 568 Deus
989 507 1298 565 manifeste
1345 506 1541 562 veniet
1571 523 1584 561 :
1621 505 1776 561 Deus
1811 504 2032 568 noster,
2054 501 2111 554 et
2139 501 2186 552 A
2293 497 2512 554 Oratio.
2537 498 2677 555 Post
2695 497 2985 569 gallorum
3001 498 3627 552 canorumeoncentus
3647 497 3844 552 noctis-

458 621 581 663 non
598 604 804 659 silebit.
828 608 1104 669 utsupra.
1133 597 1643 666 Oratio.Deus,qui
1663 593 1865 649 tubam
1880 590 1942 645 in
1965 588 2106 646 Sion
2217 601 2334 657 que
2356 586 2613 658 quietem
2637 587 2966 649 exclusam,
3001 584 3118 650 tibi,
3164 582 3430 646 Domine,
3483 587 3722 640 matura
3743 600 3848 642 nox

460 694 793 760 continens,
824 689 1056 744 salvare
1075 685 1310 742 venisti.
1342 683 1598 756 Require
1619 682 1732 752 fol.
1769 685 1851 737 l9.
2216 675 2662 744 parturitdiem,
2682 680 2738 732 et
2764 675 2903 746 galli
2928 671 3426 746 concrepantibus
3461 671 3700 740 alis,ore
3721 689 3847 745 prai-

457 781 530 834 IN
550 779 798 836 TERTIO
827 775 1158 834 DOMINICO
1210 775 1302 828 DE
1330 772 1652 828 ADVENTU
1692 768 1957 826 DOMINI.
2215 763 2388 819 conio
2419 765 2778 821 matutinum
2803 763 3410 834 jubilanthymnum:
3444 760 3569 828 tibi,
3593 761 3845 829 Domine,

1065 864 1162 919 Ad
1189 863 1485 932 Vesperos.
2213 866 2356 908 aves
2371 852 2722 910 ccelilaudes
2735 852 2999 909 emittunt
3026 870 3039 907 :
3065 855 3166 907 tuo
3183 850 3360 920 jussu
3385 849 3672 906 discussis
3707 855 3849 908 tene-

524 955 748 1014 Lauda.
764 958 810 1010 A
825 953 966 1011 solis
979 955 1110 1008 ortu
1124 966 1307 1021 usque
1319 948 1390 1005 ad
1407 964 1708 1005 occasum.
1724 963 1855 1002 cum
1873 946 1924 1014 2
1939 945 2100 1013 lsua
2210 940 2332 997 bris
2355 942 2443 998 sol
2475 942 2672 998 radios
2689 941 2862 997 infert
2877 939 3128 996 mundo.
3167 941 3291 994 Tua
3311 942 3449 993 sunt
3467 937 3581 995 ista
3609 940 3848 997 miracu-

456 1045 756 1101 Oratione.
786 1039 1146 1110 Deus,cujus
1161 1053 1379 1094 nomen
1400 1041 1486 1091 est
1508 1035 1900 1097 benedictum,
1923 1032 2098 1100 fol.t.
2209 1028 2286 1099 la,
2323 1030 2707 1100 Omnipotens
2729 1030 2934 1085 Pater:
2969 1042 3080 1082 nos
3099 1025 3518 1083 tantummodo
3554 1031 3695 1084 vota
3727 1043 3848 1101 por-

522 1132 696 1187 Sono.
730 1128 976 1184 Alleluia
1003 1144 1015 1181 :
1047 1127 1158 1192 Qui
1197 1123 1651 1181 reminiscimini
1676 1120 2098 1186 Dominum,ne
2211 1122 2433 1186 tamus,
2459 1117 2771 1172 offerentes
2796 1120 3007 1172 sancto
3036 1115 3268 1171 nomini
3288 1119 3390 1171 tuo
3411 1115 3542 1172 haec
3573 1116 3849 1174 sacriﬁcia

449 1217 712 1283 taceatis,
750 1221 808 1271 et
850 1231 924 1271 ne
961 1214 1113 1270 detis
1145 1212 1463 1279 silentium,
1501 1211 1693 1267 donec
1733 1207 2008 1271 stabiliat,
2042 1210 2098 1261 et
2211 1205 2504 1260 matutina
2533 1245 2546 1268 ,
2573 1203 2956 1276 utapeecatis
2978 1202 3287 1276 praeteritis
3312 1202 3685 1273 absoluti,de
3716 1221 3848 1277 prse-

447 1311 631 1378 ponat
660 1302 1043 1360 Hierusalem.
1075 1305 1135 1356 P.
1165 1300 1428 1358 Laudem
1458 1300 1518 1355 in
1546 1305 1720 1355 terra.
1761 1297 1802 1356 it
1827 1295 2092 1351 Alleluia.
2207 1291 2356 1348 senti
2386 1292 2763 1348 tribulatione
2804 1306 3144 1348 mereamur
3181 1290 3433 1346 absolvi.
3459 1303 3524 1361 Βε.
3542 1295 3750 1349 Amen.

517 1393 864 1459 Sicutterra,
886 1407 1024 1464 quae
1044 1388 1319 1462 producit
1336 1388 1512 1444 ﬂores
1542 1403 1703 1452 suos,
1721 1389 1778 1442 et
1791 1384 2094 1441 sicuthor-
2277 1381 2381 1436 Per
2393 1380 2862 1437 misericordiam
2886 1385 3073 1451 tuam,
3102 1381 3258 1436 Deus
3285 1384 3509 1446 noster,
3535 1381 3640 1454 qui
3659 1398 3725 1439 es
3762 1381 3847 1439 be-

448 1487 541 1538 tus
571 1495 779 1537 semen
818 1495 994 1536 suum
1020 1478 1312 1550 germinat
1342 1493 1355 1543 ;
1383 1477 1464 1534 ita
1478 1475 1766 1532 Dominus
1796 1471 2094 1544 germina-
2205 1469 2493 1536 nedictus,
2525 1475 2581 1525 et
2630 1470 2798 1539 vivis,
2857 1474 2972 1526 etc.

444 1569 532 1628 bit
553 1569 863 1641 justitiam.
891 1571 950 1624 P.
1001 1565 1288 1624 Laudem.
2276 1559 2449 1616 Dicat
2481 1558 2817 1628 Presbyter.
2844 1557 3132 1615 Dominus
3157 1557 3232 1613 sit
3252 1572 3493 1630 semper
3525 1557 3845 1616 vobiscum.

516 1659 802 1715 Dominus
837 1657 912 1713 sit
938 1670 1175 1728 semper
1201 1653 1526 1711 vobiscum.
1561 1663 1608 1724 ῆι
1632 1653 1860 1709 Etcum
1887 1647 2095 1720 spiritu
2204 1659 2270 1717 Βρ.
2303 1649 2531 1703 Etcum
2563 1647 2772 1719 spiritu
2818 1650 2940 1703 tuo.

2273 1735 2621 1806 Antiphona
2646 1735 2949 1793 l.Domini
2961 1739 3050 1792 est
3079 1734 3267 1804 salus,
3297 1739 3355 1792 et
3373 1750 3550 1806 super
3578 1736 3852 1810 populum

445 1751 566 1804 tuo.

517 1834 877 1905 Antiphona.
895 1834 1363 1906 Supermontem
1379 1826 1972 1891 exeelsumascende,
1989 1827 2094 1898 qui
2123 1829 2168 1886 Β
2205 1829 2372 1882 tuum
2393 1823 2735 1881 benedictio
2762 1829 2882 1882 tua.
2916 1823 3193 1881 Psalmus
3210 1839 3290 1880 Ill.

443 1922 815 1995 evangelizas
829 1921 970 1979 Sion
992 1938 1005 1977 :
1026 1921 1125 1977 Dic
1145 1919 1480 1977 civitatibus
1492 1919 1520 1973 J
1529 1917 1666 1974 uda.
1696 1916 1759 1970 P.
1775 1918 1919 1972 Ecce
1938 1915 2094 1971 Deus
2273 1913 2625 1982 Antiphona
2649 1917 2700 1968 ‘3.
2753 1913 2983 1970 Incerta
3011 1917 3068 1969 et
3118 1911 3355 1970 occulta
3377 1913 3684 1985 sapientiae
3739 1918 3851 1972 tua;

442 2017 646 2070 noster
678 2013 741 2069 in
771 2009 1114 2070 fortitudine
1150 2010 1322 2066 venit.
1355 2008 1418 2069 ἲν.
1445 2008 1602 2063 Deus
1629 2005 1884 2062 deorum
1898 2003 2094 2060 Domi-
2200 2000 2596 2059 manifestasti
2636 2001 2806 2059 mihi.
2853 2002 3136 2059 Psalmus
3157 2018 3208 2058 L.

444 2119 558 2159 nus
581 2103 816 2159 locutus
836 2105 942 2168 est,
962 2105 1018 2157 et
1037 2099 1275 2156 vocavit
1295 2103 1534 2156 terram.
1553 2099 1612 2152 P.
1638 2098 1782 2152 Ecce
1800 2095 1956 2150 Deus
1989 2109 2092 2149 no-
2272 2089 2621 2158 Antiphona
2642 2093 2765 2145 3.In
2789 2090 3008 2147 umbra
3022 2089 3256 2147 alarum
3272 2093 3513 2146 tuarum
3526 2105 3849 2163 speramus,

444 2195 578 2247 ster.
609 2189 670 2251 Ψ.
695 2189 914 2255 Gloria,
955 2196 1010 2244 et
1041 2189 1236 2246 honor
1264 2187 1436 2253 Patri,
1470 2191 1582 2244 etc.
1635 2188 1694 2240 P.
1752 2186 1899 2240 Ecce
1937 2185 2091 2240 Deus
2201 2180 2374 2245 Deus,
2403 2178 2551 2234 dum
2580 2179 2828 2235 transiet
2853 2178 3563 2252 iniquitas.Psalmuva1.

441 2283 646 2337 noster
674 2279 735 2334 in
772 2277 1114 2334 fortitudine
1161 2275 1344 2332 venit.
2274 2267 2500 2324 Oratio.
2533 2270 2836 2324 Eternum
2887 2271 2942 2324 te
3006 2273 3318 2326 auctorum
3350 2273 3406 2325 et
3468 2269 3848 2335 conditorem,

514 2369 809 2426 Dominus
835 2368 910 2424 sit
935 2381 1172 2438 semper
1190 2364 1526 2422 vobiscum.
1552 2375 1617 2433 Bt.
1644 2365 1710 2418 Et
1735 2377 1893 2425 cum,
2203 2357 2407 2423 Quaere
2427 2356 2540 2426 fol.
2577 2361 2628 2412 3.

514 2456 972 2516 Lauda.Salvos
990 2471 1100 2511 nos
1120 2453 1300 2511 faciat
1320 2453 1565 2509 dextera
1588 2455 1691 2508 tua
1723 2449 2008 2507 :alleluia.
2027 2449 2089 2506 P.
2271 2445 2640 2514 Antiphona.
2671 2448 2814 2501 Ecce
2847 2461 3068 2502 nomen
3081 2445 3316 2502 Domini
3343 2445 3509 2502 venit
3533 2447 3852 2517 delongin-

442 2549 510 2603 Et
537 2545 753 2604 exaudi
782 2560 916 2612 nos,
945 2542 1194 2600 Domine
1215 2543 1370 2597 Deus
1390 2544 1612 2598 noster.
1641 2538 1912 2605 Alleluia,
1955 2537 2092 2595 alle-
2199 2549 2340 2605 quo,
2363 2538 2420 2589 et
2445 2533 2650 2603 lingua
2676 2534 2824 2604 ejus,
2857 2535 3034 2606 quasi
3060 2534 3215 2604 ignis
3237 2534 3474 2591 ardens.
3498 2536 3556 2590 P.
3585 2538 3650 2591 Et
3679 2536 3852 2608 spiri-

439 2633 664 2692 luianit.
695 2635 762 2688 Et
782 2631 1172 2688 conﬁteamur
1195 2629 1426 2685 nomini
1452 2634 1576 2692 tuo,
1608 2631 1664 2683 et
1688 2626 2011 2697 gloriemur
2029 2626 2092 2681 in
2199 2626 2312 2689 tus,
2351 2621 2500 2677 sicut
2521 2625 2750 2677 torrens
2803 2621 3128 2679 inundans.
3180 2622 3240 2681 St.
3294 2622 3620 2679 Advocavit
3668 2623 3853 2682 caelos

438 2722 622 2778 laude
655 2727 774 2776 tua.
804 2724 862 2775 P.
899 2723 960 2774 Et
983 2719 1199 2774 exaudi
1239 2733 1368 2772 nos.
1416 2717 1477 2776 v.
1537 2715 1750 2781 Gloria,
1802 2720 1858 2770 et
1897 2715 2093 2771 honor
2203 2725 2464 2773 sursum,
2497 2713 2555 2764 et
2586 2714 2802 2766 terram
2835 2710 3170 2766 discernere
3200 2710 3496 2782 populum
3565 2713 3850 2767 suum.P.

439 2809 624 2864 Patri.
653 2808 718 2862 P.
753 2811 822 2863 Et
851 2805 1068 2862 exaudi
1088 2821 1220 2868 nos,
1253 2804 1522 2860 Domine.
2201 2799 2268 2852 Et
2297 2796 2542 2869 spiritus
2573 2798 2796 2868 ejusJY.
2827 2797 3037 2864 Gloria,
3068 2803 3125 2855 et
3143 2798 3338 2855 honor
3387 2799 3557 2863 Patri,
3591 2805 3648 2856 et
3689 2800 3851 2857 Filio.

507 2897 802 2966 Hymnus,
834 2893 1043 2951 Christi
1095 2896 1332 2948 caterva
1362 2890 1638 2946 clamitet.
1709 2889 2087 2960 Supplicatio.
2200 2889 2309 2942 etc.
2335 2887 2391 2941 P.
2418 2888 2483 2941 Et
2538 2886 2779 2958 spiritus
2831 2888 2978 2957 ejus.

438 2985 686 3041 Oremus
705 2983 1162 3054 Redemptorem
1181 2979 1394 3036 mundi
1447 2978 1765 3035 Dominum
1794 2982 2087 3035 nostrum.
2273 2975 2498 3030 Oratio.
2527 2974 2766 3030 Venisse
2792 2990 3015 3031 nomen
3043 2979 3206 3031 tuum
3239 2975 3314 3031 de
3342 2975 3667 3048 longinquo
3709 2991 3856 3032 con-

438 3072 700 3142 Require
729 3070 837 3139 fol.
899 3075 952 3123 2.
2200 3061 2338 3117 ditas
2370 3078 2404 3116 a
2431 3067 2486 3118 te
2516 3067 2799 3119 creaturae
2841 3067 2956 3119 tuae
2985 3063 3260 3120 laetantur
3293 3080 3305 3118 :
3341 3069 3398 3120 et
3432 3063 3565 3120 ideo
3595 3064 3692 3120 fac
3718 3080 3858 3129 nos,

511 3159 814 3229 Capitula.
835 3160 1024 3228 Super
1045 3160 1311 3212 montem
1341 3153 1643 3210 excelsum
1675 3153 1976 3210 Adventus
2005 3153 2089 3209 tui
2123 3179 2170 3240 Ο
2203 3154 2284 3212 ut,
2307 3150 2411 3240 qui
2438 3150 2771 3207 Adventum
2800 3151 3229 3208 incarnationis
3255 3157 3371 3208 tuae
3397 3153 3798 3224 suscepimus,
3821 3170 3866 3211 8.

434 3248 656 3320 gaudia
670 3245 1146 3316 evangelizantes
1159 3243 1560 3300 ascendimus:
1582 3242 1726 3297 dum
1743 3243 1799 3297 in
1827 3241 2082 3298 altitudi-
2138 3238 2168 3240 ’⁷
2201 3238 2386 3309 spinis
2403 3244 2786 3310 peccatorum
2805 3240 3063 3296 ardentis
3075 3241 3293 3311 linguae
3307 3247 3423 3298 tua:
3439 3241 3642 3313 spiritu
3655 3242 3869 3314 expie-

434 3352 509 3392 ne
531 3344 635 3392 tua
659 3334 996 3390 ChristeDei
1012 3333 1191 3389 Filius
1217 3332 1476 3388 fundasti
1501 3348 1514 3396 ;
1543 3345 1928 3402 ea,qua‘;vera
1953 3337 2092 3388 sunt
2200 3341 2353 3383 mur.
2384 3339 2445 3392 Η.
2507 3331 2713 3384 Amen.

431 3427 504 3482 de
536 3431 610 3491 te,
633 3423 956 3488 credimus,
983 3428 1042 3479 et
1072 3423 1330 3479 fatemur
1360 3438 1373 3476 :
1421 3436 1765 3493 quaesumus
1808 3435 1972 3490 ergo,
2000 3426 2084 3485 ut,
2267 3417 2638 3487 Antiphona.
2667 3421 2744 3474 De
2762 3419 2904 3476 Sion
2927 3419 3079 3475 exiet
3103 3419 3216 3485 lex,
3250 3423 3308 3474 et
3326 3419 3577 3475 verbum
3617 3420 3873 3478 Domini

431 3513 536 3584 qui
557 3512 636 3568 ad
666 3510 1012 3568 faciendum
1027 3509 1323 3582 judicium
1346 3507 1696 3580 expectaris,
1724 3511 1860 3565 ante
1872 3507 2087 3578 judici-
2197 3505 2273 3562 de
2293 3505 2680 3562 Hierusalem.
2702 3507 2758 3560 P.
2787 3506 3084 3562 Judieabit
3105 3511 3338 3572 Gentes,
3367 3511 3425 3563 et
3438 3513 3649 3578 arguet
3667 3524 3870 3581 popu-

435 3615 539 3655 um
561 3613 674 3655 nos
703 3599 906 3670 expies
927 3597 1333 3656 acriminibus
1367 3595 1609 3653 nostris.
2194 3592 2285 3650 los
2314 3595 2534 3650 multos
2562 3610 2750 3666 usque
2769 3595 2828 3650 in
2857 3595 3336 3654 novissimumJV.
3368 3596 3648 3653 Excelsus
3672 3613 3870 3669 super

504 3690 674 3743 Pater
702 3691 933 3744 noster.
965 3687 1219 3744 Liberati
1249 3702 1287 3744 a
1315 3685 1496 3751 malo,
1553 3684 1910 3753 conﬁrmati,
1973 3688 2080 3740 etc.
2194 3698 2396 3740 omnes
2413 3684 2644 3750 Gentes,
2666 3684 2972 3754 Dominus,
2999 3690 3054 3740 et
3072 3699 3254 3756 super
3273 3685 3455 3741 caelos
3480 3685 3670 3754 gloria
3688 3687 3860 3757 ejus.

428 3775 540 3844 fol.
575 3779 630 3829 2.
2195 3772 2253 3824 P.
2275 3772 2571 3828 Judicabit
2599 3774 2827 3828 Gentes.
2861 3772 2920 3832 ἣν.
2955 3773 3169 3838 Gloria,
3195 3778 3250 3830 et
3279 3774 3474 3831 honor
3520 3775 3701 3845 Patri,
3734 3779 3859 3832 etc.

503 3864 855 3922 Benedictio.
887 3862 1174 3920 Dominus
1189 3864 1357 3919 Jesus
1379 3863 1657 3928 Christus,
1691 3861 1792 3934 qui
1814 3861 2086 3918 Adventu
2195 3859 2252 3914 P.
2280 3859 2598 3916 Judicabit.
3195 3873 3197 3875 ‘

434 3968 543 4010 suo
577 3953 897 4010 subvenire
917 3951 1196 4022 dignatus
1213 3957 1300 4007 est
1315 3951 1566 4017 mundo,
1593 3952 1827 4008 animas
1849 3954 2084 4008 nostras
2267 3949 2380 4019 22
2399 3949 2620 4005 Oratio.
2646 3950 2870 4006 Lextua
2917 3951 3364 4016 verbum,Deus
3395 3953 3582 4021 Pater,
3608 3953 3683 4008 de
3703 3953 3864 4011 Sion

432 4057 800 4115 corporaque
820 4040 1094 4113 puriﬁcet
1119 4056 1156 4096 a
1184 4038 1413 4096 delicto.
1440 4051 1505 4109 Bt.
1537 4041 1746 4095 Amen.
1777 4040 1882 4095 Det
1907 4038 2082 4095 nobis
2192 4038 2502 4109 egrediens
2527 4055 2648 4095 non
2675 4039 2932 4110 judicet;
2971 4040 3077 4096 sed
3105 4045 3380 4113 protegat
3402 4041 3659 4114 populos
3693 4042 3865 4100 sibi-

433 4130 582 4200 legis
613 4145 736 4187 sua:
775 4131 1078 4201 praecepta
1110 4128 1323 4184 virtute
1370 4126 1614 4198 spiritus
1645 4127 1982 4197 attendere;
2018 4131 2084 4184 ut
2191 4132 2303 4184 met
2322 4127 2669 4184 conﬁtentes
2697 4146 2710 4184 :
2736 4134 3072 4200 necarguat
3091 4130 3166 4185 de
3193 4134 3461 4201 peccato,
3489 4129 3866 4203 quosincar-

431 4220 744 4292 possimus
785 4218 1123 4274 Adventum
1165 4216 1297 4287 ejus
1341 4215 1678 4272 amabiliter
1713 4215 2076 4287 praestolare.
2189 4216 2448 4274 nationis
2474 4233 2596 4272 suae
2617 4218 2780 4274 venit
2803 4217 3060 4275 liberare
3108 4218 3440 4290 mysterium
3476 4234 3487 4273 :
3535 4223 3616 4284 ut,
3645 4220 3756 4292 qui
3789 4223 3872 4278 in

434 4321 496 4376 BI.
520 4309 731 4364 Amen.
764 4307 978 4380 Sicque
1002 4306 1080 4364 ab
1119 4305 1286 4363 omni
1303 4310 1472 4362 reatu
1495 4304 1794 4361 immunes
1841 4304 2074 4375 efﬁciat,
2188 4305 2386 4361 electis
2399 4307 2738 4375 agnoscitur
2751 4305 3067 4376 gloriosus,
3083 4307 3144 4362 in
3157 4307 3576 4379 peccatoribus
3589 4307 3878 4367 clemens

422 4401 497 4454 ut
523 4398 827 4454 Adventus
873 4396 1003 4468 ejus
1032 4411 1155 4454 non
1193 4393 1601 4467 reprobandos
1631 4393 1922 4466 expellat;
1971 4393 2078 4450 sed
2189 4409 2425 4465 semper
2448 4393 2784 4451 inveniatur
2817 4399 2874 4450 et
2897 4395 3053 4466 pius.
3077 4407 3140 4464 11'.
3164 4398 3376 4452 Amen.

429 4485 774 4558 redemptos
802 4483 1434 4582 atqueOgloriﬁcandos
1466 4486 1759 4540 assumat.
1782 4495 1845 4552 ἢ.
1864 4487 2072 4540 Amen.
2109 4528 2153 4582 Β
2255 4483 2626 4552 Antiphona.
2654 4483 2904 4549 Quaerite
2930 4485 3272 4556 Dominum,
3303 4500 3513 4542 omnes
3545 4492 3880 4548 mansueti

505 4577 610 4630 Per
631 4572 1249 4638 misericordiam,etc,
2109 4572 2147 4582 ”
2186 4573 2354 4627 terrae
2389 4590 2400 4626 :
2434 4573 2680 4643 quaerite
2701 4573 2951 4642 justum,
3006 4573 3250 4646 quaerite
3303 4579 3722 4644 mansuetum;
3803 4585 3886 4636 et

501 4663 732 4720 Lauda.
774 4661 1132 4718 Leetabimur
1152 4661 1213 4716 in
1235 4660 1478 4717 salutari
1501 4665 1602 4716 tuo
1634 4658 2076 4727 ;alleluia.Etin
2182 4659 2488 4715 invenietis
2519 4675 2676 4715 eum.
2709 4659 2772 4719 ἡ.
2793 4661 3039 4726 Quaerite
3068 4661 3413 4730 Dominum,
3444 4667 3502 4718 et
3542 4663 3888 4724 conforta-

429 4749 1751 4820 nomineDominiDeinostrimagniﬁcabimur
1778 4765 1791 4802 :
1816 4747 2073 4804 alleluia.
2182 4747 2327 4804 mini
2363 4749 2640 4820 :quaarite
2654 4748 3012 4820 faciemejus
3037 4763 3298 4820 semper.
3323 4751 3383 4803 P.
3418 4751 3674 4816 Quaerite
3705 4753 3877 4823 jus-

449 4840 564 4912 lpsi
633 4839 884 4910 obligati
917 4844 1074 4907 sunt,
1127 4845 1184 4895 et
1254 4837 1614 4895 ceciderunt.
1673 4839 1730 4892 P.
1761 4838 1878 4892 Nos
1930 4852 2072 4892 vero
2181 4836 2408 4896 tumin
2441 4836 2654 4904 Gloria,
2683 4841 2741 4894 et
2767 4838 2962 4895 honor
2988 4838 3164 4908 Patri,
3186 4843 3243 4895 et
3283 4838 3442 4896 Filio.
3479 4840 3536 4894 P.
3571 4842 3639 4897 Et
3676 4842 3886 4900 inve-

428 4931 860 4986 resurreximus
890 4935 946 4986 et
965 4929 1141 4986 erecti
1171 4944 1402 4985 sumus.
1429 4924 1696 4991 Alleluia,
1720 4924 1974 4984 alleluia.
2007 4927 2069 4986 π’.
2179 4923 2352 4982 nietis
2381 4940 2543 4982 eum.

431 5017 678 5089 Impleat
695 5017 986 5075 Dominus
1017 5033 1230 5074 omnes
1272 5015 1584 5088 petitiones
1628 5018 1882 5070 nostras.
1909 5017 2072 5070 Nunc
2252 5014 2475 5072 Oratio.
2498 5016 2930 5088 lnquirenteste
2959 5017 3226 5083 Domine,
3272 5017 3492 5074 exaudi
3515 5019 3883 5090 propitius,

425 5107 701 5179 cognovi,
727 5107 1020 5182 quoniam
1041 5105 1274 5164 salvum
1290 5103 1464 5162 faciet
1481 5102 1769 5160 Dominus
1780 5103 2071 5160 Christum
2181 5105 2236 5157 et
2262 5102 2342 5159 ab
2364 5103 2816 5160 incurvantibus
2836 5106 3125 5175 angustiis
3153 5103 3406 5162 defende
3422 5111 3743 5178 precatus;
3783 5118 3894 5168 ut.

425 5214 622 5255 suum.
640 5201 698 5253 P.
719 5200 835 5254 Nos
851 5213 988 5252 vero
1000 5193 1448 5252 resurreximus.
1463 5192 1525 5253 ἲν.
1551 5191 1764 5260 Gloria,
1785 5195 1841 5248 et
1855 5191 2071 5249 honor—
2177 5191 2440 5248 ecclesiae
2456 5197 2572 5250 tua:
2587 5198 2640 5249 te
2663 5209 2768 5266 per
2784 5209 2985 5251 omnes
3001 5197 3212 5252 Gentes
3232 5195 3655 5265 magniﬁcent:
3679 5199 3898 5256 διελι-

423 5287 596 5353 Patri,
629 5285 815 5343 etc.P.
847 5283 1116 5351 Alleluia,
1151 5282 1411 5339 alleluia.
2178 5281 2298 5336 tent
2354 5297 2559 5338 nomen
2615 5284 2787 5338 tuum
2827 5283 3064 5341 unitatis
3110 5283 3350 5340 vinculo
3383 5301 3397 5340 :
3440 5283 3682 5342 discant
3726 5302 3769 5345 a
3793 5290 3902 5347 te

495 5375 724 5433 Oratio.
747 5373 988 5430 Nenisse
1024 5386 1246 5427 nomen
1275 5375 1445 5426 tuum
1474 5369 1548 5425 de
1573 5369 1925 5442 longinquo.
1951 5370 2066 5426 Re—
2175 5381 2437 5440 quoque,
2458 5369 2959 5440 utilluminentur,
2979 5378 3036 5428 et
3062 5371 3374 5429 attendant
3403 5376 3490 5439 ;et
3503 5381 3908 5448 praecepto-

422 5466 593 5537 quire
646 5462 818 5532 infra
848 5461 914 5518 ίη
942 5459 1282 5516 Μαιαείηἰε.
2173 5473 2309 5515 rum
2340 5462 2579 5514 tuorum
2604 5459 2920 5517 tenacitate
2950 5461 3118 5517 vultu
3171 5461 3552 5518 conscientias
3574 5463 3916 5524 nullate—

961 5548 1461 5606 AdMatutinum.
2171 5563 2288 5605 nus
2339 5547 2710 5605 erubescant.
2742 5560 2808 5620 ly.
2838 5553 3038 5605 Amen.

490 5641 782 5712 Hymnus.
803 5641 1034 5700 Eterne
1058 5651 1261 5700 rerum
1297 5633 1591 5707 conditor,
1641 5634 1849 5704 Quare
1865 5635 1977 5708 fol.
2005 5638 2059 5696 3.
2244 5648 2309 5709 Iv.
2334 5635 2652 5697 Suscitabit
2677 5637 2964 5698 Dominus
3012 5651 3218 5710 regem
3247 5654 3320 5698 ex
3365 5640 3551 5703 Israel
3581 5641 3936 5708 fortissi.
