4118 6184
210 273 283 329 35
1122 268 1338 327 FERIA
1377 270 1450 326 v1
1489 238 1674 328 Po's'r
1710 269 1890 327 nou.
1933 271 2008 329 iu
2048 275 2430 339 ADVENTUS
2472 282 2749 340 DOMINI.
3573 281 3648 339 86

214 415 353 458 rum
379 400 523 456 ante
552 395 772 455 faciem
802 394 1059 464 Domini,
1090 397 1385 469 quoniam
1416 398 1632 455 veniet.
1666 398 1731 460 ἣν.
1763 399 1884 453 Lae-
1915 399 1964 454 A
1999 398 2232 460 alarum
2260 409 2500 465 tuarum
2530 407 2811 481 sperabo,
2836 406 3029 465 donec
3052 409 3320 466 transeat
3337 406 3639 481 iniquitas.

216 492 415 547 tentur
438 488 597 553 coeli,
640 490 698 543 et
725 484 946 542 exultet
971 488 1163 542 terra:
1197 492 1649 544 commoveatur
1696 502 1884 551 mare,
1994 489 2261 551 Psalmus
2286 512 2396 554 Lv1.

216 582 272 635 et
302 576 617 649 plenitudo
647 575 820 647 ejus;
846 572 1010 630 orbis
1032 578 1349 644 terrarum,
1385 581 1441 632 et
1470 574 1748 642 universi,
1781 576 1884 649 qui
2065 580 2284 640 Oratio.
2316 587 2470 643 Deus
2506 587 2605 642 Dei
2632 586 2833 641 Filius.
2868 586 3075 654 Quavre
3091 586 3203 655 fol.
3233 590 3262 641 3

213 665 492 722 habitant
536 664 598 720 in
632 678 729 719 eo.
772 665 830 717 P.
865 664 1026 718 Tunc
1054 662 1428 720 exultabunt.
1475 664 1537 724 ἵ.
1572 663 1783 730 Gloria,
1827 672 1883 720 et
2069 672 2638 743 Antiphonal.Ecce
2656 691 2767 745 ego
2791 675 3021 731 mittam
3046 674 3125 731 ad
3152 678 3359 743 gentes
3381 677 3437 730 et
3454 674 3638 731 adin-

212 756 413 812 honor
440 754 611 810 Patri.
640 756 703 810 P.
727 755 910 809 Tunc.

292 845 520 901 Oratio.
553 841 825 899 Gaudent
848 842 1046 913 campi
1086 841 1290 915 utique
1333 841 1635 898 Adventus
1685 843 1765 897 tui
1789 843 1880 913 jo-

214 932 517 989 cunditate
543 930 769 1004 perfusi
798 947 811 986 :
842 934 898 986 et
916 929 1054 987 ideo
1080 936 1540 1001 quassumus,ut,
1561 930 1666 1004 qui
1682 931 1878 987 insen-

216 1022 413 1078 sibilia
444 1020 750 1077 Adventus
778 1019 861 1075 tui
892 1019 1115 1089 gaudia
1142 1019 1204 1075 in
1229 1024 1284 1075 te
1314 1019 1574 1077 viventia
1600 1035 1875 1092 compro-

207 1111 363 1177 bas;
397 1108 713 1166 sensibiles
738 1109 922 1165 nosin
955 1107 1230 1165 Adventu
1258 1108 1340 1164 tui
1361 1108 1567 1180 judicii
1588 1124 1878 1165 coronan-

202 1199 322 1256 dos
347 1198 612 1255 attolles.
651 1209 715 1268 ﬁ.
747 1200 960 1252 Amen.

283 1292 395 1344 Per
425 1286 902 1343 misericordiam
928 1290 1116 1350 tuam,
1150 1288 1323 1351 Deus,
1357 1292 1575 1352 noster,
1605 1288 1712 1342 etc.

282 1376 643 1447 Antiphona
670 1381 719 1430 2.
751 1373 999 1445 Adjiciet
1026 1375 1317 1430 Dominus
1343 1391 1592 1431 manum
1607 1391 1779 1430 suam
1797 1375 1875 1430 ad

205 1465 657 1538 possidendum
686 1462 997 1520 residuum
1029 1463 1236 1535 populi
1256 1465 1367 1532 sui,
1398 1468 1454 1519 et
1478 1462 1761 1518 venietab
1786 1462 1873 1517 in-

203 1555 359 1610 sulis
390 1554 602 1610 maris.
634 1556 696 1609 P.
738 1555 804 1608 Et
853 1552 1245 1623 congregabit
1288 1551 1543 1624 populos
1581 1551 1869 1623 profugos

200 1643 402 1707 lsrael,
448 1647 505 1697 et
534 1642 843 1713 dispersos
871 1640 1025 1696 Juda
1057 1640 1309 1709 colliget.
1348 1652 1410 1707 lt.
1446 1641 1511 1694 Et
1539 1640 1645 1694 erit
1671 1639 1872 1695 ﬁrma-

1989 763 2167 833 sulas,
2202 764 2343 819 dicit
2373 765 2678 835 Dominus,
2697 765 2873 833 longe
2899 764 2977 820 ad
3003 779 3124 830 eos,
3153 763 3257 835 qui
3289 777 3409 817 non
3440 763 3641 819 audie—

1985 858 2123 909 runt
2151 853 2226 909 de
2256 869 2378 911 me.
2407 857 2471 909 P.
2504 856 2569 910 Et
2596 852 3153 923 videbuntgloriam
3179 868 3404 908 meam.
3432 852 3496 911 ἲν.
3526 856 3640 907 Au-

1986 941 2103 997 dite
2126 942 2277 1006 haac,
2306 959 2515 999 omnes
2547 948 2750 1013 gentes
2779 962 2791 995 :
2818 942 3060 999 auribus
3088 942 3388 1013 percipite,
3411 941 3517 1014 qui
3534 940 3639 997 ha-

1982 1031 2187 1087 bitatis
2216 1032 2443 1087 orbem.
2480 1035 2542 1086 P.
2570 1035 2638 1088 Et
2670 1032 2972 1087 videbunt.
3003 1032 3064 1090 7V.
3105 1030 3311 1095 Gloria,
3345 1034 3403 1088 et
3443 1029 3638 1087 honor

1984 1120 2155 1175 Patri.
2186 1123 2244 1175 P.
2288 1124 2354 1176 Et
2390 1120 2681 1176 videbunt
2714 1120 2966 1190 gloriam
2995 1135 3219 1175 meam.

2059 1209 2289 1265 Oratio.
2332 1211 2523 1275 Quam
2545 1208 2727 1281 pulcri
2752 1212 2907 1275 sunt,
2930 1208 3381 1279 Domine,super
3402 1211 3635 1263 montes

1982 1298 2166 1369 pedes
2182 1299 2711 1369 evangelizantium
2740 1314 2952 1370 pacem
2983 1315 2995 1352 :
3024 1301 3242 1370 praesta
3269 1312 3409 1367 ergo
3435 1296 3631 1365 nobis,

1984 1392 2046 1442 ut
2066 1402 2169 1458 per
2200 1392 2251 1442 te
2282 1388 2673 1458 praedicantes
2706 1386 2984 1453 salutem,
3004 1386 3065 1440 in
3094 1394 3147 1441 te
3163 1385 3500 1440 habeamus
3521 1384 3632 1440 sal-

1981 1475 2283 1531 vationem
2304 1495 2321 1548 ;
2348 1492 2469 1548 quo
2490 1476 2788 1531 Adventus
2812 1475 2897 1531 tui
2917 1474 3311 1546 praedicantes
3346 1473 3626 1542 insignia,

1980 1564 2275 1620 donorum
2302 1570 2563 1632 tuorum,
2604 1566 2665 1620 in
2690 1580 2801 1621 nos
2826 1563 3120 1620 redundet
3145 1563 3335 1635 gratia
3365 1560 3628 1634 copiosa.

1980 1664 2039 1714 Ην.
2072 1658 2279 1708 Amen.

199 1736 478 1788 mentum
508 1731 573 1785 in
593 1734 746 1785 terra
778 1747 791 1784 :
824 1729 884 1784 in
906 1729 1159 1784 summis
1184 1728 1481 1783 montium
1509 1727 1869 1799 superexlol-
1898 1743 1942 1798 Β
2048 1742 2157 1796 per
2182 1741 2655 1797 misericordiam
2682 1744 2862 1810 tuam,
2899 1742 3053 1795 Deus
3076 1744 3295 1796 noster.

195 1820 353 1876 letur
384 1834 567 1891 super
596 1818 892 1873 Libanum
924 1816 1151 1873 fructus
1180 1817 1308 1887 ejus
1341 1834 1354 1872 :
1384 1821 1440 1872 et
1462 1816 1761 1872 ﬂorebunt
1793 1817 1867 1872 de

198 1909 463 1975 civitate,
492 1908 645 1962 sicut
670 1906 901 1961 foenum
926 1910 1113 1962 terrae.
1159 1908 1217 1961 P.
1252 1908 1317 1961 Et
1346 1905 1736 1975 congregabit
1765 1921 1867 1977 po-

192 1998 393 2071 pulos.
430 2009 496 2065 It'.
530 1996 748 2060 Gloria,
781 2000 837 2051 et
865 1995 1076 2051 honor.
1108 1996 1171 2049 P.
1206 1998 1271 2050 Et
1294 1995 1697 2065 congregabit.

264 2087 500 2143 Oratio.
543 2084 748 2155 Adjice
794 2100 1043 2141 manum
1077 2088 1263 2149 tuam,
1307 2083 1576 2151 Demine,
1623 2088 1681 2139 et
1726 2098 1862 2155 pos-

191 2176 318 2232 side
348 2174 670 2231 residuum
709 2172 919 2245 populi
946 2173 1055 2241 tui;
1110 2178 1173 2229 ut
1203 2173 1616 2228 incarnatione
1650 2178 1748 2228 tua
1775 2172 1863 2228 in-

188 2263 459 2321 credulis
478 2266 824 2336 patescente
846 2261 993 2317 nihil
1004 2262 1313 2317 residuum
1326 2260 1590 2333 sit,quod
1605 2277 1861 2316 vacuum

187 2359 509 2411 remaneat
542 2369 581 2408 a
607 2350 885 2408 mercede
914 2368 926 2405 :
953 2367 1097 2424 quo,
1134 2351 1280 2407 dum
1327 2352 1389 2407 in
1426 2351 1581 2407 ﬁlios
1610 2350 1862 2405 inﬁdeli-

190 2444 327 2500 tatis
354 2440 791 2498 incarnationis
822 2444 937 2495 tuae
984 2440 1337 2513 mysterium
1388 2440 1760 2507 manifestas,
1800 2439 1861 2495 in

189 2531 483 2589 cordibus
506 2528 773 2585 ﬁdelium
807 2530 920 2601 25
948 2528 1229 2587 desiderii
1254 2529 1341 2586 tui
1364 2533 1499 2587 vota
1522 2528 1740 2601 placita
1759 2528 1863 2585 tibi

189 2636 426 2694 semper
456 2618 707 2675 efﬁcias.
736 2629 805 2685 Ito.
839 2623 1047 2674 Amen.

262 2711 375 2766 Per
406 2706 891 2763 misericordiam
936 2711 1119 2775 tuam,
1147 2711 1298 2763 Deus
1329 2709 1552 2774 noster,
1587 2710 1694 2762 etc.

260 2796 625 2865 Antiphona
654 2798 707 2850 3.
739 2796 808 2851 In
838 2794 940 2850 illa
973 2795 1070 2851 die
1114 2795 1188 2850 de
1221 2794 1475 2850 tenebris
1506 2798 1562 2850 et
1609 2793 1861 2865 caligine

186 2884 353 2942 oculi
382 2899 685 2939 caecorum
707 2882 999 2938 videbunt
1032 2901 1045 2939 :
1077 2883 1301 2939 addent
1326 2884 1498 2939 mites
1523 2883 1584 2937 in
1608 2882 1861 2937 Domino

185 2972 484 3028 lsetitiam.
530 2973 592 3025 P.
620 2973 684 3025 Et
722 2970 976 3027 humiles
1010 2987 1303 3044 pauperes
1333 2971 1395 3027 in
1438 2974 1645 3027 sancto
1680 2968 1861 3031 Israel

184 3060 577 3117 exultabant.
609 3057 672 3117 ἢν.
714 3060 781 3114 Et
809 3058 1183 3115 benedicitur
1209 3060 1271 3115 in
1306 3075 1377 3116 eo
1408 3075 1619 3115 omnes
1669 3058 1859 3114 tribus

182 3156 408 3207 terrae:
462 3160 669 3203 omnes
709 3150 917 3215 gentes
961 3148 1217 3205 servient
1268 3148 1342 3204 ei.
1400 3146 1468 3204 P.
1496 3149 1560 3203 Et
1588 3147 1855 3203 humilis.

182 3240 245 3297 t’.
292 3237 518 3301 Gloria,
548 3242 603 3292 et
635 3234 830 3293 honor
874 3236 1045 3307 Patri,
1079 3241 1189 3293 etc.
1229 3239 1286 3292 P.
1328 3239 1394 3294 Et
1422 3236 1678 3293 humiles
1707 3251 1857 3309 pau-

181 3338 389 3397 peres.

260 3412 496 3467 Oratio.
528 3411 835 3481 Unigenite
869 3410 965 3466 Dei
995 3408 1190 3473 Filius,
1241 3409 1343 3481 qui
1375 3408 1448 3464 de
1497 3407 1755 3464 tenebris
1803 3411 1860 3473 et

182 3500 444 3570 caligine
472 3499 683 3557 oculos
700 3514 996 3555 caecorum
1024 3498 1225 3553 videre
1250 3497 1605 3566 fecisti,cum
1629 3496 1859 3553 mundo

179 3605 289 3663 per
314 3593 621 3662 susceptis
650 3588 1078 3651 incarnationis
1092 3586 1441 3660 mysterium
1461 3586 1725 3641 claruisti
1747 3584 1860 3641 :di-

178 3693 372 3747 gnare
398 3678 595 3748 gratia
608 3677 929 3733 divinitatis
952 3682 1063 3733 tuae
1094 3676 1408 3731 inlustrare
1426 3677 1856 3747 arcanapecto-

174 3768 260 3824 ris
294 3765 491 3822 nostri
524 3784 537 3822 :
572 3772 653 3833 ut,
684 3765 789 3839 qui
818 3765 1123 3821 Adventus
1151 3764 1234 3819 tui
1264 3762 1454 3832 gratia
1475 3762 1852 3827 anhelamus,

175 3856 515 3912 divinitatis
544 3861 660 3912 ture
691 3870 937 3911 munere
968 3852 1369 3909 consolemur.
1406 3863 1466 3923 ην.
1500 3853 1706 3906 Amen.

242 3948 358 4001 Per
388 3944 869 4001 misericordiam
901 3948 1085 4007 tuam,
1121 3944 1272 3996 Deus
1304 3946 1526 4003 noster,
1561 3944 1669 3994 etc.

246 4048 314 4096 Pe.
382 4035 725 4091 Bethlehem
784 4050 907 4090 non
960 4049 1021 4088 es
1076 4030 1329 4087 minima
1371 4030 1430 4085 in
1482 4027 1853 4100 principibus

170 4124 342 4180 Jnda
376 4142 390 4178 :
423 4140 499 4178 ex
534 4128 583 4178 te
610 4124 844 4196 prodiet
859 4138 981 4178 rex.
1004 4121 1066 4175 P.
1097 4121 1279 4191 Cujus
1299 4134 1553 4188 regnum
1575 4132 1698 4172 non
1723 4132 1848 4172 cor-

163 4218 527 4288 rumpatur.
560 4212 626 4273 V.
666 4215 731 4271 Et
763 4216 845 4278 tu,
874 4210 1217 4266 Bethlehem
1248 4208 1529 4280 Ephrata,
1556 4205 1851 4278 numquid

167 4302 447 4375 parvula
476 4317 537 4356 es
559 4302 619 4356 in
644 4300 908 4357 millibus
924 4299 1120 4355 Juda‘?
1150 4300 1230 4353 Ex
1263 4301 1313 4353 te
1334 4294 1495 4352 enim
1522 4294 1854 4363 egredietur

165 4408 298 4448 rex.
331 4394 400 4448 P.
451 4389 636 4462 Cujus
666 4405 946 4460 regnum.
986 4388 1045 4447 Ῡ.
1082 4387 1294 4451 Gloria,
1346 4390 1402 4441 et
1447 4384 1640 4440 honor
1678 4384 1849 4439 Patri.

166 4485 542 4540 Beiteretur.
580 4489 646 4547 Et.
688 4477 1023 4533 Bethlehem
1052 4491 1175 4532 non
1207 4491 1270 4529 es
1302 4473 1550 4529 minima
1588 4473 1674 4527 in.

241 4574 323 4629 In
341 4567 655 4625 Laudibus
678 4566 1043 4634 Antiphona,
1064 4565 1393 4629 Canticum,
1412 4568 1463 4618 et
1483 4561 1683 4623 omnia
1701 4560 1849 4617 alia,

172 4677 315 4734 qua
334 4662 700 4728 sequuntur,
737 4656 1026 4711 dicantur
1049 4669 1232 4724 usque
1256 4654 1316 4707 in
1337 4653 1513 4721 ﬁnem
1536 4650 1843 4715 Matutini,

169 4759 237 4807 ut
268 4749 423 4804 inin
439 4746 608 4817 feria
630 4748 662 4800 4
676 4745 891 4814 prima,
914 4742 1312 4799 Hebdomadze
1328 4741 1440 4810 fot.
1478 4744 1557 4794 ll.
1578 4739 1844 4809 Excepta

168 4838 533 4908 Prop/retia.
576 4836 711 4889 Haec
741 4833 881 4887 dicit
918 4831 1207 4887 Dominus
1243 4848 1254 4885 :
1305 4827 1553 4883 salvabo
1600 4841 1843 4896 gregem

167 4944 415 4985 meum.
458 4926 669 4993 Quaere
691 4923 798 4992 fol.
829 4925 914 4977 23.

240 5018 343 5074 Ad
382 5016 668 5083 Vesperos
696 5011 894 5067 omnia
921 5010 1223 5072 dicantur,
1259 5012 1322 5061 ut
1372 5008 1436 5066 in
1476 5004 1739 5073 Vesperis
1772 5003 1845 5060 de

170 5112 391 5179 quarta
404 5105 565 5173 feria
576 5102 793 5171 prima
815 5096 1195 5156 hebdomade:
1212 5098 1283 5152 de
1305 5094 1565 5150 Adventu
1582 5093 1837 5148 Domini.

172 5194 435 5263 Require
455 5194 565 5260 fol.
607 5195 689 5244 l2.

777 5305 981 5357 FERlA
1022 5304 1257 5357 SEXTA.

752 5419 849 5473 Ad
880 5419 1269 5474 Matutmum.

167 5549 566 5621 Antiphona.
610 5549 677 5603 In
704 5548 758 5603 te
775 5542 1027 5609 conﬁdit
1053 5541 1260 5603 anima
1277 5555 1435 5607 mea,
1464 5541 1520 5596 et
1543 5537 1604 5594 in
1627 5534 1841 5595 umbra

2048 1831 2400 1899 Antiphona
2430 1834 2483 1884 2.
2518 1832 2663 1884 Ecce
2689 1832 2841 1884 Deus
2877 1828 3149 1884 excelsus
3181 1828 3243 1885 in
3290 1826 3628 1883 fortitudine

1977 1934 2089 1974 sua
2115 1919 2328 1985 veniet,
2358 1917 2559 1973 nullus
2588 1918 2641 1973 ei
2682 1917 2907 1973 similis.
2940 1918 2997 1972 P.
3039 1916 3183 1982 Quis
3228 1916 3441 1988 poterit
3470 1931 3630 1971 scru-

1973 2007 2083 2062 tari
2107 2008 2234 2061 vias
2257 2007 2385 2077 ejus
2406 2008 2432 2061 ?
2458 2007 2681 2061 Cuncta
2694 2005 3081 2061 considerans
3108 2020 3330 2060 nomen
3369 2005 3499 2076 ejus
3533 2020 3629 2060 su-

1972 2111 2080 2166 pra
2111 2095 2395 2150 terminos
2430 2102 2613 2150 terrae.
2648 2094 2706 2153 Ψ.
2737 2093 2847 2160 Qui
2873 2094 3043 2164 ponis
3063 2093 3287 2149 nubem
3306 2108 3629 2149 ascensum

1969 2184 2139 2239 tuum
2174 2205 2187 2239 :
2220 2183 2323 2255 qui
2367 2183 2643 2238 ambulas
2676 2198 2854 2254 super
2899 2198 3132 2254 pennas
3182 2186 3519 2238 ventorum.
3566 2184 3625 2237 P.

1973 2273 2111 2339 Quis
2142 2272 2354 2344 poterit
2378 2273 2405 2327 ?
2432 2273 2493 2333 ἵ.
2517 2272 2726 2338 Gloria,
2759 2276 2817 2328 et
2844 2272 3040 2327 honor
3070 2272 3247 2341 Patri,
3268 2279 3376 2329 etc.
3399 2274 3461 2328 P.
3488 2270 3629 2336 Quis

1970 2362 2222 2434 poterit?

2044 2451 2267 2507 Oratio.
2292 2450 2435 2516 Quis
2460 2450 2691 2522 poterit,
2711 2452 2868 2506 Deus
2891 2449 2994 2505 Dei
3020 2448 3219 2519 Filius,
3241 2448 3627 2506 scrutarivias

1974 2544 2105 2594 tuas
2118 2539 2145 2592 ?
2163 2539 2259 2593 Vel
2274 2538 2495 2611 quibus
2510 2539 2767 2595 aditibus
2781 2538 3117 2595 nasciturus
3132 2538 3205 2593 ad
3218 2538 3518 2608 Virginem
3533 2554 3631 2595 ve-

1972 2626 2127 2682 neris
2148 2628 2175 2682 ?
2204 2627 2302 2682 Vel
2319 2627 2540 2699 quibus
2554 2628 2777 2683 semitis
2805 2627 2883 2682 ad
2909 2642 3171 2698 superna
3189 2640 3496 2695 regressus
3513 2643 3576 2682 es
3599 2626 3628 2681 ?

1974 2718 2040 2769 Et
2070 2713 2225 2780 ideo,
2260 2717 2402 2786 quia
2448 2722 2508 2769 tu
2537 2714 2700 2769 solus
2736 2719 2951 2770 cuncta
2998 2713 3386 2769 considerans
3416 2731 3499 2780 es,
3531 2731 3628 2770 cu-

1968 2803 2065 2873 jus
2099 2816 2320 2857 nomen
2350 2816 2535 2872 supra
2559 2806 2724 2856 terraa
2750 2800 3029 2855 terminos
3050 2806 3393 2870 permanet;
3426 2800 3505 2856 da
3524 2816 3631 2857 no-

1971 2890 2084 2954 bis,
2122 2888 2224 2944 illa
2257 2888 2331 2944 de
2371 2891 2424 2943 te
2452 2902 2691 2959 semper
2730 2886 3115 2943 considerare
3162 2890 3219 2942 et
3245 2886 3461 2951 dicere,
3492 2903 3629 2960 quae

1973 2978 2162 3050 culpae
2194 2982 2435 3034 careant
2454 2977 2582 3045 lege
2625 2993 2637 3031 :
2665 2984 2745 3043 ut,
2777 2974 2882 3047 qui
2904 2974 3172 3031 excelsus
3201 2975 3263 3030 in
3286 2974 3629 3032 fortitudine

1897 3085 1937 3140 ο
1970 3066 2218 3122 veniens
2245 3064 2495 3120 humilia
2522 3063 2792 3136 respicis,
2817 3062 3033 3134 dignos
3067 3062 3253 3119 facias
3282 3077 3393 3120 nos
3418 3079 3630 3121 mune-

1968 3154 2128 3211 ribus
2164 3154 2298 3211 tuis.
2340 3166 2404 3223 m.
2432 3157 2640 3208 Amen.

2040 3244 2148 3299 Per
2176 3241 2655 3298 misericordiam
2677 3245 2864 3307 tuam,
2893 3243 3048 3297 Deus
3069 3244 3288 3308 noster,
3315 3241 3423 3312 qui
3446 3256 3509 3296 es
3527 3240 3629 3298 be-

1969 3333 2263 3398 nedictus,
2297 3339 2351 3387 et
2380 3330 2552 3397 vivis,
2585 3335 2642 3385 et
2678 3330 2887 3386 omnia
2915 3330 3074 3399 regis
3101 3329 3163 3385 in
3188 3329 3410 3387 saecula
3439 3344 3628 3385 saecu-

1970 3421 2186 3477 lorum.
2216 3426 2431 3476 Amen.

2038 3509 2379 3578 Antiphona
2413 3510 2464 3563 3.
2516 3509 2637 3576 Ego
2675 3507 2844 3561 Jesus
2872 3503 3042 3559 mitto
3079 3502 3369 3570 Angelum
3415 3518 3622 3559 meum

1970 3598 2284 3653 testiﬁcare
2305 3595 2675 3652 hominibus.
2706 3595 2762 3647 P.
2789 3595 2934 3647 Ecce
2958 3591 3133 3648 venio
3164 3591 3301 3657 cito,
3321 3596 3622 3650 etmerces

1967 3702 2103 3742 mea
2132 3701 2370 3741 mecum
2425 3687 2535 3751 est,
2582 3696 2725 3737 sane
2767 3680 3082 3750 longuores
3128 3680 3340 3752 populi
3385 3681 3521 3736 mei.
3555 3680 3619 3739 ἲν.

1966 3773 2115 3829 Audi
2150 3771 2412 3845 populus
2439 3785 2608 3824 meus
2635 3786 2648 3835 ;
2680 3773 2734 3824 et
2763 3768 2980 3840 loquar
3012 3767 3226 3824 Israel:
3261 3768 3621 3825 testiﬁcabor

1968 3861 2091 3928 tibi,
2130 3859 2326 3928 Israel,
2369 3858 2419 3912 si
2463 3874 2557 3913 me
2590 3856 2866 3913 audieris.
2894 3856 2958 3911 P.
2994 3859 3139 3913 Ecce
3168 3857 3341 3912 venio
3371 3854 3507 3912 cito.
3540 3856 3609 3917 ir.

1967 3950 2180 4017 Gloria,
2209 3948 2478 4004 ethonor
2509 3945 2682 4015 Patri;
2716 3949 2772 4001 et
2811 3944 2953 4010 tilio,
3000 3949 3111 4001 etc.
3164 3945 3225 3998 Ρ.
3265 3946 3410 3999 Ecce
3439 3943 3615 4000 venio

1964 4038 2097 4093 cito.

2039 4122 2424 4182 Oratio.Deus
2437 4121 2839 4193 omnipotens,
2854 4121 2956 4193 qui
2970 4118 3265 4189 Angelum
3289 4122 3460 4175 tuum
3478 4124 3612 4175 ante

1963 4214 2298 4270 Adventum
2320 4211 2731 4282 Redemptoris
2764 4210 2998 4277 misisti,
3022 4210 3127 4282 qui
3149 4209 3483 4265 testiﬁcaret
3507 4208 3612 4265 ho-

1962 4302 2224 4359 minibus
2254 4306 2309 4357 et
2338 4301 2497 4355 viam
2529 4299 2734 4356 salutis
2760 4303 2816 4353 et
2840 4297 3270 4370 plenitudinem
3301 4298 3605 4365 sanitatis;

1961 4392 2041 4447 da
2062 4390 2298 4447 familiae
2329 4394 2465 4455 tuai,
2500 4393 2565 4444 ut
2593 4387 3044 4444 adnuntiatione
3094 4386 3396 4442 Adventus
3434 4388 3519 4442 tui
3545 4387 3607 4441 in

1963 4479 2184 4535 ccelesti
2214 4478 2439 4548 gaudio
2468 4477 2801 4533 hilarescat.
2836 4479 2919 4540 Et,
2963 4474 3106 4547 quia
3138 4490 3363 4530 merces
3391 4479 3493 4531 tua
3523 4478 3607 4530 te-

1960 4584 2098 4623 cum
2124 4566 2202 4623 ad
2221 4565 2517 4637 judicium
2546 4564 2758 4632 veniet,
2785 4563 2973 4635 pietas
3012 4567 3115 4617 tua
3140 4565 3444 4639 consueta
3464 4566 3604 4617 tunc

1955 4655 2130 4711 nobis
2161 4657 2433 4709 occurrat
2454 4652 2515 4707 in
2545 4667 2809 4715 munere,
2842 4666 2976 4723 qua:
3015 4651 3287 4705 nostrum
3318 4649 3488 4705 solita
3517 4652 3604 4705 est

1954 4758 2188 4815 semper
2217 4754 2519 4797 removere
2542 4739 2912 4811 languorem.
2954 4750 3017 4807 It.
3049 4742 3257 4793 Amen.

2025 4835 2127 4887 Per
2144 4828 2611 4887 misericordiam
2635 4832 2821 4894 tuam,
2851 4827 3003 4881 Deus
3031 4831 3252 4893 noster,
3277 4828 3386 4879 etc.

2023 4932 2088 4988 B1.
2120 4922 2365 4975 Paratus
2404 4921 2549 4979 esto,
2598 4915 2794 4984 Israel,
2823 4914 2883 4970 in
2933 4914 3203 4977 Adventu
3236 4910 3471 4967 Domini
3500 4913 3602 4969 Dei

1950 5009 2055 5076 tui,
2096 5008 2237 5079 quia
2268 5022 2402 5062 ecce
2434 5006 2562 5077 ipse
2602 5004 2871 5060 formans
2902 5007 3155 5058 montes.
3180 5001 3229 5054 Ρ,
3281 5003 3348 5056 Et
3390 5018 3600 5059 creans

1952 5093 2661 5168 spiritus,etannuncians
2676 5093 2731 5147 in
2748 5090 3082 5147 hominibus
3096 5089 3388 5145 Christum
3407 5107 3594 5144 suum.

1948 5184 2014 5246 ἢν.
2053 5188 2195 5239 Ecce
2244 5182 2527 5238 Dominus
2580 5186 2730 5236 Deus
2776 5186 2969 5235 vester
3014 5178 3330 5250 prudentia
3370 5193 3479 5231 sua
3508 5192 3596 5229 ex-

1950 5273 2135 5328 tendit
2160 5272 2362 5339 coalos,
2399 5276 2455 5325 et
2480 5271 2537 5324 in
2574 5270 2861 5341 sapientia
2886 5286 2991 5323 sua
3021 5272 3320 5339 praeparat
3351 5263 3591 5323 orbem;

1949 5362 2075 5432 ipse
2108 5367 2195 5415 est
2235 5360 2391 5414 enim
2427 5362 2578 5413 Deus
2604 5358 2871 5414 formans
2906 5366 3145 5413 terram.
3194 5355 3249 5405 Ρ.
3293 5354 3355 5404 Et
3384 5360 3593 5401 creans

1951 5448 2218 5522 spiritus.
2261 5446 2319 5507 ππ.
2355 5447 2569 5517 Gloria,
2611 5452 2667 5505 et
2713 5447 2905 5503 honor
2930 5444 3106 5501 Patri.
3163 5439 3495 5495 Reiteretur
3524 5444 3587 5503 Bt.

1948 5541 2192 5595 Paratus
2212 5539 2357 5602 esto,
2391 5535 2588 5595 Israel.
