  <div class='ocr_page' id='page_1' title='image "/cluster/home/n/w/nwhite01/storage/ocr_20150623/86/hvd.32044054758909/049.png"; bbox 0 0 4118 6184; ppageno 0'>
   <div class='ocr_carea' id='block_1_1' title="bbox 481 309 554 363">
    <p class='ocr_par' dir='ltr' id='par_1_1' title="bbox 481 309 554 363">
     <span class='ocr_line' id='line_1_1' title="bbox 481 309 554 363; baseline 0 0"><span class='ocrx_word' id='word_1_1' title='bbox 481 309 554 363; x_wconf 85' lang='grc'><strong>87</strong></span> 
     </span>
    </p>
   </div>
   <div class='ocr_carea' id='block_1_2' title="bbox 1738 286 3889 348">
    <p class='ocr_par' dir='ltr' id='par_1_2' title="bbox 1738 286 3889 348">
     <span class='ocr_line' id='line_1_2' title="bbox 1738 286 3889 348; baseline -0.004 -2"><span class='ocrx_word' id='word_1_2' title='bbox 1738 286 2189 347; x_wconf 79' lang='lat' dir='ltr'><strong>BREVIARIUM</strong></span> <span class='ocrx_word' id='word_1_3' title='bbox 2231 289 2626 348; x_wconf 85' lang='lat' dir='ltr'><strong>GOTHICUM.</strong></span> <span class='ocrx_word' id='word_1_4' title='bbox 3827 286 3889 339; x_wconf 91' lang='lat'>88</span> 
     </span>
    </p>
   </div>
   <div class='ocr_carea' id='block_1_3' title="bbox 558 407 3891 492">
    <p class='ocr_par' dir='ltr' id='par_1_3' title="bbox 558 407 3891 492">
     <span class='ocr_line' id='line_1_3' title="bbox 558 407 3891 492; baseline -0.006 -7"><span class='ocrx_word' id='word_1_5' title='bbox 558 427 764 485; x_wconf 74' lang='lat' dir='ltr'><strong>Omnia</strong></span> <span class='ocrx_word' id='word_1_6' title='bbox 779 426 906 484; x_wconf 76' lang='lat' dir='ltr'><strong>alia</strong></span> <span class='ocrx_word' id='word_1_7' title='bbox 921 423 1202 481; x_wconf 77' lang='lat' dir='ltr'><strong>dicantur</strong></span> <span class='ocrx_word' id='word_1_8' title='bbox 1217 436 1394 492; x_wconf 89' lang='lat' dir='ltr'><strong>usque</strong></span> <span class='ocrx_word' id='word_1_9' title='bbox 1410 421 1473 476; x_wconf 75' lang='lat' dir='ltr'><strong>in</strong></span> <span class='ocrx_word' id='word_1_10' title='bbox 1484 421 1659 488; x_wconf 86' lang='lat' dir='ltr'><strong>ﬁnem</strong></span> <span class='ocrx_word' id='word_1_11' title='bbox 1670 415 2053 482; x_wconf 78' lang='lat' dir='ltr'><strong>Matutim&#39;,ut</strong></span> <span class='ocrx_word' id='word_1_12' title='bbox 2075 415 2137 469; x_wconf 79' lang='lat' dir='ltr'><strong>in</strong></span> <span class='ocrx_word' id='word_1_13' title='bbox 2167 415 2212 468; x_wconf 89' lang='lat' dir='ltr'><strong>A</strong></span> <span class='ocrx_word' id='word_1_14' title='bbox 2316 415 2908 474; x_wconf 80' lang='lat' dir='ltr'><strong>Benedictio.Unicus</strong></span> <span class='ocrx_word' id='word_1_15' title='bbox 2933 413 3109 470; x_wconf 84' lang='lat' dir='ltr'><strong>Filius</strong></span> <span class='ocrx_word' id='word_1_16' title='bbox 3137 411 3259 481; x_wconf 89' lang='lat' dir='ltr'><strong>Dei,</strong></span> <span class='ocrx_word' id='word_1_17' title='bbox 3277 410 3381 483; x_wconf 89' lang='lat' dir='ltr'><strong>qui</strong></span> <span class='ocrx_word' id='word_1_18' title='bbox 3395 409 3635 480; x_wconf 89' lang='lat' dir='ltr'><strong>genitus</strong></span> <span class='ocrx_word' id='word_1_19' title='bbox 3653 407 3726 464; x_wconf 91' lang='lat' dir='ltr'><strong>de</strong></span> <span class='ocrx_word' id='word_1_20' title='bbox 3743 412 3891 466; x_wconf 82' lang='lat' dir='ltr'><strong>utero</strong></span> 
     </span>
    </p>
   </div>
   <div class='ocr_carea' id='block_1_4' title="bbox 487 507 2136 589">
    <p class='ocr_par' dir='ltr' id='par_1_4' title="bbox 487 507 2136 589">
     <span class='ocr_line' id='line_1_4' title="bbox 487 507 2136 589; baseline -0.009 -12"><span class='ocrx_word' id='word_1_21' title='bbox 487 526 654 578; x_wconf 73' lang='lat' dir='ltr'><strong>sexta</strong></span> <span class='ocrx_word' id='word_1_22' title='bbox 666 518 829 589; x_wconf 78' lang='lat' dir='ltr'><strong>feria</strong></span> <span class='ocrx_word' id='word_1_23' title='bbox 846 515 1059 586; x_wconf 75' lang='lat' dir='ltr'><strong>primae</strong></span> <span class='ocrx_word' id='word_1_24' title='bbox 1081 511 1590 581; x_wconf 60' lang='lat' dir='ltr'><strong>Hebdomades/“al.</strong></span> <span class='ocrx_word' id='word_1_25' title='bbox 1625 512 1707 564; x_wconf 85' lang='lat' dir='ltr'><strong>t3.</strong></span> <span class='ocrx_word' id='word_1_26' title='bbox 1731 508 1847 578; x_wconf 75' lang='lat'><strong>26</strong></span> <span class='ocrx_word' id='word_1_27' title='bbox 1864 507 2136 574; x_wconf 73' lang='lat' dir='ltr'><strong>Excepta</strong></span> 
     </span>
    </p>
   </div>
   <div class='ocr_carea' id='block_1_5' title="bbox 489 595 2134 678">
    <p class='ocr_par' dir='ltr' id='par_1_5' title="bbox 489 595 2134 678">
     <span class='ocr_line' id='line_1_5' title="bbox 489 595 2134 678; baseline -0.012 -10"><span class='ocrx_word' id='word_1_28' title='bbox 489 606 838 678; x_wconf 80' lang='lat' dir='ltr'><strong>Prophetia.</strong></span> <span class='ocrx_word' id='word_1_29' title='bbox 872 603 1007 658; x_wconf 64' lang='lat' dir='ltr'><strong>Haec</strong></span> <span class='ocrx_word' id='word_1_30' title='bbox 1037 600 1178 656; x_wconf 86' lang='lat' dir='ltr'><strong>dicit</strong></span> <span class='ocrx_word' id='word_1_31' title='bbox 1208 599 1495 655; x_wconf 87' lang='lat' dir='ltr'><strong>Dominus</strong></span> <span class='ocrx_word' id='word_1_32' title='bbox 1528 615 1541 653; x_wconf 90' lang='lat'><strong>:</strong></span> <span class='ocrx_word' id='word_1_33' title='bbox 1575 595 1852 652; x_wconf 90' lang='lat' dir='ltr'><strong>Salvabo.</strong></span> <span class='ocrx_word' id='word_1_34' title='bbox 1897 595 2011 664; x_wconf 83' lang='lat' dir='ltr'><strong>fol.</strong></span> <span class='ocrx_word' id='word_1_35' title='bbox 2045 597 2134 649; x_wconf 87' lang='lat'><strong>23.</strong></span> 
     </span>
    </p>
   </div>
   <div class='ocr_carea' id='block_1_6' title="bbox 566 681 2138 761">
    <p class='ocr_par' dir='ltr' id='par_1_6' title="bbox 566 681 2138 761">
     <span class='ocr_line' id='line_1_6' title="bbox 566 681 2138 761; baseline -0.01 -9"><span class='ocrx_word' id='word_1_36' title='bbox 566 697 790 752; x_wconf 81' lang='lat' dir='ltr'><strong>Oratio.</strong></span> <span class='ocrx_word' id='word_1_37' title='bbox 814 695 967 747; x_wconf 89' lang='lat' dir='ltr'><strong>Deus</strong></span> <span class='ocrx_word' id='word_1_38' title='bbox 989 691 1178 755; x_wconf 91' lang='lat' dir='ltr'><strong>Pater,</strong></span> <span class='ocrx_word' id='word_1_39' title='bbox 1195 688 1320 761; x_wconf 86' lang='lat' dir='ltr'><strong>qui,</strong></span> <span class='ocrx_word' id='word_1_40' title='bbox 1338 687 1530 742; x_wconf 84' lang='lat' dir='ltr'><strong>ﬁlium</strong></span> <span class='ocrx_word' id='word_1_41' title='bbox 1552 690 1722 742; x_wconf 91' lang='lat' dir='ltr'><strong>tuum</strong></span> <span class='ocrx_word' id='word_1_42' title='bbox 1751 685 2044 739; x_wconf 90' lang='lat' dir='ltr'><strong>missurus</strong></span> <span class='ocrx_word' id='word_1_43' title='bbox 2063 681 2138 738; x_wconf 90' lang='lat' dir='ltr'><strong>ad</strong></span> 
     </span>
    </p>
   </div>
   <div class='ocr_carea' id='block_1_7' title="bbox 497 771 2140 852">
    <p class='ocr_par' dir='ltr' id='par_1_7' title="bbox 497 771 2140 852">
     <span class='ocr_line' id='line_1_7' title="bbox 497 771 2140 852; baseline -0.01 -9"><span class='ocrx_word' id='word_1_44' title='bbox 497 800 698 852; x_wconf 82' lang='lat' dir='ltr'><strong>terras,</strong></span> <span class='ocrx_word' id='word_1_45' title='bbox 730 783 956 852; x_wconf 81' lang='lat' dir='ltr'><strong>legatos</strong></span> <span class='ocrx_word' id='word_1_46' title='bbox 988 785 1139 848; x_wconf 88' lang='lat' dir='ltr'><strong>tuos,</strong></span> <span class='ocrx_word' id='word_1_47' title='bbox 1158 794 1336 834; x_wconf 91' lang='lat' dir='ltr'><strong>voces</strong></span> <span class='ocrx_word' id='word_1_48' title='bbox 1359 777 1559 849; x_wconf 85' lang='lat' dir='ltr'><strong>utique</strong></span> <span class='ocrx_word' id='word_1_49' title='bbox 1583 771 2140 848; x_wconf 66' lang='lat' dir='ltr'><strong>praedicantium,ad</strong></span> 
     </span>
    </p>
   </div>
   <div class='ocr_carea' id='block_1_8' title="bbox 496 863 2142 946">
    <p class='ocr_par' dir='ltr' id='par_1_8' title="bbox 496 863 2142 946">
     <span class='ocr_line' id='line_1_8' title="bbox 496 863 2142 946; baseline -0.008 -16"><span class='ocrx_word' id='word_1_50' title='bbox 496 879 700 946; x_wconf 78' lang='lat' dir='ltr'><strong>gentes</strong></span> <span class='ocrx_word' id='word_1_51' title='bbox 725 870 1021 937; x_wconf 81' lang='lat' dir='ltr'><strong>destinati,</strong></span> <span class='ocrx_word' id='word_1_52' title='bbox 1054 869 1144 924; x_wconf 90' lang='lat' dir='ltr'><strong>vel</strong></span> <span class='ocrx_word' id='word_1_53' title='bbox 1173 868 1250 924; x_wconf 89' lang='lat' dir='ltr'><strong>ad</strong></span> <span class='ocrx_word' id='word_1_54' title='bbox 1268 866 1513 936; x_wconf 87' lang='lat' dir='ltr'><strong>insulas,</strong></span> <span class='ocrx_word' id='word_1_55' title='bbox 1548 863 2142 938; x_wconf 88' lang='lat' dir='ltr'><strong>quiincarnationem</strong></span> 
     </span>
    </p>
   </div>
   <div class='ocr_carea' id='block_1_9' title="bbox 497 952 2142 1036">
    <p class='ocr_par' dir='ltr' id='par_1_9' title="bbox 497 952 2142 1036">
     <span class='ocr_line' id='line_1_9' title="bbox 497 952 2142 1036; baseline -0.009 -16"><span class='ocrx_word' id='word_1_56' title='bbox 497 966 626 1036; x_wconf 88' lang='lat' dir='ltr'><strong>ejus</strong></span> <span class='ocrx_word' id='word_1_57' title='bbox 658 961 1072 1036; x_wconf 76' lang='lat' dir='ltr'><strong>praedicantes,</strong></span> <span class='ocrx_word' id='word_1_58' title='bbox 1095 957 1271 1027; x_wconf 92' lang='lat' dir='ltr'><strong>longe</strong></span> <span class='ocrx_word' id='word_1_59' title='bbox 1304 955 1383 1012; x_wconf 91' lang='lat' dir='ltr'><strong>ad</strong></span> <span class='ocrx_word' id='word_1_60' title='bbox 1403 971 1525 1020; x_wconf 90' lang='lat' dir='ltr'><strong>eos,</strong></span> <span class='ocrx_word' id='word_1_61' title='bbox 1552 954 1792 1026; x_wconf 89' lang='lat' dir='ltr'><strong>quinon</strong></span> <span class='ocrx_word' id='word_1_62' title='bbox 1807 952 2142 1013; x_wconf 90' lang='lat' dir='ltr'><strong>audierunt,</strong></span> 
     </span>
    </p>
   </div>
   <div class='ocr_carea' id='block_1_10' title="bbox 497 1039 2150 1118">
    <p class='ocr_par' dir='ltr' id='par_1_10' title="bbox 497 1039 2150 1118">
     <span class='ocr_line' id='line_1_10' title="bbox 497 1039 2150 1118; baseline -0.008 -10"><span class='ocrx_word' id='word_1_63' title='bbox 497 1052 661 1109; x_wconf 86' lang='lat' dir='ltr'><strong>verbi</strong></span> <span class='ocrx_word' id='word_1_64' title='bbox 676 1051 759 1106; x_wconf 92' lang='lat' dir='ltr'><strong>tui</strong></span> <span class='ocrx_word' id='word_1_65' title='bbox 771 1048 953 1104; x_wconf 92' lang='lat' dir='ltr'><strong>ﬁdem</strong></span> <span class='ocrx_word' id='word_1_66' title='bbox 979 1044 1366 1118; x_wconf 82' lang='lat' dir='ltr'><strong>praedicando</strong></span> <span class='ocrx_word' id='word_1_67' title='bbox 1378 1044 1744 1116; x_wconf 90' lang='lat' dir='ltr'><strong>porrigerent</strong></span> <span class='ocrx_word' id='word_1_68' title='bbox 1761 1059 1774 1106; x_wconf 91' lang='lat'><strong>;</strong></span> <span class='ocrx_word' id='word_1_69' title='bbox 1793 1040 1874 1096; x_wconf 89' lang='lat' dir='ltr'><strong>da</strong></span> <span class='ocrx_word' id='word_1_70' title='bbox 1889 1039 2150 1106; x_wconf 90' lang='lat' dir='ltr'><strong>nobis,et</strong></span> 
     </span>
    </p>
   </div>
   <div class='ocr_carea' id='block_1_11' title="bbox 501 1129 2149 1204">
    <p class='ocr_par' dir='ltr' id='par_1_11' title="bbox 501 1129 2149 1204">
     <span class='ocr_line' id='line_1_11' title="bbox 501 1129 2149 1204; baseline -0.009 -7"><span class='ocrx_word' id='word_1_71' title='bbox 501 1148 556 1199; x_wconf 89' lang='lat' dir='ltr'><strong>te</strong></span> <span class='ocrx_word' id='word_1_72' title='bbox 586 1139 896 1196; x_wconf 84' lang='lat' dir='ltr'><strong>audientes</strong></span> <span class='ocrx_word' id='word_1_73' title='bbox 926 1152 962 1191; x_wconf 89' lang='lat' dir='ltr'><strong>a</strong></span> <span class='ocrx_word' id='word_1_74' title='bbox 986 1134 1142 1190; x_wconf 86' lang='lat' dir='ltr'><strong>vitiis</strong></span> <span class='ocrx_word' id='word_1_75' title='bbox 1172 1133 1540 1204; x_wconf 85' lang='lat' dir='ltr'><strong>resipiscere,</strong></span> <span class='ocrx_word' id='word_1_76' title='bbox 1563 1134 1620 1186; x_wconf 90' lang='lat' dir='ltr'><strong>et</strong></span> <span class='ocrx_word' id='word_1_77' title='bbox 1639 1129 1947 1186; x_wconf 83' lang='lat' dir='ltr'><strong>credentes</strong></span> <span class='ocrx_word' id='word_1_78' title='bbox 1979 1132 2034 1184; x_wconf 90' lang='lat' dir='ltr'><strong>te</strong></span> <span class='ocrx_word' id='word_1_79' title='bbox 2056 1144 2149 1183; x_wconf 90' lang='lat' dir='ltr'><strong>su-</strong></span> 
     </span>
    </p>
   </div>
   <div class='ocr_carea' id='block_1_12' title="bbox 503 1219 2153 1302">
    <p class='ocr_par' dir='ltr' id='par_1_12' title="bbox 503 1219 2153 1302">
     <span class='ocr_line' id='line_1_12' title="bbox 503 1219 2153 1302; baseline -0.008 -17"><span class='ocrx_word' id='word_1_80' title='bbox 503 1243 750 1302; x_wconf 85' lang='lat' dir='ltr'><strong>pernam</strong></span> <span class='ocrx_word' id='word_1_81' title='bbox 779 1224 1104 1298; x_wconf 82' lang='lat' dir='ltr'><strong>promereri</strong></span> <span class='ocrx_word' id='word_1_82' title='bbox 1127 1221 1514 1278; x_wconf 87' lang='lat' dir='ltr'><strong>hereditatem</strong></span> <span class='ocrx_word' id='word_1_83' title='bbox 1543 1239 1556 1276; x_wconf 91' lang='lat'>:</span> <span class='ocrx_word' id='word_1_84' title='bbox 1577 1223 1642 1276; x_wconf 91' lang='lat' dir='ltr'><strong>ut</strong></span> <span class='ocrx_word' id='word_1_85' title='bbox 1663 1219 1960 1275; x_wconf 84' lang='lat' dir='ltr'><strong>Christum</strong></span> <span class='ocrx_word' id='word_1_86' title='bbox 1981 1222 2153 1273; x_wconf 91' lang='lat' dir='ltr'><strong>tuum</strong></span> 
     </span>
    </p>
   </div>
   <div class='ocr_carea' id='block_1_13' title="bbox 503 1306 2158 1386">
    <p class='ocr_par' dir='ltr' id='par_1_13' title="bbox 503 1306 2158 1386">
     <span class='ocr_line' id='line_1_13' title="bbox 503 1306 2158 1386; baseline -0.007 -14"><span class='ocrx_word' id='word_1_87' title='bbox 503 1315 883 1374; x_wconf 81' lang='lat' dir='ltr'><strong>sermonibus</strong></span> <span class='ocrx_word' id='word_1_88' title='bbox 909 1311 1340 1386; x_wconf 75' lang='lat' dir='ltr'><strong>praedicantes;</strong></span> <span class='ocrx_word' id='word_1_89' title='bbox 1372 1309 1653 1383; x_wconf 86' lang='lat' dir='ltr'><strong>operibus</strong></span> <span class='ocrx_word' id='word_1_90' title='bbox 1682 1323 1804 1364; x_wconf 91' lang='lat' dir='ltr'><strong>non</strong></span> <span class='ocrx_word' id='word_1_91' title='bbox 1826 1306 2158 1362; x_wconf 85' lang='lat' dir='ltr'><strong>efﬁciamur</strong></span> 
     </span>
    </p>
   </div>
   <div class='ocr_carea' id='block_1_14' title="bbox 505 1395 2156 1471">
    <p class='ocr_par' dir='ltr' id='par_1_14' title="bbox 505 1395 2156 1471">
     <span class='ocr_line' id='line_1_14' title="bbox 505 1395 2156 1471; baseline -0.009 -8"><span class='ocrx_word' id='word_1_92' title='bbox 505 1411 640 1463; x_wconf 82' lang='lat' dir='ltr'><strong>ante</strong></span> <span class='ocrx_word' id='word_1_93' title='bbox 667 1409 781 1460; x_wconf 73' lang='lat' dir='ltr'><strong>tum</strong></span> <span class='ocrx_word' id='word_1_94' title='bbox 812 1402 1011 1471; x_wconf 67' lang='lat' dir='ltr'><strong>gloriae</strong></span> <span class='ocrx_word' id='word_1_95' title='bbox 1043 1397 1834 1471; x_wconf 88' lang='lat' dir='ltr'><strong>majestatemdamnabiles.</strong></span> <span class='ocrx_word' id='word_1_96' title='bbox 1861 1409 1922 1465; x_wconf 62' lang='lat' dir='ltr'><strong>av.</strong></span> <span class='ocrx_word' id='word_1_97' title='bbox 1948 1395 2156 1452; x_wconf 86' lang='lat' dir='ltr'><strong>Amen.</strong></span> 
     </span>
    </p>
   </div>
   <div class='ocr_carea' id='block_1_15' title="bbox 578 1489 1980 1555">
    <p class='ocr_par' dir='ltr' id='par_1_15' title="bbox 578 1489 1980 1555">
     <span class='ocr_line' id='line_1_15' title="bbox 578 1489 1980 1555; baseline -0.008 -6"><span class='ocrx_word' id='word_1_98' title='bbox 578 1498 683 1549; x_wconf 89' lang='lat' dir='ltr'><strong>Per</strong></span> <span class='ocrx_word' id='word_1_99' title='bbox 709 1491 1178 1546; x_wconf 88' lang='lat' dir='ltr'><strong>misericordiam</strong></span> <span class='ocrx_word' id='word_1_100' title='bbox 1215 1495 1403 1555; x_wconf 89' lang='lat' dir='ltr'><strong>tuam,</strong></span> <span class='ocrx_word' id='word_1_101' title='bbox 1440 1492 1591 1544; x_wconf 89' lang='lat' dir='ltr'><strong>Deus</strong></span> <span class='ocrx_word' id='word_1_102' title='bbox 1621 1492 1841 1551; x_wconf 86' lang='lat' dir='ltr'><strong>noster,</strong></span> <span class='ocrx_word' id='word_1_103' title='bbox 1871 1489 1980 1540; x_wconf 88' lang='lat' dir='ltr'><strong>etc.</strong></span> 
     </span>
    </p>
   </div>
   <div class='ocr_carea' id='block_1_16' title="bbox 578 1573 2160 1649">
    <p class='ocr_par' dir='ltr' id='par_1_16' title="bbox 578 1573 2160 1649">
     <span class='ocr_line' id='line_1_16' title="bbox 578 1573 2160 1649; baseline -0.008 -11"><span class='ocrx_word' id='word_1_104' title='bbox 578 1583 753 1638; x_wconf 85' lang='lat' dir='ltr'><strong>Dicat</strong></span> <span class='ocrx_word' id='word_1_105' title='bbox 778 1581 1111 1649; x_wconf 81' lang='lat' dir='ltr'><strong>Presbyter.</strong></span> <span class='ocrx_word' id='word_1_106' title='bbox 1148 1579 1432 1634; x_wconf 92' lang='lat' dir='ltr'><strong>Dominus</strong></span> <span class='ocrx_word' id='word_1_107' title='bbox 1458 1579 1534 1633; x_wconf 86' lang='lat' dir='ltr'><strong>sit</strong></span> <span class='ocrx_word' id='word_1_108' title='bbox 1561 1590 1799 1648; x_wconf 85' lang='lat' dir='ltr'><strong>semper</strong></span> <span class='ocrx_word' id='word_1_109' title='bbox 1827 1573 2160 1630; x_wconf 87' lang='lat' dir='ltr'><strong>vobiscum.</strong></span> 
     </span>
    </p>
   </div>
   <div class='ocr_carea' id='block_1_17' title="bbox 511 1667 1238 1742">
    <p class='ocr_par' dir='ltr' id='par_1_17' title="bbox 511 1667 1238 1742">
     <span class='ocr_line' id='line_1_17' title="bbox 511 1667 1238 1742; baseline -0.011 -14"><span class='ocrx_word' id='word_1_110' title='bbox 511 1684 574 1742; x_wconf 63' lang='lat' dir='ltr'><strong>av.</strong></span> <span class='ocrx_word' id='word_1_111' title='bbox 605 1673 669 1726; x_wconf 87' lang='lat' dir='ltr'><strong>Et</strong></span> <span class='ocrx_word' id='word_1_112' title='bbox 699 1685 837 1724; x_wconf 91' lang='lat' dir='ltr'><strong>cum</strong></span> <span class='ocrx_word' id='word_1_113' title='bbox 879 1667 1091 1740; x_wconf 90' lang='lat' dir='ltr'><strong>spiritu</strong></span> <span class='ocrx_word' id='word_1_114' title='bbox 1117 1671 1238 1724; x_wconf 89' lang='lat' dir='ltr'><strong>tuo.</strong></span> 
     </span>
    </p>
   </div>
   <div class='ocr_carea' id='block_1_18' title="bbox 2249 497 3894 571">
    <p class='ocr_par' dir='ltr' id='par_1_18' title="bbox 2249 497 3894 571">
     <span class='ocr_line' id='line_1_18' title="bbox 2249 497 3894 571; baseline -0.005 -10"><span class='ocrx_word' id='word_1_115' title='bbox 2249 506 2450 571; x_wconf 81' lang='lat' dir='ltr'><strong>Patris,</strong></span> <span class='ocrx_word' id='word_1_116' title='bbox 2479 505 2776 563; x_wconf 86' lang='lat' dir='ltr'><strong>incarnari</strong></span> <span class='ocrx_word' id='word_1_117' title='bbox 2800 504 2963 561; x_wconf 89' lang='lat' dir='ltr'><strong>venit</strong></span> <span class='ocrx_word' id='word_1_118' title='bbox 2992 518 3064 558; x_wconf 88' lang='lat' dir='ltr'><strong>ex</strong></span> <span class='ocrx_word' id='word_1_119' title='bbox 3094 507 3262 557; x_wconf 88' lang='lat' dir='ltr'><strong>utero</strong></span> <span class='ocrx_word' id='word_1_120' title='bbox 3293 499 3566 568; x_wconf 86' lang='lat' dir='ltr'><strong>Virginis,</strong></span> <span class='ocrx_word' id='word_1_121' title='bbox 3600 497 3756 554; x_wconf 90' lang='lat' dir='ltr'><strong>eluat</strong></span> <span class='ocrx_word' id='word_1_122' title='bbox 3791 512 3894 554; x_wconf 93' lang='lat' dir='ltr'><strong>nos</strong></span> 
     </span>
    </p>
   </div>
   <div class='ocr_carea' id='block_1_19' title="bbox 2250 588 3892 668">
    <p class='ocr_par' dir='ltr' id='par_1_19' title="bbox 2250 588 3892 668">
     <span class='ocr_line' id='line_1_19' title="bbox 2250 588 3892 668; baseline -0.006 -17"><span class='ocrx_word' id='word_1_123' title='bbox 2250 595 2328 652; x_wconf 90' lang='lat' dir='ltr'><strong>ab</strong></span> <span class='ocrx_word' id='word_1_124' title='bbox 2350 595 2906 668; x_wconf 89' lang='lat' dir='ltr'><strong>omnicorruptione</strong></span> <span class='ocrx_word' id='word_1_125' title='bbox 2921 594 3204 650; x_wconf 77' lang='lat' dir='ltr'><strong>humanas</strong></span> <span class='ocrx_word' id='word_1_126' title='bbox 3225 588 3605 646; x_wconf 87' lang='lat' dir='ltr'><strong>conditionis.</strong></span> <span class='ocrx_word' id='word_1_127' title='bbox 3623 599 3686 656; x_wconf 71' lang='grc' dir='ltr'><strong>Ην.</strong></span> <span class='ocrx_word' id='word_1_128' title='bbox 3703 589 3892 643; x_wconf 91' lang='lat' dir='ltr'><strong>Amen.</strong></span> 
     </span>
    </p>
   </div>
   <div class='ocr_carea' id='block_1_20' title="bbox 2252 675 3899 756">
    <p class='ocr_par' dir='ltr' id='par_1_20' title="bbox 2252 675 3899 756">
     <span class='ocr_line' id='line_1_20' title="bbox 2252 675 3899 756; baseline -0.005 -16"><span class='ocrx_word' id='word_1_129' title='bbox 2252 689 2440 756; x_wconf 82' lang='lat' dir='ltr'><strong>Atque</strong></span> <span class='ocrx_word' id='word_1_130' title='bbox 2460 683 2638 748; x_wconf 88' lang='lat' dir='ltr'><strong>idem,</strong></span> <span class='ocrx_word' id='word_1_131' title='bbox 2659 684 2764 756; x_wconf 87' lang='lat' dir='ltr'><strong>qui</strong></span> <span class='ocrx_word' id='word_1_132' title='bbox 2781 677 3402 754; x_wconf 88' lang='lat' dir='ltr'><strong>incomprehensibilis</strong></span> <span class='ocrx_word' id='word_1_133' title='bbox 3431 676 3593 731; x_wconf 89' lang='lat' dir='ltr'><strong>venit</strong></span> <span class='ocrx_word' id='word_1_134' title='bbox 3611 675 3683 732; x_wconf 88' lang='lat' dir='ltr'><strong>ad</strong></span> <span class='ocrx_word' id='word_1_135' title='bbox 3711 677 3899 732; x_wconf 86' lang='lat' dir='ltr'><strong>verita-</strong></span> 
     </span>
    </p>
   </div>
   <div class='ocr_carea' id='block_1_21' title="bbox 2255 765 3900 844">
    <p class='ocr_par' dir='ltr' id='par_1_21' title="bbox 2255 765 3900 844">
     <span class='ocr_line' id='line_1_21' title="bbox 2255 765 3900 844; baseline -0.005 -16"><span class='ocrx_word' id='word_1_136' title='bbox 2255 778 2373 828; x_wconf 92' lang='lat' dir='ltr'><strong>tem</strong></span> <span class='ocrx_word' id='word_1_137' title='bbox 2404 772 2655 828; x_wconf 85' lang='lat' dir='ltr'><strong>humani</strong></span> <span class='ocrx_word' id='word_1_138' title='bbox 2682 771 2963 844; x_wconf 88' lang='lat' dir='ltr'><strong>corporis,</strong></span> <span class='ocrx_word' id='word_1_139' title='bbox 3000 769 3161 825; x_wconf 88' lang='lat' dir='ltr'><strong>tollat</strong></span> <span class='ocrx_word' id='word_1_140' title='bbox 3189 784 3226 822; x_wconf 91' lang='lat' dir='ltr'><strong>a</strong></span> <span class='ocrx_word' id='word_1_141' title='bbox 3255 767 3429 822; x_wconf 89' lang='lat' dir='ltr'><strong>nobis</strong></span> <span class='ocrx_word' id='word_1_142' title='bbox 3469 765 3900 821; x_wconf 83' lang='lat' dir='ltr'><strong>immunditiam</strong></span> 
     </span>
    </p>
   </div>
   <div class='ocr_carea' id='block_1_22' title="bbox 2254 853 3904 933">
    <p class='ocr_par' dir='ltr' id='par_1_22' title="bbox 2254 853 3904 933">
     <span class='ocr_line' id='line_1_22' title="bbox 2254 853 3904 933; baseline -0.007 -14"><span class='ocrx_word' id='word_1_143' title='bbox 2254 863 2538 919; x_wconf 70' lang='lat' dir='ltr'><strong>humanae</strong></span> <span class='ocrx_word' id='word_1_144' title='bbox 2566 859 2986 933; x_wconf 88' lang='lat' dir='ltr'><strong>corruptionis.</strong></span> <span class='ocrx_word' id='word_1_145' title='bbox 3026 869 3091 926; x_wconf 63' lang='grc' dir='ltr'><strong>Η.</strong></span> <span class='ocrx_word' id='word_1_146' title='bbox 3122 860 3333 912; x_wconf 79' lang='lat' dir='ltr'><strong>Amen.</strong></span> <span class='ocrx_word' id='word_1_147' title='bbox 3358 858 3442 923; x_wconf 85' lang='lat' dir='ltr'><strong>Et,</strong></span> <span class='ocrx_word' id='word_1_148' title='bbox 3477 853 3583 926; x_wconf 87' lang='lat' dir='ltr'><strong>qui</strong></span> <span class='ocrx_word' id='word_1_149' title='bbox 3611 853 3731 910; x_wconf 88' lang='lat' dir='ltr'><strong>vita</strong></span> <span class='ocrx_word' id='word_1_150' title='bbox 3755 853 3904 909; x_wconf 83' lang='lat' dir='ltr'><strong>venit</strong></span> 
     </span>
    </p>
   </div>
   <div class='ocr_carea' id='block_1_23' title="bbox 2258 941 3904 1023">
    <p class='ocr_par' dir='ltr' id='par_1_23' title="bbox 2258 941 3904 1023">
     <span class='ocr_line' id='line_1_23' title="bbox 2258 941 3904 1023; baseline -0.007 -16"><span class='ocrx_word' id='word_1_151' title='bbox 2258 955 2514 1006; x_wconf 88' lang='lat' dir='ltr'><strong>mortem</strong></span> <span class='ocrx_word' id='word_1_152' title='bbox 2526 950 2804 1023; x_wconf 89' lang='lat' dir='ltr'><strong>perferre,</strong></span> <span class='ocrx_word' id='word_1_153' title='bbox 2831 949 3050 1004; x_wconf 87' lang='lat' dir='ltr'><strong>tribuat</strong></span> <span class='ocrx_word' id='word_1_154' title='bbox 3072 945 3246 1001; x_wconf 92' lang='lat' dir='ltr'><strong>nobis</strong></span> <span class='ocrx_word' id='word_1_155' title='bbox 3267 943 3415 1000; x_wconf 88' lang='lat' dir='ltr'><strong>nihil</strong></span> <span class='ocrx_word' id='word_1_156' title='bbox 3433 943 3508 999; x_wconf 93' lang='lat' dir='ltr'><strong>de</strong></span> <span class='ocrx_word' id='word_1_157' title='bbox 3535 942 3741 999; x_wconf 87' lang='lat' dir='ltr'><strong>mortis</strong></span> <span class='ocrx_word' id='word_1_158' title='bbox 3756 941 3904 998; x_wconf 87' lang='lat' dir='ltr'><strong>dam-</strong></span> 
     </span>
    </p>
   </div>
   <div class='ocr_carea' id='block_1_24' title="bbox 2257 1038 3112 1102">
    <p class='ocr_par' dir='ltr' id='par_1_24' title="bbox 2257 1038 3112 1102">
     <span class='ocr_line' id='line_1_24' title="bbox 2257 1038 3112 1102; baseline -0.007 -7"><span class='ocrx_word' id='word_1_159' title='bbox 2257 1039 2501 1096; x_wconf 86' lang='lat' dir='ltr'><strong>natione</strong></span> <span class='ocrx_word' id='word_1_160' title='bbox 2531 1038 2770 1094; x_wconf 89' lang='lat' dir='ltr'><strong>sentire.</strong></span> <span class='ocrx_word' id='word_1_161' title='bbox 2807 1048 2870 1102; x_wconf 60' lang='lat' dir='ltr'><strong>Br.</strong></span> <span class='ocrx_word' id='word_1_162' title='bbox 2897 1040 3085 1092; x_wconf 81' lang='lat' dir='ltr'><strong>Amen</strong></span> <span class='ocrx_word' id='word_1_163' title='bbox 3099 1075 3112 1089; x_wconf 95' lang='lat'><strong>.</strong></span> 
     </span>
    </p>
   </div>
   <div class='ocr_carea' id='block_1_25' title="bbox 2336 1123 3336 1195">
    <p class='ocr_par' dir='ltr' id='par_1_25' title="bbox 2336 1123 3336 1195">
     <span class='ocr_line' id='line_1_25' title="bbox 2336 1123 3336 1195; baseline -0.005 -15"><span class='ocrx_word' id='word_1_164' title='bbox 2336 1127 2446 1182; x_wconf 88' lang='lat' dir='ltr'><strong>Per</strong></span> <span class='ocrx_word' id='word_1_165' title='bbox 2477 1124 2947 1182; x_wconf 86' lang='lat' dir='ltr'><strong>misericordiam</strong></span> <span class='ocrx_word' id='word_1_166' title='bbox 2979 1123 3192 1195; x_wconf 87' lang='lat' dir='ltr'><strong>ipsius,</strong></span> <span class='ocrx_word' id='word_1_167' title='bbox 3224 1124 3336 1177; x_wconf 90' lang='lat' dir='ltr'><strong>etc.</strong></span> 
     </span>
    </p>
   </div>
   <div class='ocr_carea' id='block_1_26' title="bbox 2337 1207 3914 1281">
    <p class='ocr_par' dir='ltr' id='par_1_26' title="bbox 2337 1207 3914 1281">
     <span class='ocr_line' id='line_1_26' title="bbox 2337 1207 3914 1281; baseline -0.005 -10"><span class='ocrx_word' id='word_1_168' title='bbox 2337 1215 2569 1272; x_wconf 83' lang='lat' dir='ltr'><strong>Lauda.</strong></span> <span class='ocrx_word' id='word_1_169' title='bbox 2606 1213 2891 1270; x_wconf 85' lang='lat' dir='ltr'><strong>Dominus</strong></span> <span class='ocrx_word' id='word_1_170' title='bbox 2909 1212 2968 1267; x_wconf 92' lang='lat' dir='ltr'><strong>in</strong></span> <span class='ocrx_word' id='word_1_171' title='bbox 2994 1211 3244 1266; x_wconf 91' lang='lat' dir='ltr'><strong>circuitu</strong></span> <span class='ocrx_word' id='word_1_172' title='bbox 3272 1207 3480 1281; x_wconf 80' lang='lat' dir='ltr'><strong>populi</strong></span> <span class='ocrx_word' id='word_1_173' title='bbox 3504 1207 3593 1263; x_wconf 92' lang='lat' dir='ltr'><strong>sui</strong></span> <span class='ocrx_word' id='word_1_174' title='bbox 3626 1210 3714 1263; x_wconf 91' lang='lat' dir='ltr'><strong>est</strong></span> <span class='ocrx_word' id='word_1_175' title='bbox 3742 1227 3754 1266; x_wconf 87' lang='lat'><strong>:</strong></span> <span class='ocrx_word' id='word_1_176' title='bbox 3789 1207 3914 1264; x_wconf 86' lang='lat' dir='ltr'><strong>alle-</strong></span> 
     </span>
    </p>
   </div>
   <div class='ocr_carea' id='block_1_27' title="bbox 2267 1299 3914 1372">
    <p class='ocr_par' dir='ltr' id='par_1_27' title="bbox 2267 1299 3914 1372">
     <span class='ocr_line' id='line_1_27' title="bbox 2267 1299 3914 1372; baseline -0.005 -11"><span class='ocrx_word' id='word_1_177' title='bbox 2267 1305 2411 1361; x_wconf 89' lang='lat' dir='ltr'><strong>luia.</strong></span> <span class='ocrx_word' id='word_1_178' title='bbox 2453 1304 2518 1361; x_wconf 89' lang='lat' dir='ltr'><strong>P.</strong></span> <span class='ocrx_word' id='word_1_179' title='bbox 2547 1303 2629 1359; x_wconf 91' lang='lat' dir='ltr'><strong>Ex</strong></span> <span class='ocrx_word' id='word_1_180' title='bbox 2649 1303 2763 1358; x_wconf 91' lang='lat' dir='ltr'><strong>hoc</strong></span> <span class='ocrx_word' id='word_1_181' title='bbox 2784 1317 2965 1370; x_wconf 87' lang='lat' dir='ltr'><strong>nunc,</strong></span> <span class='ocrx_word' id='word_1_182' title='bbox 2997 1307 3053 1356; x_wconf 89' lang='lat' dir='ltr'><strong>et</strong></span> <span class='ocrx_word' id='word_1_183' title='bbox 3083 1315 3276 1372; x_wconf 90' lang='lat' dir='ltr'><strong>usque</strong></span> <span class='ocrx_word' id='word_1_184' title='bbox 3295 1299 3354 1353; x_wconf 92' lang='lat' dir='ltr'><strong>in</strong></span> <span class='ocrx_word' id='word_1_185' title='bbox 3381 1303 3671 1354; x_wconf 67' lang='lat' dir='ltr'><strong>aeternum</strong></span> <span class='ocrx_word' id='word_1_186' title='bbox 3695 1313 3809 1370; x_wconf 90' lang='lat' dir='ltr'><strong>pax</strong></span> <span class='ocrx_word' id='word_1_187' title='bbox 3829 1315 3914 1353; x_wconf 89' lang='lat' dir='ltr'><strong>su-</strong></span> 
     </span>
    </p>
   </div>
   <div class='ocr_carea' id='block_1_28' title="bbox 2272 1386 3920 1466">
    <p class='ocr_par' dir='ltr' id='par_1_28' title="bbox 2272 1386 3920 1466">
     <span class='ocr_line' id='line_1_28' title="bbox 2272 1386 3920 1466; baseline -0.005 -16"><span class='ocrx_word' id='word_1_188' title='bbox 2272 1410 2377 1466; x_wconf 91' lang='lat' dir='ltr'><strong>per</strong></span> <span class='ocrx_word' id='word_1_189' title='bbox 2405 1393 2600 1449; x_wconf 91' lang='lat' dir='ltr'><strong>Israel.</strong></span> <span class='ocrx_word' id='word_1_190' title='bbox 2634 1391 2900 1452; x_wconf 82' lang='lat' dir='ltr'><strong>Alleluia,</strong></span> <span class='ocrx_word' id='word_1_191' title='bbox 2931 1389 3189 1446; x_wconf 90' lang='lat' dir='ltr'><strong>alleluia.</strong></span> <span class='ocrx_word' id='word_1_192' title='bbox 3223 1389 3286 1448; x_wconf 64' lang='lat' dir='ltr'><strong>V.</strong></span> <span class='ocrx_word' id='word_1_193' title='bbox 3310 1387 3680 1453; x_wconf 87' lang='lat' dir='ltr'><strong>Benedictus,</strong></span> <span class='ocrx_word' id='word_1_194' title='bbox 3704 1386 3803 1459; x_wconf 92' lang='lat' dir='ltr'><strong>qui</strong></span> <span class='ocrx_word' id='word_1_195' title='bbox 3833 1402 3920 1466; x_wconf 84' lang='lat' dir='ltr'><strong>ve-_</strong></span> 
     </span>
    </p>
   </div>
   <div class='ocr_carea' id='block_1_29' title="bbox 2272 1464 3926 1545">
    <p class='ocr_par' dir='ltr' id='par_1_29' title="bbox 2272 1464 3926 1545">
     <span class='ocr_line' id='line_1_29' title="bbox 2272 1464 3926 1545; baseline -0.005 -6"><span class='ocrx_word' id='word_1_196' title='bbox 2272 1464 2358 1539; x_wconf 81' lang='lat' dir='ltr'><strong>nit</strong></span> <span class='ocrx_word' id='word_1_197' title='bbox 2394 1483 2453 1538; x_wconf 92' lang='lat' dir='ltr'><strong>in</strong></span> <span class='ocrx_word' id='word_1_198' title='bbox 2485 1483 2726 1538; x_wconf 87' lang='lat' dir='ltr'><strong>nomine</strong></span> <span class='ocrx_word' id='word_1_199' title='bbox 2760 1479 3034 1535; x_wconf 91' lang='lat' dir='ltr'><strong>:Domini</strong></span> <span class='ocrx_word' id='word_1_200' title='bbox 3075 1480 3250 1545; x_wconf 90' lang='lat' dir='ltr'><strong>Deus,</strong></span> <span class='ocrx_word' id='word_1_201' title='bbox 3307 1477 3615 1540; x_wconf 88' lang='lat' dir='ltr'><strong>Dominus,</strong></span> <span class='ocrx_word' id='word_1_202' title='bbox 3662 1482 3717 1532; x_wconf 90' lang='lat' dir='ltr'><strong>et</strong></span> <span class='ocrx_word' id='word_1_203' title='bbox 3743 1464 3926 1531; x_wconf 74' lang='lat' dir='ltr'><strong>illuxit</strong></span> 
     </span>
    </p>
   </div>
   <div class='ocr_carea' id='block_1_30' title="bbox 2272 1565 3926 1630">
    <p class='ocr_par' dir='ltr' id='par_1_30' title="bbox 2272 1565 3926 1630">
     <span class='ocr_line' id='line_1_30' title="bbox 2272 1565 3926 1630; baseline -0.004 -3"><span class='ocrx_word' id='word_1_204' title='bbox 2272 1573 2470 1628; x_wconf 89' lang='lat' dir='ltr'><strong>nobis.</strong></span> <span class='ocrx_word' id='word_1_205' title='bbox 2495 1573 2552 1626; x_wconf 89' lang='lat' dir='ltr'><strong>P.</strong></span> <span class='ocrx_word' id='word_1_206' title='bbox 2587 1573 2669 1626; x_wconf 86' lang='lat' dir='ltr'><strong>Ex</strong></span> <span class='ocrx_word' id='word_1_207' title='bbox 2698 1571 2812 1626; x_wconf 91' lang='lat' dir='ltr'><strong>hoc</strong></span> <span class='ocrx_word' id='word_1_208' title='bbox 2837 1585 3022 1624; x_wconf 90' lang='lat' dir='ltr'><strong>nunc.</strong></span> <span class='ocrx_word' id='word_1_209' title='bbox 3074 1567 3136 1626; x_wconf 66' lang='lat' dir='ltr'><strong>tif.</strong></span> <span class='ocrx_word' id='word_1_210' title='bbox 3167 1566 3386 1630; x_wconf 88' lang='lat' dir='ltr'><strong>Gloria,</strong></span> <span class='ocrx_word' id='word_1_211' title='bbox 3437 1569 3493 1621; x_wconf 88' lang='lat' dir='ltr'><strong>et</strong></span> <span class='ocrx_word' id='word_1_212' title='bbox 3524 1565 3713 1620; x_wconf 91' lang='lat' dir='ltr'><strong>honor</strong></span> <span class='ocrx_word' id='word_1_213' title='bbox 3753 1565 3809 1619; x_wconf 88' lang='lat' dir='ltr'><strong>P.</strong></span> <span class='ocrx_word' id='word_1_214' title='bbox 3844 1568 3926 1620; x_wconf 89' lang='lat' dir='ltr'><strong>Ex</strong></span> 
     </span>
    </p>
   </div>
   <div class='ocr_carea' id='block_1_31' title="bbox 2274 1660 2604 1716">
    <p class='ocr_par' dir='ltr' id='par_1_31' title="bbox 2274 1660 2604 1716">
     <span class='ocr_line' id='line_1_31' title="bbox 2274 1660 2604 1716; baseline -0.006 0"><span class='ocrx_word' id='word_1_215' title='bbox 2274 1660 2388 1716; x_wconf 91' lang='lat' dir='ltr'><strong>hoc</strong></span> <span class='ocrx_word' id='word_1_216' title='bbox 2420 1675 2604 1715; x_wconf 89' lang='lat' dir='ltr'><strong>nunc.</strong></span> 
     </span>
    </p>
   </div>
   <div class='ocr_carea' id='block_1_32' title="bbox 585 1741 3930 1825">
    <p class='ocr_par' dir='ltr' id='par_1_32' title="bbox 585 1741 3930 1825">
     <span class='ocr_line' id='line_1_32' title="bbox 585 1741 3930 1825; baseline -0.005 -13"><span class='ocrx_word' id='word_1_217' title='bbox 585 1763 644 1813; x_wconf 91' lang='lat' dir='ltr'><strong>In</strong></span> <span class='ocrx_word' id='word_1_218' title='bbox 676 1756 918 1813; x_wconf 91' lang='lat' dir='ltr'><strong>nomine</strong></span> <span class='ocrx_word' id='word_1_219' title='bbox 943 1753 1379 1811; x_wconf 89' lang='lat' dir='ltr'><strong>Domininostri</strong></span> <span class='ocrx_word' id='word_1_220' title='bbox 1398 1751 1761 1809; x_wconf 82' lang='lat' dir='ltr'><strong>JesuChristi</strong></span> <span class='ocrx_word' id='word_1_221' title='bbox 1781 1750 2165 1823; x_wconf 87' lang='lat' dir='ltr'><strong>perﬁciamus</strong></span> <span class='ocrx_word' id='word_1_222' title='bbox 2200 1773 2241 1825; x_wconf 75' lang='grc' dir='ltr'><strong>Β</strong></span> <span class='ocrx_word' id='word_1_223' title='bbox 2348 1749 2555 1804; x_wconf 76' lang='lat' dir='ltr'><strong>Oratio</strong></span> <span class='ocrx_word' id='word_1_224' title='bbox 2581 1748 2823 1802; x_wconf 77' lang='lat' dir='ltr'><strong>dicitur.</strong></span> <span class='ocrx_word' id='word_1_225' title='bbox 2873 1744 3177 1814; x_wconf 87' lang='lat' dir='ltr'><strong>Unigenite</strong></span> <span class='ocrx_word' id='word_1_226' title='bbox 3223 1741 3400 1798; x_wconf 89' lang='lat' dir='ltr'><strong>Filius</strong></span> <span class='ocrx_word' id='word_1_227' title='bbox 3459 1741 3560 1797; x_wconf 89' lang='lat' dir='ltr'><strong>Dei</strong></span> <span class='ocrx_word' id='word_1_228' title='bbox 3583 1741 3784 1797; x_wconf 90' lang='lat' dir='ltr'><strong>Patris.</strong></span> <span class='ocrx_word' id='word_1_229' title='bbox 3827 1743 3930 1797; x_wconf 87' lang='lat' dir='ltr'><strong>Re-</strong></span> 
     </span>
    </p>
   </div>
   <div class='ocr_carea' id='block_1_33' title="bbox 511 1843 1362 1918">
    <p class='ocr_par' dir='ltr' id='par_1_33' title="bbox 511 1843 1362 1918">
     <span class='ocr_line' id='line_1_33' title="bbox 511 1843 1362 1918; baseline -0.009 -14"><span class='ocrx_word' id='word_1_230' title='bbox 511 1864 645 1904; x_wconf 89' lang='lat' dir='ltr'><strong>cum</strong></span> <span class='ocrx_word' id='word_1_231' title='bbox 675 1862 840 1918; x_wconf 87' lang='lat' dir='ltr'><strong>pace.</strong></span> <span class='ocrx_word' id='word_1_232' title='bbox 884 1856 946 1915; x_wconf 66' lang='lat' dir='ltr'><strong>Bp.</strong></span> <span class='ocrx_word' id='word_1_233' title='bbox 979 1845 1098 1899; x_wconf 90' lang='lat' dir='ltr'><strong>Deo</strong></span> <span class='ocrx_word' id='word_1_234' title='bbox 1124 1843 1362 1912; x_wconf 83' lang='lat' dir='ltr'><strong>gratias.</strong></span> 
     </span>
    </p>
   </div>
   <div class='ocr_carea' id='block_1_34' title="bbox 549 1927 2124 2000">
    <p class='ocr_par' dir='ltr' id='par_1_34' title="bbox 549 1927 2124 2000">
     <span class='ocr_line' id='line_1_34' title="bbox 549 1927 2124 2000; baseline -0.007 -8"><span class='ocrx_word' id='word_1_235' title='bbox 549 1939 616 1992; x_wconf 86' lang='grc' dir='ltr'>ΙΝ</span> <span class='ocrx_word' id='word_1_236' title='bbox 659 1935 940 2000; x_wconf 82' lang='lat' dir='ltr'><strong>QUARTO</strong></span> <span class='ocrx_word' id='word_1_237' title='bbox 981 1932 1319 1988; x_wconf 86' lang='lat' dir='ltr'><strong>DOMINICO</strong></span> <span class='ocrx_word' id='word_1_238' title='bbox 1366 1932 1454 1985; x_wconf 85' lang='lat' dir='ltr'><strong>DE</strong></span> <span class='ocrx_word' id='word_1_239' title='bbox 1493 1929 1821 1985; x_wconf 83' lang='lat' dir='ltr'><strong>ADVENTU</strong></span> <span class='ocrx_word' id='word_1_240' title='bbox 1860 1927 2124 1984; x_wconf 91' lang='lat' dir='ltr'><strong>DOMINI.</strong></span> 
     </span>
    </p>
   </div>
   <div class='ocr_carea' id='block_1_35' title="bbox 1116 2021 1528 2090">
    <p class='ocr_par' dir='ltr' id='par_1_35' title="bbox 1116 2021 1528 2090">
     <span class='ocr_line' id='line_1_35' title="bbox 1116 2021 1528 2090; baseline 0.005 -14"><span class='ocrx_word' id='word_1_241' title='bbox 1116 2021 1192 2076; x_wconf 82' lang='lat' dir='ltr'><strong>Ad</strong></span> <span class='ocrx_word' id='word_1_242' title='bbox 1228 2022 1528 2090; x_wconf 78' lang='lat' dir='ltr'><strong>Vesperos.</strong></span> 
     </span>
    </p>
   </div>
   <div class='ocr_carea' id='block_1_36' title="bbox 521 2106 2162 2182">
    <p class='ocr_par' dir='ltr' id='par_1_36' title="bbox 521 2106 2162 2182">
     <span class='ocr_line' id='line_1_36' title="bbox 521 2106 2162 2182; baseline -0.007 -12"><span class='ocrx_word' id='word_1_243' title='bbox 521 2113 746 2170; x_wconf 84' lang='lat' dir='ltr'><strong>Lauda.</strong></span> <span class='ocrx_word' id='word_1_244' title='bbox 782 2117 826 2166; x_wconf 84' lang='grc' dir='ltr'><strong>Α</strong></span> <span class='ocrx_word' id='word_1_245' title='bbox 857 2110 998 2167; x_wconf 91' lang='lat' dir='ltr'><strong>solis</strong></span> <span class='ocrx_word' id='word_1_246' title='bbox 1029 2115 1162 2166; x_wconf 90' lang='lat' dir='ltr'><strong>ortu</strong></span> <span class='ocrx_word' id='word_1_247' title='bbox 1210 2125 1405 2182; x_wconf 91' lang='lat' dir='ltr'><strong>usque</strong></span> <span class='ocrx_word' id='word_1_248' title='bbox 1443 2108 1520 2164; x_wconf 89' lang='lat' dir='ltr'><strong>ad</strong></span> <span class='ocrx_word' id='word_1_249' title='bbox 1573 2123 1875 2164; x_wconf 89' lang='lat' dir='ltr'><strong>occasum.</strong></span> <span class='ocrx_word' id='word_1_250' title='bbox 1932 2106 2162 2162; x_wconf 81' lang='lat' dir='ltr'><strong>Oratio.</strong></span> 
     </span>
    </p>
   </div>
   <div class='ocr_carea' id='block_1_37' title="bbox 517 2196 2165 2272">
    <p class='ocr_par' dir='ltr' id='par_1_37' title="bbox 517 2196 2165 2272">
     <span class='ocr_line' id='line_1_37' title="bbox 517 2196 2165 2272; baseline -0.006 -10"><span class='ocrx_word' id='word_1_251' title='bbox 517 2206 692 2269; x_wconf 87' lang='lat' dir='ltr'><strong>Deus,</strong></span> <span class='ocrx_word' id='word_1_252' title='bbox 721 2203 893 2272; x_wconf 91' lang='lat' dir='ltr'><strong>cujus</strong></span> <span class='ocrx_word' id='word_1_253' title='bbox 920 2216 1144 2257; x_wconf 91' lang='lat' dir='ltr'><strong>nomen</strong></span> <span class='ocrx_word' id='word_1_254' title='bbox 1169 2204 1258 2256; x_wconf 89' lang='lat' dir='ltr'><strong>est</strong></span> <span class='ocrx_word' id='word_1_255' title='bbox 1285 2198 1686 2255; x_wconf 90' lang='lat' dir='ltr'><strong>benedictum.</strong></span> <span class='ocrx_word' id='word_1_256' title='bbox 1711 2197 1965 2268; x_wconf 75' lang='lat' dir='ltr'><strong>Require</strong></span> <span class='ocrx_word' id='word_1_257' title='bbox 1981 2196 2088 2267; x_wconf 82' lang='lat' dir='ltr'><strong>fol.</strong></span> <span class='ocrx_word' id='word_1_258' title='bbox 2115 2199 2165 2252; x_wconf 77' lang='lat' dir='ltr'><strong>l.</strong></span> 
     </span>
    </p>
   </div>
   <div class='ocr_carea' id='block_1_38' title="bbox 588 2287 2171 2350">
    <p class='ocr_par' dir='ltr' id='par_1_38' title="bbox 588 2287 2171 2350">
     <span class='ocr_line' id='line_1_38' title="bbox 588 2287 2171 2350; baseline -0.007 0"><span class='ocrx_word' id='word_1_259' title='bbox 588 2294 758 2350; x_wconf 88' lang='lat' dir='ltr'><strong>Sono.</strong></span> <span class='ocrx_word' id='word_1_260' title='bbox 799 2292 954 2346; x_wconf 88' lang='lat' dir='ltr'><strong>Deus</strong></span> <span class='ocrx_word' id='word_1_261' title='bbox 983 2290 1233 2346; x_wconf 90' lang='lat' dir='ltr'><strong>deorum</strong></span> <span class='ocrx_word' id='word_1_262' title='bbox 1264 2288 1553 2344; x_wconf 86' lang='lat' dir='ltr'><strong>Dominus</strong></span> <span class='ocrx_word' id='word_1_263' title='bbox 1579 2287 1812 2343; x_wconf 89' lang='lat' dir='ltr'><strong>locutus</strong></span> <span class='ocrx_word' id='word_1_264' title='bbox 1837 2291 1958 2342; x_wconf 88' lang='lat' dir='ltr'><strong>est:</strong></span> <span class='ocrx_word' id='word_1_265' title='bbox 1995 2300 2171 2341; x_wconf 91' lang='lat' dir='ltr'><strong>voca-</strong></span> 
     </span>
    </p>
   </div>
   <div class='ocr_carea' id='block_1_39' title="bbox 519 2373 2167 2450">
    <p class='ocr_par' dir='ltr' id='par_1_39' title="bbox 519 2373 2167 2450">
     <span class='ocr_line' id='line_1_39' title="bbox 519 2373 2167 2450; baseline -0.006 -12"><span class='ocrx_word' id='word_1_266' title='bbox 519 2382 601 2439; x_wconf 90' lang='lat' dir='ltr'><strong>vit</strong></span> <span class='ocrx_word' id='word_1_267' title='bbox 631 2387 849 2438; x_wconf 90' lang='lat' dir='ltr'><strong>terram</strong></span> <span class='ocrx_word' id='word_1_268' title='bbox 879 2395 952 2436; x_wconf 87' lang='lat' dir='ltr'><strong>ex</strong></span> <span class='ocrx_word' id='word_1_269' title='bbox 983 2379 1146 2434; x_wconf 92' lang='lat' dir='ltr'><strong>Sion.</strong></span> <span class='ocrx_word' id='word_1_270' title='bbox 1185 2379 1244 2432; x_wconf 92' lang='lat' dir='ltr'><strong>P.</strong></span> <span class='ocrx_word' id='word_1_271' title='bbox 1278 2377 1507 2450; x_wconf 87' lang='lat' dir='ltr'><strong>species</strong></span> <span class='ocrx_word' id='word_1_272' title='bbox 1553 2376 1786 2432; x_wconf 89' lang='lat' dir='ltr'><strong>decoris</strong></span> <span class='ocrx_word' id='word_1_273' title='bbox 1817 2375 1946 2446; x_wconf 88' lang='lat' dir='ltr'><strong>ejus</strong></span> <span class='ocrx_word' id='word_1_274' title='bbox 1973 2391 1984 2429; x_wconf 93' lang='lat'>:</span> <span class='ocrx_word' id='word_1_275' title='bbox 2034 2373 2167 2430; x_wconf 89' lang='lat' dir='ltr'><strong>alle-</strong></span> 
     </span>
    </p>
   </div>
   <div class='ocr_carea' id='block_1_40' title="bbox 519 2467 2170 2536">
    <p class='ocr_par' dir='ltr' id='par_1_40' title="bbox 519 2467 2170 2536">
     <span class='ocr_line' id='line_1_40' title="bbox 519 2467 2170 2536; baseline -0.006 -8"><span class='ocrx_word' id='word_1_276' title='bbox 519 2473 660 2536; x_wconf 87' lang='lat' dir='ltr'><strong>luia,</strong></span> <span class='ocrx_word' id='word_1_277' title='bbox 678 2470 740 2530; x_wconf 63' lang='lat' dir='ltr'><strong>V.</strong></span> <span class='ocrx_word' id='word_1_278' title='bbox 772 2471 927 2525; x_wconf 90' lang='lat' dir='ltr'><strong>Deus</strong></span> <span class='ocrx_word' id='word_1_279' title='bbox 959 2467 1269 2524; x_wconf 86' lang='lat' dir='ltr'><strong>manifeste</strong></span> <span class='ocrx_word' id='word_1_280' title='bbox 1289 2467 1509 2536; x_wconf 88' lang='lat' dir='ltr'><strong>veniet,</strong></span> <span class='ocrx_word' id='word_1_281' title='bbox 1530 2467 1683 2522; x_wconf 84' lang='lat' dir='ltr'><strong>Deus</strong></span> <span class='ocrx_word' id='word_1_282' title='bbox 1709 2469 1908 2521; x_wconf 89' lang='lat' dir='ltr'><strong>noster</strong></span> <span class='ocrx_word' id='word_1_283' title='bbox 1933 2481 1945 2519; x_wconf 92' lang='lat'><strong>:</strong></span> <span class='ocrx_word' id='word_1_284' title='bbox 1976 2467 2029 2520; x_wconf 91' lang='lat' dir='ltr'><strong>et</strong></span> <span class='ocrx_word' id='word_1_285' title='bbox 2050 2478 2170 2519; x_wconf 92' lang='lat' dir='ltr'><strong>non</strong></span> 
     </span>
    </p>
   </div>
   <div class='ocr_carea' id='block_1_41' title="bbox 524 2555 1386 2630">
    <p class='ocr_par' dir='ltr' id='par_1_41' title="bbox 524 2555 1386 2630">
     <span class='ocr_line' id='line_1_41' title="bbox 524 2555 1386 2630; baseline -0.009 -13"><span class='ocrx_word' id='word_1_286' title='bbox 524 2559 733 2616; x_wconf 87' lang='lat' dir='ltr'><strong>silebit.</strong></span> <span class='ocrx_word' id='word_1_287' title='bbox 756 2559 816 2613; x_wconf 91' lang='lat' dir='ltr'><strong>P.</strong></span> <span class='ocrx_word' id='word_1_288' title='bbox 847 2558 1086 2630; x_wconf 91' lang='lat' dir='ltr'><strong>Species</strong></span> <span class='ocrx_word' id='word_1_289' title='bbox 1126 2555 1386 2612; x_wconf 90' lang='lat' dir='ltr'><strong>decoris.</strong></span> 
     </span>
    </p>
   </div>
   <div class='ocr_carea' id='block_1_42' title="bbox 593 2642 2175 2718">
    <p class='ocr_par' dir='ltr' id='par_1_42' title="bbox 593 2642 2175 2718">
     <span class='ocr_line' id='line_1_42' title="bbox 593 2642 2175 2718; baseline -0.008 -11"><span class='ocrx_word' id='word_1_290' title='bbox 593 2647 966 2718; x_wconf 79' lang='lat' dir='ltr'><strong>Antiphona.</strong></span> <span class='ocrx_word' id='word_1_291' title='bbox 998 2643 1248 2703; x_wconf 80' lang='lat' dir='ltr'><strong>Alleluia</strong></span> <span class='ocrx_word' id='word_1_292' title='bbox 1279 2661 1290 2698; x_wconf 92' lang='lat'>:</span> <span class='ocrx_word' id='word_1_293' title='bbox 1325 2645 1684 2700; x_wconf 90' lang='lat' dir='ltr'><strong>annunciate</strong></span> <span class='ocrx_word' id='word_1_294' title='bbox 1714 2645 1900 2699; x_wconf 91' lang='lat' dir='ltr'><strong>Deum</strong></span> <span class='ocrx_word' id='word_1_295' title='bbox 1946 2643 2007 2697; x_wconf 91' lang='lat' dir='ltr'><strong>in</strong></span> <span class='ocrx_word' id='word_1_296' title='bbox 2048 2642 2175 2696; x_wconf 90' lang='lat' dir='ltr'><strong>uni-</strong></span> 
     </span>
    </p>
   </div>
   <div class='ocr_carea' id='block_1_43' title="bbox 522 2731 2173 2799">
    <p class='ocr_par' dir='ltr' id='par_1_43' title="bbox 522 2731 2173 2799">
     <span class='ocr_line' id='line_1_43' title="bbox 522 2731 2173 2799; baseline -0.006 -5"><span class='ocrx_word' id='word_1_297' title='bbox 522 2753 696 2794; x_wconf 89' lang='lat' dir='ltr'><strong>versa</strong></span> <span class='ocrx_word' id='word_1_298' title='bbox 721 2743 896 2793; x_wconf 90' lang='lat' dir='ltr'><strong>terra.</strong></span> <span class='ocrx_word' id='word_1_299' title='bbox 924 2736 983 2791; x_wconf 89' lang='lat' dir='ltr'><strong>P.</strong></span> <span class='ocrx_word' id='word_1_300' title='bbox 1034 2735 1279 2799; x_wconf 89' lang='lat' dir='ltr'><strong>Exultet,</strong></span> <span class='ocrx_word' id='word_1_301' title='bbox 1326 2739 1382 2789; x_wconf 92' lang='lat' dir='ltr'><strong>et</strong></span> <span class='ocrx_word' id='word_1_302' title='bbox 1427 2733 1630 2789; x_wconf 89' lang='lat' dir='ltr'><strong>laudet</strong></span> <span class='ocrx_word' id='word_1_303' title='bbox 1668 2733 1957 2789; x_wconf 88' lang='lat' dir='ltr'><strong>habitatio</strong></span> <span class='ocrx_word' id='word_1_304' title='bbox 2014 2731 2173 2788; x_wconf 91' lang='lat' dir='ltr'><strong>Sion.</strong></span> 
     </span>
    </p>
   </div>
   <div class='ocr_carea' id='block_1_44' title="bbox 522 2821 2178 2893">
    <p class='ocr_par' dir='ltr' id='par_1_44' title="bbox 522 2821 2178 2893">
     <span class='ocr_line' id='line_1_44' title="bbox 522 2821 2178 2893; baseline -0.003 -12"><span class='ocrx_word' id='word_1_305' title='bbox 522 2828 583 2884; x_wconf 88' lang='lat' dir='ltr'><strong>P.</strong></span> <span class='ocrx_word' id='word_1_306' title='bbox 610 2827 758 2892; x_wconf 88' lang='lat' dir='ltr'><strong>Quia</strong></span> <span class='ocrx_word' id='word_1_307' title='bbox 786 2825 848 2880; x_wconf 91' lang='lat' dir='ltr'><strong>in</strong></span> <span class='ocrx_word' id='word_1_308' title='bbox 878 2823 1078 2879; x_wconf 93' lang='lat' dir='ltr'><strong>medio</strong></span> <span class='ocrx_word' id='word_1_309' title='bbox 1107 2825 1237 2893; x_wconf 89' lang='lat' dir='ltr'><strong>ejus</strong></span> <span class='ocrx_word' id='word_1_310' title='bbox 1267 2823 1458 2878; x_wconf 86' lang='lat' dir='ltr'><strong>veniet</strong></span> <span class='ocrx_word' id='word_1_311' title='bbox 1484 2824 1734 2879; x_wconf 89' lang='lat' dir='ltr'><strong>Sanctus</strong></span> <span class='ocrx_word' id='word_1_312' title='bbox 1760 2821 1963 2878; x_wconf 88' lang='lat' dir='ltr'><strong>Israel.</strong></span> <span class='ocrx_word' id='word_1_313' title='bbox 2003 2823 2060 2874; x_wconf 88' lang='lat' dir='ltr'><strong>P.</strong></span> <span class='ocrx_word' id='word_1_314' title='bbox 2112 2824 2178 2876; x_wconf 91' lang='lat' dir='ltr'><strong>Et</strong></span> 
     </span>
    </p>
   </div>
   <div class='ocr_carea' id='block_1_45' title="bbox 526 2910 2174 2976">
    <p class='ocr_par' dir='ltr' id='par_1_45' title="bbox 526 2910 2174 2976">
     <span class='ocr_line' id='line_1_45' title="bbox 526 2910 2174 2976; baseline -0.005 -5"><span class='ocrx_word' id='word_1_315' title='bbox 526 2915 764 2971; x_wconf 82' lang='lat' dir='ltr'><strong>exultet.</strong></span> <span class='ocrx_word' id='word_1_316' title='bbox 793 2912 1008 2976; x_wconf 90' lang='lat' dir='ltr'><strong>Gloria,</strong></span> <span class='ocrx_word' id='word_1_317' title='bbox 1042 2917 1095 2966; x_wconf 90' lang='lat' dir='ltr'><strong>et</strong></span> <span class='ocrx_word' id='word_1_318' title='bbox 1127 2912 1320 2966; x_wconf 92' lang='lat' dir='ltr'><strong>honor</strong></span> <span class='ocrx_word' id='word_1_319' title='bbox 1365 2911 1538 2966; x_wconf 86' lang='lat' dir='ltr'><strong>Patri.</strong></span> <span class='ocrx_word' id='word_1_320' title='bbox 1575 2912 1632 2964; x_wconf 91' lang='lat' dir='ltr'><strong>P.</strong></span> <span class='ocrx_word' id='word_1_321' title='bbox 1667 2911 1816 2976; x_wconf 89' lang='lat' dir='ltr'><strong>Quia</strong></span> <span class='ocrx_word' id='word_1_322' title='bbox 1855 2911 1915 2965; x_wconf 92' lang='lat' dir='ltr'><strong>in</strong></span> <span class='ocrx_word' id='word_1_323' title='bbox 1955 2910 2174 2966; x_wconf 90' lang='lat' dir='ltr'><strong>medio.</strong></span> 
     </span>
    </p>
   </div>
   <div class='ocr_carea' id='block_1_46' title="bbox 596 2999 2177 3069">
    <p class='ocr_par' dir='ltr' id='par_1_46' title="bbox 596 2999 2177 3069">
     <span class='ocr_line' id='line_1_46' title="bbox 596 2999 2177 3069; baseline -0.003 -11"><span class='ocrx_word' id='word_1_324' title='bbox 596 3003 826 3058; x_wconf 86' lang='lat' dir='ltr'><strong>Lauda.</strong></span> <span class='ocrx_word' id='word_1_325' title='bbox 858 3003 1304 3069; x_wconf 88' lang='lat' dir='ltr'><strong>Cognoscamus</strong></span> <span class='ocrx_word' id='word_1_326' title='bbox 1335 2999 1395 3052; x_wconf 90' lang='lat' dir='ltr'><strong>in</strong></span> <span class='ocrx_word' id='word_1_327' title='bbox 1424 3003 1578 3054; x_wconf 87' lang='lat' dir='ltr'><strong>terra</strong></span> <span class='ocrx_word' id='word_1_328' title='bbox 1627 3001 1788 3054; x_wconf 88' lang='lat' dir='ltr'><strong>viam</strong></span> <span class='ocrx_word' id='word_1_329' title='bbox 1830 3003 2017 3064; x_wconf 91' lang='lat' dir='ltr'><strong>tuam,</strong></span> <span class='ocrx_word' id='word_1_330' title='bbox 2069 3001 2177 3054; x_wconf 87' lang='lat' dir='ltr'><strong>Do-</strong></span> 
     </span>
    </p>
   </div>
   <div class='ocr_carea' id='block_1_47' title="bbox 530 3084 2259 3173">
    <p class='ocr_par' dir='ltr' id='par_1_47' title="bbox 530 3084 2259 3173">
     <span class='ocr_line' id='line_1_47' title="bbox 530 3084 2259 3173; baseline -0.002 -31"><span class='ocrx_word' id='word_1_331' title='bbox 530 3089 690 3142; x_wconf 86' lang='lat' dir='ltr'><strong>mine</strong></span> <span class='ocrx_word' id='word_1_332' title='bbox 723 3104 738 3173; x_wconf 68' lang='lat'><strong>;</strong></span> <span class='ocrx_word' id='word_1_333' title='bbox 762 3085 1032 3173; x_wconf 79' lang='lat' dir='ltr'><strong>alleluia:</strong></span> <span class='ocrx_word' id='word_1_334' title='bbox 1055 3089 1115 3139; x_wconf 91' lang='lat' dir='ltr'><strong>ln</strong></span> <span class='ocrx_word' id='word_1_335' title='bbox 1131 3084 1413 3173; x_wconf 89' lang='lat' dir='ltr'><strong>omnibus</strong></span> <span class='ocrx_word' id='word_1_336' title='bbox 1427 3084 1701 3173; x_wconf 80' lang='lat' dir='ltr'><strong>gentibus</strong></span> <span class='ocrx_word' id='word_1_337' title='bbox 1714 3085 1971 3140; x_wconf 87' lang='lat' dir='ltr'><strong>salutare</strong></span> <span class='ocrx_word' id='word_1_338' title='bbox 1987 3090 2176 3141; x_wconf 91' lang='lat' dir='ltr'><strong>tuum.</strong></span> <span class='ocrx_word' id='word_1_339' title='bbox 2220 3118 2259 3173; x_wconf 63' lang='grc' dir='ltr'>α</span> 
     </span>
    </p>
   </div>
   <div class='ocr_carea' id='block_1_48' title="bbox 531 3171 2186 3242">
    <p class='ocr_par' dir='ltr' id='par_1_48' title="bbox 531 3171 2186 3242">
     <span class='ocr_line' id='line_1_48' title="bbox 531 3171 2186 3242; baseline 0 -12"><span class='ocrx_word' id='word_1_340' title='bbox 531 3172 802 3240; x_wconf 78' lang='lat' dir='ltr'><strong>Alleluia,</strong></span> <span class='ocrx_word' id='word_1_341' title='bbox 831 3172 1088 3228; x_wconf 89' lang='lat' dir='ltr'><strong>alleluia.</strong></span> <span class='ocrx_word' id='word_1_342' title='bbox 1123 3171 1184 3231; x_wconf 66' lang='lat' dir='ltr'><strong>V.</strong></span> <span class='ocrx_word' id='word_1_343' title='bbox 1211 3172 1363 3227; x_wconf 90' lang='lat' dir='ltr'><strong>Deus</strong></span> <span class='ocrx_word' id='word_1_344' title='bbox 1389 3171 1742 3228; x_wconf 89' lang='lat' dir='ltr'><strong>misereatur</strong></span> <span class='ocrx_word' id='word_1_345' title='bbox 1770 3173 1978 3242; x_wconf 90' lang='lat' dir='ltr'><strong>nostri,</strong></span> <span class='ocrx_word' id='word_1_346' title='bbox 2007 3177 2063 3230; x_wconf 92' lang='lat' dir='ltr'><strong>et</strong></span> <span class='ocrx_word' id='word_1_347' title='bbox 2086 3173 2186 3230; x_wconf 70' lang='lat' dir='ltr'><strong>bc-</strong></span> 
     </span>
    </p>
   </div>
   <div class='ocr_carea' id='block_1_49' title="bbox 535 3261 2186 3334">
    <p class='ocr_par' dir='ltr' id='par_1_49' title="bbox 535 3261 2186 3334">
     <span class='ocr_line' id='line_1_49' title="bbox 535 3261 2186 3334; baseline 0 -14"><span class='ocrx_word' id='word_1_348' title='bbox 535 3261 956 3321; x_wconf 88' lang='lat' dir='ltr'><strong>nedicatnobis</strong></span> <span class='ocrx_word' id='word_1_349' title='bbox 980 3280 992 3318; x_wconf 93' lang='lat'><strong>:</strong></span> <span class='ocrx_word' id='word_1_350' title='bbox 1021 3261 1312 3317; x_wconf 90' lang='lat' dir='ltr'><strong>illuminet</strong></span> <span class='ocrx_word' id='word_1_351' title='bbox 1331 3261 1562 3316; x_wconf 88' lang='lat' dir='ltr'><strong>vultum</strong></span> <span class='ocrx_word' id='word_1_352' title='bbox 1585 3277 1759 3317; x_wconf 92' lang='lat' dir='ltr'><strong>suum</strong></span> <span class='ocrx_word' id='word_1_353' title='bbox 1783 3278 1962 3334; x_wconf 89' lang='lat' dir='ltr'><strong>super</strong></span> <span class='ocrx_word' id='word_1_354' title='bbox 1978 3278 2106 3328; x_wconf 92' lang='lat' dir='ltr'><strong>nos,</strong></span> <span class='ocrx_word' id='word_1_355' title='bbox 2130 3268 2186 3320; x_wconf 92' lang='lat' dir='ltr'><strong>et</strong></span> 
     </span>
    </p>
   </div>
   <div class='ocr_carea' id='block_1_50' title="bbox 530 3350 2186 3422">
    <p class='ocr_par' dir='ltr' id='par_1_50' title="bbox 530 3350 2186 3422">
     <span class='ocr_line' id='line_1_50' title="bbox 530 3350 2186 3422; baseline 0 -13"><span class='ocrx_word' id='word_1_356' title='bbox 530 3353 882 3409; x_wconf 90' lang='lat' dir='ltr'><strong>misereatur</strong></span> <span class='ocrx_word' id='word_1_357' title='bbox 908 3350 1098 3406; x_wconf 92' lang='lat' dir='ltr'><strong>nobis.</strong></span> <span class='ocrx_word' id='word_1_358' title='bbox 1131 3350 1188 3404; x_wconf 91' lang='lat' dir='ltr'><strong>P.</strong></span> <span class='ocrx_word' id='word_1_359' title='bbox 1218 3353 1280 3404; x_wconf 84' lang='lat' dir='ltr'><strong>In</strong></span> <span class='ocrx_word' id='word_1_360' title='bbox 1302 3350 1587 3406; x_wconf 90' lang='lat' dir='ltr'><strong>omnibus</strong></span> <span class='ocrx_word' id='word_1_361' title='bbox 1615 3351 1914 3422; x_wconf 86' lang='lat' dir='ltr'><strong>gentibus.</strong></span> <span class='ocrx_word' id='word_1_362' title='bbox 1950 3353 2016 3411; x_wconf 55' lang='grc' dir='ltr'><strong>ἲν.</strong></span> <span class='ocrx_word' id='word_1_363' title='bbox 2049 3352 2186 3409; x_wconf 89' lang='lat' dir='ltr'><strong>Glo-</strong></span> 
     </span>
    </p>
   </div>
   <div class='ocr_carea' id='block_1_51' title="bbox 528 3438 1938 3510">
    <p class='ocr_par' dir='ltr' id='par_1_51' title="bbox 528 3438 1938 3510">
     <span class='ocr_line' id='line_1_51' title="bbox 528 3438 1938 3510; baseline 0 -12"><span class='ocrx_word' id='word_1_364' title='bbox 528 3442 619 3499; x_wconf 91' lang='lat' dir='ltr'><strong>ria</strong></span> <span class='ocrx_word' id='word_1_365' title='bbox 642 3448 697 3496; x_wconf 93' lang='lat' dir='ltr'><strong>et</strong></span> <span class='ocrx_word' id='word_1_366' title='bbox 723 3440 916 3496; x_wconf 92' lang='lat' dir='ltr'><strong>honor</strong></span> <span class='ocrx_word' id='word_1_367' title='bbox 936 3438 1106 3494; x_wconf 88' lang='lat' dir='ltr'><strong>Patri.</strong></span> <span class='ocrx_word' id='word_1_368' title='bbox 1135 3438 1198 3492; x_wconf 89' lang='lat' dir='ltr'><strong>P.</strong></span> <span class='ocrx_word' id='word_1_369' title='bbox 1231 3441 1293 3493; x_wconf 92' lang='lat' dir='ltr'><strong>In</strong></span> <span class='ocrx_word' id='word_1_370' title='bbox 1329 3439 1612 3495; x_wconf 91' lang='lat' dir='ltr'><strong>omnibus</strong></span> <span class='ocrx_word' id='word_1_371' title='bbox 1639 3440 1938 3510; x_wconf 88' lang='lat' dir='ltr'><strong>gentibus.</strong></span> 
     </span>
    </p>
   </div>
   <div class='ocr_carea' id='block_1_52' title="bbox 603 3526 2174 3600">
    <p class='ocr_par' dir='ltr' id='par_1_52' title="bbox 603 3526 2174 3600">
     <span class='ocr_line' id='line_1_52' title="bbox 603 3526 2174 3600; baseline 0.003 -16"><span class='ocrx_word' id='word_1_372' title='bbox 603 3531 898 3598; x_wconf 84' lang='lat' dir='ltr'><strong>Hymnus.</strong></span> <span class='ocrx_word' id='word_1_373' title='bbox 931 3526 1146 3584; x_wconf 89' lang='lat' dir='ltr'><strong>Christi</strong></span> <span class='ocrx_word' id='word_1_374' title='bbox 1184 3531 1423 3584; x_wconf 89' lang='lat' dir='ltr'><strong>caterva</strong></span> <span class='ocrx_word' id='word_1_375' title='bbox 1451 3527 1736 3586; x_wconf 91' lang='lat' dir='ltr'><strong>clamitet.</strong></span> <span class='ocrx_word' id='word_1_376' title='bbox 1777 3531 2174 3600; x_wconf 78' lang='lat' dir='ltr'><strong>Supplicatio.</strong></span> 
     </span>
    </p>
   </div>
   <div class='ocr_carea' id='block_1_53' title="bbox 536 3615 2047 3688">
    <p class='ocr_par' dir='ltr' id='par_1_53' title="bbox 536 3615 2047 3688">
     <span class='ocr_line' id='line_1_53' title="bbox 536 3615 2047 3688; baseline -0.001 -15"><span class='ocrx_word' id='word_1_377' title='bbox 536 3620 785 3674; x_wconf 90' lang='lat' dir='ltr'><strong>Oremus</strong></span> <span class='ocrx_word' id='word_1_378' title='bbox 814 3617 1271 3687; x_wconf 83' lang='lat' dir='ltr'><strong>Redemptorem</strong></span> <span class='ocrx_word' id='word_1_379' title='bbox 1297 3615 1530 3670; x_wconf 91' lang='lat' dir='ltr'><strong>mundi.</strong></span> <span class='ocrx_word' id='word_1_380' title='bbox 1564 3619 1818 3688; x_wconf 80' lang='lat' dir='ltr'><strong>Require</strong></span> <span class='ocrx_word' id='word_1_381' title='bbox 1853 3620 1962 3688; x_wconf 83' lang='lat' dir='ltr'><strong>fol.</strong></span> <span class='ocrx_word' id='word_1_382' title='bbox 1995 3623 2047 3673; x_wconf 84' lang='lat'><strong>2.</strong></span> 
     </span>
    </p>
   </div>
   <div class='ocr_carea' id='block_1_54' title="bbox 606 3704 2182 3778">
    <p class='ocr_par' dir='ltr' id='par_1_54' title="bbox 606 3704 2182 3778">
     <span class='ocr_line' id='line_1_54' title="bbox 606 3704 2182 3778; baseline 0.004 -18"><span class='ocrx_word' id='word_1_383' title='bbox 606 3705 802 3776; x_wconf 84' lang='lat' dir='ltr'><strong>Kyrie,</strong></span> <span class='ocrx_word' id='word_1_384' title='bbox 831 3704 1052 3760; x_wconf 89' lang='lat' dir='ltr'><strong>eleison</strong></span> <span class='ocrx_word' id='word_1_385' title='bbox 1086 3722 1099 3760; x_wconf 90' lang='lat'><strong>:</strong></span> <span class='ocrx_word' id='word_1_386' title='bbox 1135 3704 1375 3774; x_wconf 86' lang='lat' dir='ltr'><strong>Christe,</strong></span> <span class='ocrx_word' id='word_1_387' title='bbox 1410 3704 1634 3761; x_wconf 91' lang='lat' dir='ltr'><strong>eleison</strong></span> <span class='ocrx_word' id='word_1_388' title='bbox 1663 3725 1675 3762; x_wconf 90' lang='lat'><strong>:</strong></span> <span class='ocrx_word' id='word_1_389' title='bbox 1709 3706 1906 3778; x_wconf 89' lang='lat' dir='ltr'><strong>Kyrie,</strong></span> <span class='ocrx_word' id='word_1_390' title='bbox 1939 3707 2182 3766; x_wconf 89' lang='lat' dir='ltr'><strong>eleison.</strong></span> 
     </span>
    </p>
   </div>
   <div class='ocr_carea' id='block_1_55' title="bbox 611 3793 2187 3868">
    <p class='ocr_par' dir='ltr' id='par_1_55' title="bbox 611 3793 2187 3868">
     <span class='ocr_line' id='line_1_55' title="bbox 611 3793 2187 3868; baseline 0.001 -19"><span class='ocrx_word' id='word_1_391' title='bbox 611 3793 1227 3862; x_wconf 77' lang='lat' dir='ltr'><strong>CapitulaJllumina,</strong></span> <span class='ocrx_word' id='word_1_392' title='bbox 1256 3793 1526 3862; x_wconf 88' lang='lat' dir='ltr'><strong>Domine,</strong></span> <span class='ocrx_word' id='word_1_393' title='bbox 1551 3793 1780 3849; x_wconf 92' lang='lat' dir='ltr'><strong>vultum</strong></span> <span class='ocrx_word' id='word_1_394' title='bbox 1808 3798 1975 3850; x_wconf 88' lang='lat' dir='ltr'><strong>tuum</strong></span> <span class='ocrx_word' id='word_1_395' title='bbox 2005 3812 2187 3868; x_wconf 91' lang='lat' dir='ltr'><strong>super</strong></span> 
     </span>
    </p>
   </div>
   <div class='ocr_carea' id='block_1_56' title="bbox 537 3881 2185 3952">
    <p class='ocr_par' dir='ltr' id='par_1_56' title="bbox 537 3881 2185 3952">
     <span class='ocr_line' id='line_1_56' title="bbox 537 3881 2185 3952; baseline 0.001 -13"><span class='ocrx_word' id='word_1_396' title='bbox 537 3887 736 3952; x_wconf 91' lang='lat' dir='ltr'><strong>nos,et</strong></span> <span class='ocrx_word' id='word_1_397' title='bbox 753 3881 1232 3937; x_wconf 88' lang='lat' dir='ltr'><strong>benedictionem</strong></span> <span class='ocrx_word' id='word_1_398' title='bbox 1246 3885 1412 3937; x_wconf 91' lang='lat' dir='ltr'><strong>tuam</strong></span> <span class='ocrx_word' id='word_1_399' title='bbox 1429 3882 1682 3938; x_wconf 88' lang='lat' dir='ltr'><strong>ubertim</strong></span> <span class='ocrx_word' id='word_1_400' title='bbox 1700 3885 1916 3940; x_wconf 90' lang='lat' dir='ltr'><strong>nostris</strong></span> <span class='ocrx_word' id='word_1_401' title='bbox 1936 3884 2185 3940; x_wconf 87' lang='lat' dir='ltr'><strong>infunde</strong></span> 
     </span>
    </p>
   </div>
   <div class='ocr_carea' id='block_1_57' title="bbox 537 3968 2186 4044">
    <p class='ocr_par' dir='ltr' id='par_1_57' title="bbox 537 3968 2186 4044">
     <span class='ocr_line' id='line_1_57' title="bbox 537 3968 2186 4044; baseline 0 -16"><span class='ocrx_word' id='word_1_402' title='bbox 537 3969 876 4044; x_wconf 88' lang='lat' dir='ltr'><strong>pectoribus</strong></span> <span class='ocrx_word' id='word_1_403' title='bbox 905 3986 919 4024; x_wconf 92' lang='lat'><strong>:</strong></span> <span class='ocrx_word' id='word_1_404' title='bbox 951 3985 1073 4042; x_wconf 91' lang='lat' dir='ltr'><strong>quo</strong></span> <span class='ocrx_word' id='word_1_405' title='bbox 1111 3968 1295 4025; x_wconf 87' lang='lat' dir='ltr'><strong>corda</strong></span> <span class='ocrx_word' id='word_1_406' title='bbox 1317 3974 1523 4025; x_wconf 89' lang='lat' dir='ltr'><strong>nostra</strong></span> <span class='ocrx_word' id='word_1_407' title='bbox 1551 3971 1699 4026; x_wconf 92' lang='lat' dir='ltr'><strong>lucis</strong></span> <span class='ocrx_word' id='word_1_408' title='bbox 1748 3976 1863 4028; x_wconf 74' lang='lat' dir='ltr'><strong>tuae</strong></span> <span class='ocrx_word' id='word_1_409' title='bbox 1893 3973 2186 4029; x_wconf 87' lang='lat' dir='ltr'><strong>hilaritate</strong></span> 
     </span>
    </p>
   </div>
   <div class='ocr_carea' id='block_1_58' title="bbox 539 4055 2188 4133">
    <p class='ocr_par' dir='ltr' id='par_1_58' title="bbox 539 4055 2188 4133">
     <span class='ocr_line' id='line_1_58' title="bbox 539 4055 2188 4133; baseline 0 -16"><span class='ocrx_word' id='word_1_410' title='bbox 539 4059 958 4133; x_wconf 85' lang='lat' dir='ltr'><strong>perfusatuam</strong></span> <span class='ocrx_word' id='word_1_411' title='bbox 972 4058 1033 4116; x_wconf 92' lang='lat' dir='ltr'><strong>in</strong></span> <span class='ocrx_word' id='word_1_412' title='bbox 1054 4057 1222 4114; x_wconf 85' lang='lat' dir='ltr'><strong>terris</strong></span> <span class='ocrx_word' id='word_1_413' title='bbox 1248 4055 1921 4128; x_wconf 90' lang='lat' dir='ltr'><strong>valeantrecognoscere</strong></span> <span class='ocrx_word' id='word_1_414' title='bbox 1943 4062 2188 4131; x_wconf 88' lang='lat' dir='ltr'><strong>viam,et</strong></span> 
     </span>
    </p>
   </div>
   <div class='ocr_carea' id='block_1_59' title="bbox 540 4144 2186 4218">
    <p class='ocr_par' dir='ltr' id='par_1_59' title="bbox 540 4144 2186 4218">
     <span class='ocr_line' id='line_1_59' title="bbox 540 4144 2186 4218; baseline 0.001 -13"><span class='ocrx_word' id='word_1_415' title='bbox 540 4147 823 4205; x_wconf 91' lang='lat' dir='ltr'><strong>omnibus</strong></span> <span class='ocrx_word' id='word_1_416' title='bbox 863 4145 1149 4218; x_wconf 86' lang='lat' dir='ltr'><strong>singulari</strong></span> <span class='ocrx_word' id='word_1_417' title='bbox 1193 4144 1468 4216; x_wconf 89' lang='lat' dir='ltr'><strong>gentibus</strong></span> <span class='ocrx_word' id='word_1_418' title='bbox 1507 4144 1646 4202; x_wconf 87' lang='lat' dir='ltr'><strong>ﬁdei</strong></span> <span class='ocrx_word' id='word_1_419' title='bbox 1689 4164 1871 4204; x_wconf 71' lang='lat' dir='ltr'><strong>sacrae</strong></span> <span class='ocrx_word' id='word_1_420' title='bbox 1917 4150 2186 4206; x_wconf 74' lang='lat' dir='ltr'><strong>laetentur</strong></span> 
     </span>
    </p>
   </div>
   <div class='ocr_carea' id='block_1_60' title="bbox 541 4237 772 4294">
    <p class='ocr_par' dir='ltr' id='par_1_60' title="bbox 541 4237 772 4294">
     <span class='ocr_line' id='line_1_60' title="bbox 541 4237 772 4294; baseline -0.004 -2"><span class='ocrx_word' id='word_1_421' title='bbox 541 4237 772 4294; x_wconf 88' lang='lat' dir='ltr'><strong>notitia.</strong></span> 
     </span>
    </p>
   </div>
   <div class='ocr_carea' id='block_1_61' title="bbox 612 4325 1920 4382">
    <p class='ocr_par' dir='ltr' id='par_1_61' title="bbox 612 4325 1920 4382">
     <span class='ocr_line' id='line_1_61' title="bbox 612 4325 1920 4382; baseline -0.003 -2"><span class='ocrx_word' id='word_1_422' title='bbox 612 4327 781 4381; x_wconf 89' lang='lat' dir='ltr'><strong>Pater</strong></span> <span class='ocrx_word' id='word_1_423' title='bbox 808 4325 1029 4379; x_wconf 88' lang='lat' dir='ltr'><strong>noster.</strong></span> <span class='ocrx_word' id='word_1_424' title='bbox 1061 4325 1144 4379; x_wconf 87' lang='lat' dir='ltr'><strong>Et.</strong></span> <span class='ocrx_word' id='word_1_425' title='bbox 1917 4380 1920 4382; x_wconf 19' lang='grc' dir='ltr'>γ</span> 
     </span>
    </p>
   </div>
   <div class='ocr_carea' id='block_1_62' title="bbox 614 4411 2186 4485">
    <p class='ocr_par' dir='ltr' id='par_1_62' title="bbox 614 4411 2186 4485">
     <span class='ocr_line' id='line_1_62' title="bbox 614 4411 2186 4485; baseline 0.004 -19"><span class='ocrx_word' id='word_1_426' title='bbox 614 4411 862 4468; x_wconf 89' lang='lat' dir='ltr'><strong>Liberati</strong></span> <span class='ocrx_word' id='word_1_427' title='bbox 891 4427 927 4466; x_wconf 92' lang='lat' dir='ltr'><strong>a</strong></span> <span class='ocrx_word' id='word_1_428' title='bbox 951 4411 1133 4480; x_wconf 90' lang='lat' dir='ltr'><strong>malo,</strong></span> <span class='ocrx_word' id='word_1_429' title='bbox 1166 4411 1501 4467; x_wconf 90' lang='lat' dir='ltr'><strong>conﬁrmati</strong></span> <span class='ocrx_word' id='word_1_430' title='bbox 1528 4427 1764 4485; x_wconf 90' lang='lat' dir='ltr'><strong>semper</strong></span> <span class='ocrx_word' id='word_1_431' title='bbox 1792 4414 1852 4469; x_wconf 91' lang='lat' dir='ltr'><strong>in</strong></span> <span class='ocrx_word' id='word_1_432' title='bbox 1880 4413 2057 4482; x_wconf 94' lang='lat' dir='ltr'><strong>bono,</strong></span> <span class='ocrx_word' id='word_1_433' title='bbox 2083 4416 2186 4473; x_wconf 88' lang='lat' dir='ltr'><strong>tibi</strong></span> 
     </span>
    </p>
   </div>
   <div class='ocr_carea' id='block_1_63' title="bbox 541 4501 2186 4570">
    <p class='ocr_par' dir='ltr' id='par_1_63' title="bbox 541 4501 2186 4570">
     <span class='ocr_line' id='line_1_63' title="bbox 541 4501 2186 4570; baseline 0.002 -12"><span class='ocrx_word' id='word_1_434' title='bbox 541 4502 757 4559; x_wconf 90' lang='lat' dir='ltr'><strong>servire</strong></span> <span class='ocrx_word' id='word_1_435' title='bbox 782 4515 1120 4556; x_wconf 90' lang='lat' dir='ltr'><strong>mereamur</strong></span> <span class='ocrx_word' id='word_1_436' title='bbox 1135 4501 1253 4556; x_wconf 92' lang='lat' dir='ltr'><strong>Deo</strong></span> <span class='ocrx_word' id='word_1_437' title='bbox 1277 4515 1348 4556; x_wconf 91' lang='lat' dir='ltr'><strong>ac</strong></span> <span class='ocrx_word' id='word_1_438' title='bbox 1373 4501 1623 4558; x_wconf 91' lang='lat' dir='ltr'><strong>Domino</strong></span> <span class='ocrx_word' id='word_1_439' title='bbox 1634 4506 1855 4560; x_wconf 89' lang='lat' dir='ltr'><strong>nostro.</strong></span> <span class='ocrx_word' id='word_1_440' title='bbox 1882 4505 2060 4570; x_wconf 87' lang='lat' dir='ltr'><strong>Pone,</strong></span> <span class='ocrx_word' id='word_1_441' title='bbox 2076 4507 2186 4562; x_wconf 94' lang='lat' dir='ltr'><strong>Do-</strong></span> 
     </span>
    </p>
   </div>
   <div class='ocr_carea' id='block_1_64' title="bbox 539 4588 2186 4661">
    <p class='ocr_par' dir='ltr' id='par_1_64' title="bbox 539 4588 2186 4661">
     <span class='ocr_line' id='line_1_64' title="bbox 539 4588 2186 4661; baseline 0.004 -16"><span class='ocrx_word' id='word_1_442' title='bbox 539 4590 723 4655; x_wconf 90' lang='lat' dir='ltr'><strong>mine,</strong></span> <span class='ocrx_word' id='word_1_443' title='bbox 748 4590 931 4645; x_wconf 90' lang='lat' dir='ltr'><strong>ﬁnem</strong></span> <span class='ocrx_word' id='word_1_444' title='bbox 970 4588 1230 4660; x_wconf 89' lang='lat' dir='ltr'><strong>peccatis</strong></span> <span class='ocrx_word' id='word_1_445' title='bbox 1258 4589 1474 4645; x_wconf 92' lang='lat' dir='ltr'><strong>nostris</strong></span> <span class='ocrx_word' id='word_1_446' title='bbox 1498 4607 1510 4644; x_wconf 90' lang='lat'><strong>:</strong></span> <span class='ocrx_word' id='word_1_447' title='bbox 1531 4589 1612 4647; x_wconf 91' lang='lat' dir='ltr'><strong>da</strong></span> <span class='ocrx_word' id='word_1_448' title='bbox 1638 4591 1928 4661; x_wconf 85' lang='lat' dir='ltr'><strong>gaudium</strong></span> <span class='ocrx_word' id='word_1_449' title='bbox 1946 4593 2186 4652; x_wconf 85' lang='lat' dir='ltr'><strong>tribula-</strong></span> 
     </span>
    </p>
   </div>
   <div class='ocr_carea' id='block_1_65' title="bbox 539 4678 2184 4751">
    <p class='ocr_par' dir='ltr' id='par_1_65' title="bbox 539 4678 2184 4751">
     <span class='ocr_line' id='line_1_65' title="bbox 539 4678 2184 4751; baseline 0.001 -15"><span class='ocrx_word' id='word_1_450' title='bbox 539 4681 615 4736; x_wconf 90' lang='lat' dir='ltr'><strong>tis</strong></span> <span class='ocrx_word' id='word_1_451' title='bbox 649 4698 662 4735; x_wconf 92' lang='lat'>:</span> <span class='ocrx_word' id='word_1_452' title='bbox 697 4679 896 4751; x_wconf 69' lang='lat' dir='ltr'><strong>praebe</strong></span> <span class='ocrx_word' id='word_1_453' title='bbox 925 4678 1396 4751; x_wconf 89' lang='lat' dir='ltr'><strong>redemptionem</strong></span> <span class='ocrx_word' id='word_1_454' title='bbox 1428 4679 1674 4751; x_wconf 89' lang='lat' dir='ltr'><strong>captivis</strong></span> <span class='ocrx_word' id='word_1_455' title='bbox 1707 4681 2058 4738; x_wconf 89' lang='lat' dir='ltr'><strong>:sanitatem</strong></span> <span class='ocrx_word' id='word_1_456' title='bbox 2095 4683 2184 4738; x_wconf 78' lang='lat' dir='ltr'><strong>in-</strong></span> 
     </span>
    </p>
   </div>
   <div class='ocr_carea' id='block_1_66' title="bbox 539 4767 2186 4842">
    <p class='ocr_par' dir='ltr' id='par_1_66' title="bbox 539 4767 2186 4842">
     <span class='ocr_line' id='line_1_66' title="bbox 539 4767 2186 4842; baseline 0.004 -20"><span class='ocrx_word' id='word_1_457' title='bbox 539 4767 727 4824; x_wconf 89' lang='lat' dir='ltr'><strong>ﬁrmis</strong></span> <span class='ocrx_word' id='word_1_458' title='bbox 756 4767 1179 4840; x_wconf 89' lang='lat' dir='ltr'><strong>:requiemque</strong></span> <span class='ocrx_word' id='word_1_459' title='bbox 1200 4767 1496 4824; x_wconf 87' lang='lat' dir='ltr'><strong>defunctis</strong></span> <span class='ocrx_word' id='word_1_460' title='bbox 1531 4786 1544 4824; x_wconf 87' lang='lat'><strong>:</strong></span> <span class='ocrx_word' id='word_1_461' title='bbox 1577 4769 1837 4826; x_wconf 90' lang='lat' dir='ltr'><strong>concede</strong></span> <span class='ocrx_word' id='word_1_462' title='bbox 1866 4786 2098 4842; x_wconf 91' lang='lat' dir='ltr'><strong>pacem,</strong></span> <span class='ocrx_word' id='word_1_463' title='bbox 2129 4775 2186 4828; x_wconf 91' lang='lat' dir='ltr'><strong>et</strong></span> 
     </span>
    </p>
   </div>
   <div class='ocr_carea' id='block_1_67' title="bbox 543 4856 2184 4929">
    <p class='ocr_par' dir='ltr' id='par_1_67' title="bbox 543 4856 2184 4929">
     <span class='ocr_line' id='line_1_67' title="bbox 543 4856 2184 4929; baseline 0.003 -18"><span class='ocrx_word' id='word_1_464' title='bbox 543 4857 918 4913; x_wconf 87' lang='lat' dir='ltr'><strong>securitatem</strong></span> <span class='ocrx_word' id='word_1_465' title='bbox 941 4857 1002 4912; x_wconf 90' lang='lat' dir='ltr'><strong>in</strong></span> <span class='ocrx_word' id='word_1_466' title='bbox 1023 4856 1304 4913; x_wconf 90' lang='lat' dir='ltr'><strong>omnibus</strong></span> <span class='ocrx_word' id='word_1_467' title='bbox 1323 4856 1537 4913; x_wconf 92' lang='lat' dir='ltr'><strong>diebus</strong></span> <span class='ocrx_word' id='word_1_468' title='bbox 1569 4859 1784 4914; x_wconf 91' lang='lat' dir='ltr'><strong>nostris</strong></span> <span class='ocrx_word' id='word_1_469' title='bbox 1817 4877 1828 4914; x_wconf 94' lang='lat'><strong>:</strong></span> <span class='ocrx_word' id='word_1_470' title='bbox 1854 4859 2060 4929; x_wconf 85' lang='lat' dir='ltr'><strong>frange</strong></span> <span class='ocrx_word' id='word_1_471' title='bbox 2078 4876 2184 4916; x_wconf 86' lang='lat' dir='ltr'><strong>au-</strong></span> 
     </span>
    </p>
   </div>
   <div class='ocr_carea' id='block_1_68' title="bbox 541 4943 2184 5018">
    <p class='ocr_par' dir='ltr' id='par_1_68' title="bbox 541 4943 2184 5018">
     <span class='ocr_line' id='line_1_68' title="bbox 541 4943 2184 5018; baseline 0.004 -20"><span class='ocrx_word' id='word_1_472' title='bbox 541 4943 778 4999; x_wconf 90' lang='lat' dir='ltr'><strong>daciam</strong></span> <span class='ocrx_word' id='word_1_473' title='bbox 809 4944 1190 5002; x_wconf 90' lang='lat' dir='ltr'><strong>inimicorum</strong></span> <span class='ocrx_word' id='word_1_474' title='bbox 1213 4949 1558 5001; x_wconf 90' lang='lat' dir='ltr'><strong>nostrorum</strong></span> <span class='ocrx_word' id='word_1_475' title='bbox 1593 4946 2184 5018; x_wconf 84' lang='lat' dir='ltr'><strong>:exaudi,Deus,ora-</strong></span> 
     </span>
    </p>
   </div>
   <div class='ocr_carea' id='block_1_69' title="bbox 541 5031 2184 5095">
    <p class='ocr_par' dir='ltr' id='par_1_69' title="bbox 541 5031 2184 5095">
     <span class='ocr_line' id='line_1_69' title="bbox 541 5031 2184 5095; baseline 0.005 -8"><span class='ocrx_word' id='word_1_476' title='bbox 541 5031 763 5088; x_wconf 88' lang='lat' dir='ltr'><strong>tionem</strong></span> <span class='ocrx_word' id='word_1_477' title='bbox 777 5049 1085 5090; x_wconf 89' lang='lat' dir='ltr'><strong>servorum</strong></span> <span class='ocrx_word' id='word_1_478' title='bbox 1098 5037 1336 5090; x_wconf 90' lang='lat' dir='ltr'><strong>tuorum</strong></span> <span class='ocrx_word' id='word_1_479' title='bbox 1355 5034 1616 5090; x_wconf 90' lang='lat' dir='ltr'><strong>omnium</strong></span> <span class='ocrx_word' id='word_1_480' title='bbox 1636 5035 1896 5090; x_wconf 84' lang='lat' dir='ltr'><strong>ﬁdelium</strong></span> <span class='ocrx_word' id='word_1_481' title='bbox 1912 5037 2184 5095; x_wconf 88' lang='lat' dir='ltr'><strong>Christia-</strong></span> 
     </span>
    </p>
   </div>
   <div class='ocr_carea' id='block_1_70' title="bbox 537 5119 2184 5196">
    <p class='ocr_par' dir='ltr' id='par_1_70' title="bbox 537 5119 2184 5196">
     <span class='ocr_line' id='line_1_70' title="bbox 537 5119 2184 5196; baseline 0.004 -20"><span class='ocrx_word' id='word_1_482' title='bbox 537 5135 757 5176; x_wconf 92' lang='lat' dir='ltr'><strong>norum</strong></span> <span class='ocrx_word' id='word_1_483' title='bbox 789 5119 850 5176; x_wconf 92' lang='lat' dir='ltr'><strong>in</strong></span> <span class='ocrx_word' id='word_1_484' title='bbox 888 5121 1000 5177; x_wconf 92' lang='lat' dir='ltr'><strong>hoc</strong></span> <span class='ocrx_word' id='word_1_485' title='bbox 1025 5122 1119 5177; x_wconf 92' lang='lat' dir='ltr'><strong>die</strong></span> <span class='ocrx_word' id='word_1_486' title='bbox 1150 5127 1204 5178; x_wconf 92' lang='lat' dir='ltr'><strong>et</strong></span> <span class='ocrx_word' id='word_1_487' title='bbox 1230 5123 1289 5177; x_wconf 93' lang='lat' dir='ltr'><strong>in</strong></span> <span class='ocrx_word' id='word_1_488' title='bbox 1319 5126 1481 5178; x_wconf 87' lang='lat' dir='ltr'><strong>omni</strong></span> <span class='ocrx_word' id='word_1_489' title='bbox 1516 5128 1781 5195; x_wconf 89' lang='lat' dir='ltr'><strong>tempore</strong></span> <span class='ocrx_word' id='word_1_490' title='bbox 1813 5141 1824 5179; x_wconf 93' lang='lat'><strong>:</strong></span> <span class='ocrx_word' id='word_1_491' title='bbox 1859 5140 1963 5196; x_wconf 88' lang='lat' dir='ltr'><strong>per</strong></span> <span class='ocrx_word' id='word_1_492' title='bbox 1993 5127 2184 5184; x_wconf 91' lang='lat' dir='ltr'><strong>Domi-</strong></span> 
     </span>
    </p>
   </div>
   <div class='ocr_carea' id='block_1_71' title="bbox 538 5210 2183 5286">
    <p class='ocr_par' dir='ltr' id='par_1_71' title="bbox 538 5210 2183 5286">
     <span class='ocr_line' id='line_1_71' title="bbox 538 5210 2183 5286; baseline 0.004 -22"><span class='ocrx_word' id='word_1_493' title='bbox 538 5222 686 5265; x_wconf 91' lang='lat' dir='ltr'><strong>num</strong></span> <span class='ocrx_word' id='word_1_494' title='bbox 709 5214 978 5264; x_wconf 90' lang='lat' dir='ltr'><strong>nostrum</strong></span> <span class='ocrx_word' id='word_1_495' title='bbox 995 5211 1201 5266; x_wconf 88' lang='lat' dir='ltr'><strong>Jesum</strong></span> <span class='ocrx_word' id='word_1_496' title='bbox 1217 5210 1509 5266; x_wconf 89' lang='lat' dir='ltr'><strong>Christum</strong></span> <span class='ocrx_word' id='word_1_497' title='bbox 1532 5211 1738 5268; x_wconf 84' lang='lat' dir='ltr'><strong>Filium</strong></span> <span class='ocrx_word' id='word_1_498' title='bbox 1763 5218 1950 5279; x_wconf 92' lang='lat' dir='ltr'><strong>tuum,</strong></span> <span class='ocrx_word' id='word_1_499' title='bbox 1979 5214 2082 5286; x_wconf 91' lang='lat' dir='ltr'><strong>qui</strong></span> <span class='ocrx_word' id='word_1_500' title='bbox 2105 5220 2183 5270; x_wconf 90' lang='lat' dir='ltr'><strong>te-</strong></span> 
     </span>
    </p>
   </div>
   <div class='ocr_carea' id='block_1_72' title="bbox 536 5297 2184 5372">
    <p class='ocr_par' dir='ltr' id='par_1_72' title="bbox 536 5297 2184 5372">
     <span class='ocr_line' id='line_1_72' title="bbox 536 5297 2184 5372; baseline 0.004 -20"><span class='ocrx_word' id='word_1_501' title='bbox 536 5311 677 5353; x_wconf 90' lang='lat' dir='ltr'><strong>cum</strong></span> <span class='ocrx_word' id='word_1_502' title='bbox 706 5297 868 5363; x_wconf 88' lang='lat' dir='ltr'><strong>vivit,</strong></span> <span class='ocrx_word' id='word_1_503' title='bbox 904 5301 961 5353; x_wconf 89' lang='lat' dir='ltr'><strong>et</strong></span> <span class='ocrx_word' id='word_1_504' title='bbox 985 5303 1195 5368; x_wconf 89' lang='lat' dir='ltr'><strong>regnat</strong></span> <span class='ocrx_word' id='word_1_505' title='bbox 1219 5299 1282 5354; x_wconf 89' lang='lat' dir='ltr'><strong>in</strong></span> <span class='ocrx_word' id='word_1_506' title='bbox 1305 5300 1528 5356; x_wconf 88' lang='lat' dir='ltr'><strong>unitate</strong></span> <span class='ocrx_word' id='word_1_507' title='bbox 1554 5302 1799 5372; x_wconf 88' lang='lat' dir='ltr'><strong>Spiritus</strong></span> <span class='ocrx_word' id='word_1_508' title='bbox 1816 5303 2011 5359; x_wconf 87' lang='lat' dir='ltr'><strong>Sancti</strong></span> <span class='ocrx_word' id='word_1_509' title='bbox 2031 5304 2184 5358; x_wconf 90' lang='lat' dir='ltr'><strong>Deus</strong></span> 
     </span>
    </p>
   </div>
   <div class='ocr_carea' id='block_1_73' title="bbox 533 5387 2112 5460">
    <p class='ocr_par' dir='ltr' id='par_1_73' title="bbox 533 5387 2112 5460">
     <span class='ocr_line' id='line_1_73' title="bbox 533 5387 2112 5460; baseline 0.004 -19"><span class='ocrx_word' id='word_1_510' title='bbox 533 5399 642 5456; x_wconf 90' lang='lat' dir='ltr'><strong>per</strong></span> <span class='ocrx_word' id='word_1_511' title='bbox 666 5387 870 5443; x_wconf 86' lang='lat' dir='ltr'><strong>omnia</strong></span> <span class='ocrx_word' id='word_1_512' title='bbox 897 5402 1132 5459; x_wconf 91' lang='lat' dir='ltr'><strong>semper</strong></span> <span class='ocrx_word' id='word_1_513' title='bbox 1161 5388 1378 5444; x_wconf 69' lang='lat' dir='ltr'><strong>saecula</strong></span> <span class='ocrx_word' id='word_1_514' title='bbox 1404 5389 1779 5445; x_wconf 75' lang='lat' dir='ltr'><strong>saeculorum.</strong></span> <span class='ocrx_word' id='word_1_515' title='bbox 1815 5403 1876 5460; x_wconf 58' lang='grc' dir='ltr'><strong>ἢ.</strong></span> <span class='ocrx_word' id='word_1_516' title='bbox 1907 5395 2112 5448; x_wconf 90' lang='lat' dir='ltr'><strong>Amen.</strong></span> 
     </span>
    </p>
   </div>
   <div class='ocr_carea' id='block_1_74' title="bbox 607 5475 2184 5546">
    <p class='ocr_par' dir='ltr' id='par_1_74' title="bbox 607 5475 2184 5546">
     <span class='ocr_line' id='line_1_74' title="bbox 607 5475 2184 5546; baseline 0.004 -18"><span class='ocrx_word' id='word_1_517' title='bbox 607 5475 787 5532; x_wconf 74' lang='lat' dir='ltr'><strong>Dicat</strong></span> <span class='ocrx_word' id='word_1_518' title='bbox 801 5476 1464 5546; x_wconf 84' lang='lat' dir='ltr'><strong>Presbyter.Humiliate</strong></span> <span class='ocrx_word' id='word_1_519' title='bbox 1475 5493 1582 5533; x_wconf 91' lang='lat' dir='ltr'><strong>vos</strong></span> <span class='ocrx_word' id='word_1_520' title='bbox 1595 5477 1673 5534; x_wconf 91' lang='lat' dir='ltr'><strong>ad</strong></span> <span class='ocrx_word' id='word_1_521' title='bbox 1687 5478 2160 5536; x_wconf 89' lang='lat' dir='ltr'><strong>benedictionem</strong></span> <span class='ocrx_word' id='word_1_522' title='bbox 2171 5521 2184 5534; x_wconf 94' lang='lat'><strong>.</strong></span> 
     </span>
    </p>
   </div>
   <div class='ocr_carea' id='block_1_75' title="bbox 609 5559 1980 5636">
    <p class='ocr_par' dir='ltr' id='par_1_75' title="bbox 609 5559 1980 5636">
     <span class='ocr_line' id='line_1_75' title="bbox 609 5559 1980 5636; baseline 0.006 -23"><span class='ocrx_word' id='word_1_523' title='bbox 609 5559 895 5619; x_wconf 88' lang='lat' dir='ltr'><strong>Dominus</strong></span> <span class='ocrx_word' id='word_1_524' title='bbox 923 5563 995 5620; x_wconf 87' lang='lat' dir='ltr'><strong>sit</strong></span> <span class='ocrx_word' id='word_1_525' title='bbox 1023 5579 1257 5636; x_wconf 89' lang='lat' dir='ltr'><strong>semper</strong></span> <span class='ocrx_word' id='word_1_526' title='bbox 1273 5564 1602 5623; x_wconf 89' lang='lat' dir='ltr'><strong>vobiscum.</strong></span> <span class='ocrx_word' id='word_1_527' title='bbox 1635 5577 1699 5634; x_wconf 74' lang='lat' dir='ltr'><strong>BI.</strong></span> <span class='ocrx_word' id='word_1_528' title='bbox 1731 5569 1980 5624; x_wconf 89' lang='lat' dir='ltr'><strong>Etcum.</strong></span> 
     </span>
    </p>
   </div>
   <div class='ocr_carea' id='block_1_76' title="bbox 2273 1833 3321 1910">
    <p class='ocr_par' dir='ltr' id='par_1_76' title="bbox 2273 1833 3321 1910">
     <span class='ocr_line' id='line_1_76' title="bbox 2273 1833 3321 1910; baseline -0.004 -18"><span class='ocrx_word' id='word_1_529' title='bbox 2273 1839 2447 1910; x_wconf 75' lang='lat' dir='ltr'><strong>quire</strong></span> <span class='ocrx_word' id='word_1_530' title='bbox 2487 1838 2550 1892; x_wconf 75' lang='lat' dir='ltr'><strong>in</strong></span> <span class='ocrx_word' id='word_1_531' title='bbox 2583 1836 2902 1892; x_wconf 76' lang='lat' dir='ltr'><strong>Matutim‘s</strong></span> <span class='ocrx_word' id='word_1_532' title='bbox 2924 1833 3321 1905; x_wconf 76' lang='lat' dir='ltr'><strong>sequentibus.</strong></span> 
     </span>
    </p>
   </div>
   <div class='ocr_carea' id='block_1_77' title="bbox 2867 1923 3348 1978">
    <p class='ocr_par' dir='ltr' id='par_1_77' title="bbox 2867 1923 3348 1978">
     <span class='ocr_line' id='line_1_77' title="bbox 2867 1923 3348 1978; baseline -0.006 0"><span class='ocrx_word' id='word_1_533' title='bbox 2867 1924 2960 1978; x_wconf 86' lang='lat' dir='ltr'><strong>Ad</strong></span> <span class='ocrx_word' id='word_1_534' title='bbox 2997 1923 3348 1978; x_wconf 75' lang='lat' dir='ltr'><strong>Matutinos.</strong></span> 
     </span>
    </p>
   </div>
   <div class='ocr_carea' id='block_1_78' title="bbox 2348 2009 3920 2086">
    <p class='ocr_par' dir='ltr' id='par_1_78' title="bbox 2348 2009 3920 2086">
     <span class='ocr_line' id='line_1_78' title="bbox 2348 2009 3920 2086; baseline -0.004 -15"><span class='ocrx_word' id='word_1_535' title='bbox 2348 2017 2644 2086; x_wconf 85' lang='lat' dir='ltr'><strong>Hymnus.</strong></span> <span class='ocrx_word' id='word_1_536' title='bbox 2678 2017 2909 2068; x_wconf 62' lang='lat' dir='ltr'><strong>Eterne</strong></span> <span class='ocrx_word' id='word_1_537' title='bbox 2940 2027 3139 2068; x_wconf 90' lang='lat' dir='ltr'><strong>rerum</strong></span> <span class='ocrx_word' id='word_1_538' title='bbox 3159 2009 3458 2067; x_wconf 90' lang='lat' dir='ltr'><strong>Conditor.</strong></span> <span class='ocrx_word' id='word_1_539' title='bbox 3483 2009 3732 2079; x_wconf 79' lang='lat' dir='ltr'><strong>Require</strong></span> <span class='ocrx_word' id='word_1_540' title='bbox 3757 2009 3920 2077; x_wconf 83' lang='lat' dir='ltr'><strong>fol.3-</strong></span> 
     </span>
    </p>
   </div>
   <div class='ocr_carea' id='block_1_79' title="bbox 2349 2097 3927 2169">
    <p class='ocr_par' dir='ltr' id='par_1_79' title="bbox 2349 2097 3927 2169">
     <span class='ocr_line' id='line_1_79' title="bbox 2349 2097 3927 2169; baseline -0.004 -9"><span class='ocrx_word' id='word_1_541' title='bbox 2349 2105 2570 2160; x_wconf 84' lang='lat' dir='ltr'><strong>Oratio.</strong></span> <span class='ocrx_word' id='word_1_542' title='bbox 2586 2102 2837 2158; x_wconf 91' lang='lat' dir='ltr'><strong>Domine</strong></span> <span class='ocrx_word' id='word_1_543' title='bbox 2851 2103 3002 2156; x_wconf 92' lang='lat' dir='ltr'><strong>Deus</strong></span> <span class='ocrx_word' id='word_1_544' title='bbox 3016 2103 3182 2155; x_wconf 88' lang='lat' dir='ltr'><strong>Pater</strong></span> <span class='ocrx_word' id='word_1_545' title='bbox 3194 2097 3594 2168; x_wconf 90' lang='lat' dir='ltr'><strong>omnipotens,</strong></span> <span class='ocrx_word' id='word_1_546' title='bbox 3618 2097 3927 2169; x_wconf 74' lang='lat' dir='ltr'><strong>inspiratur</strong></span> 
     </span>
    </p>
   </div>
   <div class='ocr_carea' id='block_1_80' title="bbox 2277 2185 3928 2265">
    <p class='ocr_par' dir='ltr' id='par_1_80' title="bbox 2277 2185 3928 2265">
     <span class='ocr_line' id='line_1_80' title="bbox 2277 2185 3928 2265; baseline -0.005 -17"><span class='ocrx_word' id='word_1_547' title='bbox 2277 2209 2544 2265; x_wconf 89' lang='lat' dir='ltr'><strong>precum,</strong></span> <span class='ocrx_word' id='word_1_548' title='bbox 2594 2197 2767 2262; x_wconf 90' lang='lat' dir='ltr'><strong>teque</strong></span> <span class='ocrx_word' id='word_1_549' title='bbox 2822 2189 3228 2244; x_wconf 90' lang='lat' dir='ltr'><strong>invocantium</strong></span> <span class='ocrx_word' id='word_1_550' title='bbox 3269 2185 3442 2242; x_wconf 89' lang='lat' dir='ltr'><strong>velox</strong></span> <span class='ocrx_word' id='word_1_551' title='bbox 3495 2185 3767 2257; x_wconf 82' lang='lat' dir='ltr'><strong>auditor;</strong></span> <span class='ocrx_word' id='word_1_552' title='bbox 3797 2186 3928 2241; x_wconf 91' lang='lat' dir='ltr'><strong>voci</strong></span> 
     </span>
    </p>
   </div>
   <div class='ocr_carea' id='block_1_81' title="bbox 2278 2277 3934 2347">
    <p class='ocr_par' dir='ltr' id='par_1_81' title="bbox 2278 2277 3934 2347">
     <span class='ocr_line' id='line_1_81' title="bbox 2278 2277 3934 2347; baseline -0.004 -9"><span class='ocrx_word' id='word_1_553' title='bbox 2278 2285 2516 2347; x_wconf 75' lang='lat' dir='ltr'><strong>nostras,</strong></span> <span class='ocrx_word' id='word_1_554' title='bbox 2546 2295 2809 2347; x_wconf 90' lang='lat' dir='ltr'><strong>oramus,</strong></span> <span class='ocrx_word' id='word_1_555' title='bbox 2838 2277 3167 2333; x_wconf 85' lang='lat' dir='ltr'><strong>clementiae</strong></span> <span class='ocrx_word' id='word_1_556' title='bbox 3199 2281 3314 2332; x_wconf 86' lang='lat' dir='ltr'><strong>tuae</strong></span> <span class='ocrx_word' id='word_1_557' title='bbox 3340 2292 3546 2332; x_wconf 90' lang='lat' dir='ltr'><strong>aurem</strong></span> <span class='ocrx_word' id='word_1_558' title='bbox 3594 2290 3846 2347; x_wconf 90' lang='lat' dir='ltr'><strong>appone,</strong></span> <span class='ocrx_word' id='word_1_559' title='bbox 3877 2279 3934 2331; x_wconf 90' lang='lat' dir='ltr'><strong>et</strong></span> 
     </span>
    </p>
   </div>
   <div class='ocr_carea' id='block_1_82' title="bbox 2279 2363 3932 2440">
    <p class='ocr_par' dir='ltr' id='par_1_82' title="bbox 2279 2363 3932 2440">
     <span class='ocr_line' id='line_1_82' title="bbox 2279 2363 3932 2440; baseline -0.006 -12"><span class='ocrx_word' id='word_1_560' title='bbox 2279 2375 2624 2428; x_wconf 89' lang='lat' dir='ltr'><strong>nostrorum</strong></span> <span class='ocrx_word' id='word_1_561' title='bbox 2638 2367 2878 2423; x_wconf 89' lang='lat' dir='ltr'><strong>vincula</strong></span> <span class='ocrx_word' id='word_1_562' title='bbox 2894 2365 3313 2440; x_wconf 88' lang='lat' dir='ltr'><strong>peccaminum</strong></span> <span class='ocrx_word' id='word_1_563' title='bbox 3331 2365 3546 2436; x_wconf 91' lang='lat' dir='ltr'><strong>potenti</strong></span> <span class='ocrx_word' id='word_1_564' title='bbox 3560 2363 3932 2420; x_wconf 88' lang='lat' dir='ltr'><strong>miseratione</strong></span> 
     </span>
    </p>
   </div>
   <div class='ocr_carea' id='block_1_83' title="bbox 2281 2452 3935 2524">
    <p class='ocr_par' dir='ltr' id='par_1_83' title="bbox 2281 2452 3935 2524">
     <span class='ocr_line' id='line_1_83' title="bbox 2281 2452 3935 2524; baseline -0.005 -8"><span class='ocrx_word' id='word_1_565' title='bbox 2281 2459 2540 2516; x_wconf 87' lang='lat' dir='ltr'><strong>dissolve</strong></span> <span class='ocrx_word' id='word_1_566' title='bbox 2569 2475 2582 2514; x_wconf 88' lang='lat'><strong>:</strong></span> <span class='ocrx_word' id='word_1_567' title='bbox 2618 2459 2699 2512; x_wconf 87' lang='lat' dir='ltr'><strong>Ac</strong></span> <span class='ocrx_word' id='word_1_568' title='bbox 2722 2456 2871 2511; x_wconf 87' lang='lat' dir='ltr'><strong>sicut</strong></span> <span class='ocrx_word' id='word_1_569' title='bbox 2899 2470 3008 2510; x_wconf 92' lang='lat' dir='ltr'><strong>nos</strong></span> <span class='ocrx_word' id='word_1_570' title='bbox 3035 2453 3325 2524; x_wconf 88' lang='lat' dir='ltr'><strong>gallorum</strong></span> <span class='ocrx_word' id='word_1_571' title='bbox 3350 2453 3672 2510; x_wconf 88' lang='lat' dir='ltr'><strong>canoribus</strong></span> <span class='ocrx_word' id='word_1_572' title='bbox 3707 2452 3780 2508; x_wconf 90' lang='lat' dir='ltr'><strong>ad</strong></span> <span class='ocrx_word' id='word_1_573' title='bbox 3809 2469 3935 2508; x_wconf 87' lang='lat' dir='ltr'><strong>ma-</strong></span> 
     </span>
    </p>
   </div>
   <div class='ocr_carea' id='block_1_84' title="bbox 2281 2542 3937 2618">
    <p class='ocr_par' dir='ltr' id='par_1_84' title="bbox 2281 2542 3937 2618">
     <span class='ocr_line' id='line_1_84' title="bbox 2281 2542 3937 2618; baseline -0.004 -13"><span class='ocrx_word' id='word_1_574' title='bbox 2281 2548 2453 2606; x_wconf 88' lang='lat' dir='ltr'><strong>tutini</strong></span> <span class='ocrx_word' id='word_1_575' title='bbox 2477 2547 2728 2617; x_wconf 89' lang='lat' dir='ltr'><strong>gratiam</strong></span> <span class='ocrx_word' id='word_1_576' title='bbox 2755 2561 3049 2618; x_wconf 91' lang='lat' dir='ltr'><strong>provocas</strong></span> <span class='ocrx_word' id='word_1_577' title='bbox 3096 2558 3478 2614; x_wconf 90' lang='lat' dir='ltr'><strong>consurgere,</strong></span> <span class='ocrx_word' id='word_1_578' title='bbox 3513 2547 3570 2599; x_wconf 91' lang='lat' dir='ltr'><strong>et</strong></span> <span class='ocrx_word' id='word_1_579' title='bbox 3604 2542 3937 2615; x_wconf 88' lang='lat' dir='ltr'><strong>prophetali</strong></span> 
     </span>
    </p>
   </div>
   <div class='ocr_carea' id='block_1_85' title="bbox 2283 2631 3938 2704">
    <p class='ocr_par' dir='ltr' id='par_1_85' title="bbox 2283 2631 3938 2704">
     <span class='ocr_line' id='line_1_85' title="bbox 2283 2631 3938 2704; baseline -0.005 -10"><span class='ocrx_word' id='word_1_580' title='bbox 2283 2636 2562 2694; x_wconf 89' lang='lat' dir='ltr'><strong>vaticinio</strong></span> <span class='ocrx_word' id='word_1_581' title='bbox 2580 2634 2640 2690; x_wconf 91' lang='lat' dir='ltr'><strong>in</strong></span> <span class='ocrx_word' id='word_1_582' title='bbox 2662 2636 2851 2689; x_wconf 92' lang='lat' dir='ltr'><strong>lucem</strong></span> <span class='ocrx_word' id='word_1_583' title='bbox 2866 2634 3131 2703; x_wconf 90' lang='lat' dir='ltr'><strong>gentium</strong></span> <span class='ocrx_word' id='word_1_584' title='bbox 3152 2633 3342 2687; x_wconf 62' lang='lat' dir='ltr'><strong>unicae</strong></span> <span class='ocrx_word' id='word_1_585' title='bbox 3361 2631 3781 2704; x_wconf 88' lang='lat' dir='ltr'><strong>redemptionis</strong></span> <span class='ocrx_word' id='word_1_586' title='bbox 3795 2647 3938 2703; x_wconf 73' lang='lat' dir='ltr'><strong>pras-</strong></span> 
     </span>
    </p>
   </div>
   <div class='ocr_carea' id='block_1_86' title="bbox 2286 2719 3941 2792">
    <p class='ocr_par' dir='ltr' id='par_1_86' title="bbox 2286 2719 3941 2792">
     <span class='ocr_line' id='line_1_86' title="bbox 2286 2719 3941 2792; baseline -0.005 -10"><span class='ocrx_word' id='word_1_587' title='bbox 2286 2725 2536 2782; x_wconf 89' lang='lat' dir='ltr'><strong>nuncias</strong></span> <span class='ocrx_word' id='word_1_588' title='bbox 2553 2741 2566 2788; x_wconf 87' lang='lat'>;</span> <span class='ocrx_word' id='word_1_589' title='bbox 2585 2725 2666 2779; x_wconf 89' lang='lat' dir='ltr'><strong>ita</strong></span> <span class='ocrx_word' id='word_1_590' title='bbox 2679 2739 2838 2778; x_wconf 92' lang='lat' dir='ltr'><strong>nunc</strong></span> <span class='ocrx_word' id='word_1_591' title='bbox 2861 2721 3285 2792; x_wconf 88' lang='lat' dir='ltr'><strong>navigantibus</strong></span> <span class='ocrx_word' id='word_1_592' title='bbox 3303 2719 3474 2776; x_wconf 92' lang='lat' dir='ltr'><strong>nobis</strong></span> <span class='ocrx_word' id='word_1_593' title='bbox 3492 2720 3705 2776; x_wconf 90' lang='lat' dir='ltr'><strong>intuitu</strong></span> <span class='ocrx_word' id='word_1_594' title='bbox 3735 2735 3941 2792; x_wconf 78' lang='lat' dir='ltr'><strong>super-</strong></span> 
     </span>
    </p>
   </div>
   <div class='ocr_carea' id='block_1_87' title="bbox 2285 2808 3942 2882">
    <p class='ocr_par' dir='ltr' id='par_1_87' title="bbox 2285 2808 3942 2882">
     <span class='ocr_line' id='line_1_87' title="bbox 2285 2808 3942 2882; baseline -0.003 -12"><span class='ocrx_word' id='word_1_595' title='bbox 2285 2830 2365 2870; x_wconf 90' lang='lat' dir='ltr'><strong>no</strong></span> <span class='ocrx_word' id='word_1_596' title='bbox 2397 2813 2640 2868; x_wconf 87' lang='lat' dir='ltr'><strong>adsiste.</strong></span> <span class='ocrx_word' id='word_1_597' title='bbox 2674 2811 2785 2877; x_wconf 90' lang='lat' dir='ltr'><strong>Sic,</strong></span> <span class='ocrx_word' id='word_1_598' title='bbox 2818 2826 3188 2882; x_wconf 58' lang='lat' dir='ltr'><strong>quaesumus,</strong></span> <span class='ocrx_word' id='word_1_599' title='bbox 3224 2809 3545 2864; x_wconf 90' lang='lat' dir='ltr'><strong>famulatus</strong></span> <span class='ocrx_word' id='word_1_600' title='bbox 3573 2808 3756 2865; x_wconf 90' lang='lat' dir='ltr'><strong>nostri</strong></span> <span class='ocrx_word' id='word_1_601' title='bbox 3800 2815 3942 2865; x_wconf 86' lang='lat' dir='ltr'><strong>vota</strong></span> 
     </span>
    </p>
   </div>
   <div class='ocr_carea' id='block_1_88' title="bbox 2287 2897 3943 2974">
    <p class='ocr_par' dir='ltr' id='par_1_88' title="bbox 2287 2897 3943 2974">
     <span class='ocr_line' id='line_1_88' title="bbox 2287 2897 3943 2974; baseline -0.004 -15"><span class='ocrx_word' id='word_1_602' title='bbox 2287 2903 2597 2974; x_wconf 87' lang='lat' dir='ltr'><strong>suscipias,</strong></span> <span class='ocrx_word' id='word_1_603' title='bbox 2632 2905 2691 2956; x_wconf 91' lang='lat' dir='ltr'><strong>ut</strong></span> <span class='ocrx_word' id='word_1_604' title='bbox 2720 2901 2796 2956; x_wconf 89' lang='lat' dir='ltr'><strong>ad</strong></span> <span class='ocrx_word' id='word_1_605' title='bbox 2819 2900 3010 2955; x_wconf 92' lang='lat' dir='ltr'><strong>lucem</strong></span> <span class='ocrx_word' id='word_1_606' title='bbox 3035 2899 3367 2954; x_wconf 89' lang='lat' dir='ltr'><strong>abundanti</strong></span> <span class='ocrx_word' id='word_1_607' title='bbox 3395 2914 3505 2954; x_wconf 92' lang='lat' dir='ltr'><strong>nos</strong></span> <span class='ocrx_word' id='word_1_608' title='bbox 3530 2897 3943 2954; x_wconf 89' lang='lat' dir='ltr'><strong>misericordia</strong></span> 
     </span>
    </p>
   </div>
   <div class='ocr_carea' id='block_1_89' title="bbox 2287 2988 3336 3062">
    <p class='ocr_par' dir='ltr' id='par_1_89' title="bbox 2287 2988 3336 3062">
     <span class='ocr_line' id='line_1_89' title="bbox 2287 2988 3336 3062; baseline -0.005 -14"><span class='ocrx_word' id='word_1_609' title='bbox 2287 2990 2662 3049; x_wconf 91' lang='lat' dir='ltr'><strong>sublevando</strong></span> <span class='ocrx_word' id='word_1_610' title='bbox 2690 2988 3003 3062; x_wconf 87' lang='lat' dir='ltr'><strong>perducas.</strong></span> <span class='ocrx_word' id='word_1_611' title='bbox 3036 2999 3098 3057; x_wconf 59' lang='lat' dir='ltr'><strong>av.</strong></span> <span class='ocrx_word' id='word_1_612' title='bbox 3127 2992 3336 3043; x_wconf 81' lang='lat' dir='ltr'><strong>Amen.</strong></span> 
     </span>
    </p>
   </div>
   <div class='ocr_carea' id='block_1_90' title="bbox 2361 3077 3756 3144">
    <p class='ocr_par' dir='ltr' id='par_1_90' title="bbox 2361 3077 3756 3144">
     <span class='ocr_line' id='line_1_90' title="bbox 2361 3077 3756 3144; baseline -0.004 -8"><span class='ocrx_word' id='word_1_613' title='bbox 2361 3086 2464 3137; x_wconf 88' lang='lat' dir='ltr'><strong>Per</strong></span> <span class='ocrx_word' id='word_1_614' title='bbox 2491 3077 2969 3135; x_wconf 86' lang='lat' dir='ltr'><strong>misericordiam</strong></span> <span class='ocrx_word' id='word_1_615' title='bbox 3001 3082 3166 3131; x_wconf 89' lang='lat' dir='ltr'><strong>tuam</strong></span> <span class='ocrx_word' id='word_1_616' title='bbox 3208 3079 3361 3131; x_wconf 91' lang='lat' dir='ltr'><strong>Deus</strong></span> <span class='ocrx_word' id='word_1_617' title='bbox 3394 3081 3617 3144; x_wconf 89' lang='lat' dir='ltr'><strong>noster,</strong></span> <span class='ocrx_word' id='word_1_618' title='bbox 3647 3080 3756 3131; x_wconf 90' lang='lat' dir='ltr'><strong>etc.</strong></span> 
     </span>
    </p>
   </div>
   <div class='ocr_carea' id='block_1_91' title="bbox 2365 3164 3949 3240">
    <p class='ocr_par' dir='ltr' id='par_1_91' title="bbox 2365 3164 3949 3240">
     <span class='ocr_line' id='line_1_91' title="bbox 2365 3164 3949 3240; baseline -0.003 -16"><span class='ocrx_word' id='word_1_619' title='bbox 2365 3170 2474 3240; x_wconf 79' lang='lat'><strong>27</strong></span> <span class='ocrx_word' id='word_1_620' title='bbox 2511 3168 2862 3238; x_wconf 75' lang='lat' dir='ltr'><strong>Antiphone</strong></span> <span class='ocrx_word' id='word_1_621' title='bbox 2889 3181 3069 3236; x_wconf 83' lang='lat' dir='ltr'><strong>super</strong></span> <span class='ocrx_word' id='word_1_622' title='bbox 3089 3167 3374 3236; x_wconf 82' lang='lat' dir='ltr'><strong>psalmos.</strong></span> <span class='ocrx_word' id='word_1_623' title='bbox 3403 3164 3598 3221; x_wconf 90' lang='lat' dir='ltr'><strong>Gloria</strong></span> <span class='ocrx_word' id='word_1_624' title='bbox 3621 3180 3753 3221; x_wconf 90' lang='lat' dir='ltr'><strong>mea</strong></span> <span class='ocrx_word' id='word_1_625' title='bbox 3789 3167 3949 3220; x_wconf 92' lang='lat' dir='ltr'><strong>Deus</strong></span> 
     </span>
    </p>
   </div>
   <div class='ocr_carea' id='block_1_92' title="bbox 2293 3255 3729 3325">
    <p class='ocr_par' dir='ltr' id='par_1_92' title="bbox 2293 3255 3729 3325">
     <span class='ocr_line' id='line_1_92' title="bbox 2293 3255 3729 3325; baseline -0.003 -11"><span class='ocrx_word' id='word_1_626' title='bbox 2293 3274 2482 3323; x_wconf 92' lang='lat' dir='ltr'><strong>meus,</strong></span> <span class='ocrx_word' id='word_1_627' title='bbox 2515 3261 2570 3312; x_wconf 93' lang='lat' dir='ltr'><strong>et</strong></span> <span class='ocrx_word' id='word_1_628' title='bbox 2609 3255 2874 3312; x_wconf 81' lang='lat' dir='ltr'><strong>exaltans</strong></span> <span class='ocrx_word' id='word_1_629' title='bbox 2905 3257 3094 3325; x_wconf 87' lang='lat' dir='ltr'><strong>caput</strong></span> <span class='ocrx_word' id='word_1_630' title='bbox 3119 3269 3323 3309; x_wconf 91' lang='lat' dir='ltr'><strong>meum</strong></span> <span class='ocrx_word' id='word_1_631' title='bbox 3349 3255 3618 3309; x_wconf 90' lang='lat' dir='ltr'><strong>Psalmus</strong></span> <span class='ocrx_word' id='word_1_632' title='bbox 3646 3268 3729 3310; x_wconf 91' lang='grc' dir='ltr'>ιιι.</span> 
     </span>
    </p>
   </div>
   <div class='ocr_carea' id='block_1_93' title="bbox 2365 3342 3954 3416">
    <p class='ocr_par' dir='ltr' id='par_1_93' title="bbox 2365 3342 3954 3416">
     <span class='ocr_line' id='line_1_93' title="bbox 2365 3342 3954 3416; baseline -0.004 -14"><span class='ocrx_word' id='word_1_633' title='bbox 2365 3348 2485 3402; x_wconf 87' lang='lat' dir='ltr'><strong>Ant</strong></span> <span class='ocrx_word' id='word_1_634' title='bbox 2494 3345 2736 3416; x_wconf 77' lang='lat' dir='ltr'><strong>iphona.</strong></span> <span class='ocrx_word' id='word_1_635' title='bbox 2763 3344 2888 3400; x_wconf 90' lang='lat' dir='ltr'><strong>Tibi</strong></span> <span class='ocrx_word' id='word_1_636' title='bbox 2901 3343 3009 3399; x_wconf 91' lang='lat' dir='ltr'><strong>soli</strong></span> <span class='ocrx_word' id='word_1_637' title='bbox 3026 3343 3296 3414; x_wconf 89' lang='lat' dir='ltr'><strong>peccavi:</strong></span> <span class='ocrx_word' id='word_1_638' title='bbox 3316 3342 3590 3398; x_wconf 87' lang='lat' dir='ltr'><strong>miserere</strong></span> <span class='ocrx_word' id='word_1_639' title='bbox 3606 3342 3746 3407; x_wconf 89' lang='lat' dir='ltr'><strong>mei,</strong></span> <span class='ocrx_word' id='word_1_640' title='bbox 3770 3344 3954 3398; x_wconf 90' lang='lat' dir='ltr'><strong>Deus.</strong></span> 
     </span>
    </p>
   </div>
   <div class='ocr_carea' id='block_1_94' title="bbox 2293 3437 2646 3493">
    <p class='ocr_par' dir='ltr' id='par_1_94' title="bbox 2293 3437 2646 3493">
     <span class='ocr_line' id='line_1_94' title="bbox 2293 3437 2646 3493; baseline -0.014 0"><span class='ocrx_word' id='word_1_641' title='bbox 2293 3437 2566 3493; x_wconf 87' lang='lat' dir='ltr'><strong>Psalmus</strong></span> <span class='ocrx_word' id='word_1_642' title='bbox 2597 3454 2646 3489; x_wconf 86' lang='lat' dir='ltr'><strong>L.</strong></span> 
     </span>
    </p>
   </div>
   <div class='ocr_carea' id='block_1_95' title="bbox 2364 3520 3958 3594">
    <p class='ocr_par' dir='ltr' id='par_1_95' title="bbox 2364 3520 3958 3594">
     <span class='ocr_line' id='line_1_95' title="bbox 2364 3520 3958 3594; baseline -0.002 -13"><span class='ocrx_word' id='word_1_643' title='bbox 2364 3524 2732 3594; x_wconf 82' lang='lat' dir='ltr'><strong>Antiphona.</strong></span> <span class='ocrx_word' id='word_1_644' title='bbox 2786 3522 3049 3579; x_wconf 83' lang='lat' dir='ltr'><strong>Miserere</strong></span> <span class='ocrx_word' id='word_1_645' title='bbox 3083 3521 3217 3586; x_wconf 91' lang='lat' dir='ltr'><strong>mei,</strong></span> <span class='ocrx_word' id='word_1_646' title='bbox 3253 3523 3427 3592; x_wconf 92' lang='lat' dir='ltr'><strong>Deus,</strong></span> <span class='ocrx_word' id='word_1_647' title='bbox 3466 3520 3747 3577; x_wconf 91' lang='lat' dir='ltr'><strong>miserere</strong></span> <span class='ocrx_word' id='word_1_648' title='bbox 3779 3523 3904 3578; x_wconf 89' lang='lat' dir='ltr'><strong>mei</strong></span> <span class='ocrx_word' id='word_1_649' title='bbox 3943 3539 3958 3577; x_wconf 92' lang='lat'>:</span> 
     </span>
    </p>
   </div>
   <div class='ocr_carea' id='block_1_96' title="bbox 2294 3611 3957 3689">
    <p class='ocr_par' dir='ltr' id='par_1_96' title="bbox 2294 3611 3957 3689">
     <span class='ocr_line' id='line_1_96' title="bbox 2294 3611 3957 3689; baseline -0.003 -19"><span class='ocrx_word' id='word_1_650' title='bbox 2294 3614 2585 3689; x_wconf 91' lang='lat' dir='ltr'><strong>quoniam</strong></span> <span class='ocrx_word' id='word_1_651' title='bbox 2618 3614 2678 3668; x_wconf 92' lang='lat' dir='ltr'><strong>in</strong></span> <span class='ocrx_word' id='word_1_652' title='bbox 2708 3617 2760 3668; x_wconf 91' lang='lat' dir='ltr'><strong>te</strong></span> <span class='ocrx_word' id='word_1_653' title='bbox 2808 3611 3056 3668; x_wconf 79' lang='lat' dir='ltr'><strong>confidit</strong></span> <span class='ocrx_word' id='word_1_654' title='bbox 3088 3612 3289 3667; x_wconf 87' lang='lat' dir='ltr'><strong>anima</strong></span> <span class='ocrx_word' id='word_1_655' title='bbox 3333 3627 3491 3668; x_wconf 90' lang='lat' dir='ltr'><strong>mea.</strong></span> <span class='ocrx_word' id='word_1_656' title='bbox 3530 3611 3806 3668; x_wconf 83' lang='lat' dir='ltr'><strong>Psalmus</strong></span> <span class='ocrx_word' id='word_1_657' title='bbox 3841 3628 3957 3668; x_wconf 67' lang='grc' dir='ltr'><strong>ιη.</strong></span> 
     </span>
    </p>
   </div>
   <div class='ocr_carea' id='block_1_97' title="bbox 2367 3700 3958 3772">
    <p class='ocr_par' dir='ltr' id='par_1_97' title="bbox 2367 3700 3958 3772">
     <span class='ocr_line' id='line_1_97' title="bbox 2367 3700 3958 3772; baseline -0.003 -12"><span class='ocrx_word' id='word_1_658' title='bbox 2367 3704 2590 3760; x_wconf 81' lang='lat' dir='ltr'><strong>Oratio.</strong></span> <span class='ocrx_word' id='word_1_659' title='bbox 2624 3701 2874 3757; x_wconf 92' lang='lat' dir='ltr'><strong>Domine</strong></span> <span class='ocrx_word' id='word_1_660' title='bbox 2902 3702 3076 3766; x_wconf 90' lang='lat' dir='ltr'><strong>Deus,</strong></span> <span class='ocrx_word' id='word_1_661' title='bbox 3106 3700 3268 3772; x_wconf 88' lang='lat' dir='ltr'><strong>apud</strong></span> <span class='ocrx_word' id='word_1_662' title='bbox 3298 3716 3477 3772; x_wconf 92' lang='lat' dir='ltr'><strong>quem</strong></span> <span class='ocrx_word' id='word_1_663' title='bbox 3509 3705 3599 3755; x_wconf 90' lang='lat' dir='ltr'><strong>est</strong></span> <span class='ocrx_word' id='word_1_664' title='bbox 3628 3700 3764 3755; x_wconf 89' lang='lat' dir='ltr'><strong>fons</strong></span> <span class='ocrx_word' id='word_1_665' title='bbox 3787 3700 3958 3770; x_wconf 71' lang='lat' dir='ltr'><strong>vitm,</strong></span> 
     </span>
    </p>
   </div>
   <div class='ocr_carea' id='block_1_98' title="bbox 2295 3788 3960 3862">
    <p class='ocr_par' dir='ltr' id='par_1_98' title="bbox 2295 3788 3960 3862">
     <span class='ocr_line' id='line_1_98' title="bbox 2295 3788 3960 3862; baseline -0.004 -13"><span class='ocrx_word' id='word_1_666' title='bbox 2295 3797 2352 3850; x_wconf 89' lang='lat' dir='ltr'><strong>et</strong></span> <span class='ocrx_word' id='word_1_667' title='bbox 2372 3793 2429 3847; x_wconf 90' lang='lat' dir='ltr'><strong>in</strong></span> <span class='ocrx_word' id='word_1_668' title='bbox 2457 3793 2627 3862; x_wconf 86' lang='lat' dir='ltr'><strong>cujus</strong></span> <span class='ocrx_word' id='word_1_669' title='bbox 2651 3790 2874 3846; x_wconf 89' lang='lat' dir='ltr'><strong>lumine</strong></span> <span class='ocrx_word' id='word_1_670' title='bbox 2892 3788 3258 3859; x_wconf 87' lang='lat' dir='ltr'><strong>adspicimus</strong></span> <span class='ocrx_word' id='word_1_671' title='bbox 3279 3788 3516 3859; x_wconf 78' lang='lat' dir='ltr'><strong>lumen;</strong></span> <span class='ocrx_word' id='word_1_672' title='bbox 3542 3789 3735 3843; x_wconf 88' lang='lat' dir='ltr'><strong>enutri</strong></span> <span class='ocrx_word' id='word_1_673' title='bbox 3751 3788 3813 3842; x_wconf 91' lang='lat' dir='ltr'><strong>in</strong></span> <span class='ocrx_word' id='word_1_674' title='bbox 3837 3803 3960 3843; x_wconf 90' lang='lat' dir='ltr'><strong>nos</strong></span> 
     </span>
    </p>
   </div>
   <div class='ocr_carea' id='block_1_99' title="bbox 2296 3877 3964 3951">
    <p class='ocr_par' dir='ltr' id='par_1_99' title="bbox 2296 3877 3964 3951">
     <span class='ocr_line' id='line_1_99' title="bbox 2296 3877 3964 3951; baseline -0.004 -13"><span class='ocrx_word' id='word_1_675' title='bbox 2296 3887 2410 3938; x_wconf 71' lang='lat' dir='ltr'><strong>tua:</strong></span> <span class='ocrx_word' id='word_1_676' title='bbox 2438 3881 2694 3936; x_wconf 61' lang='lat' dir='ltr'><strong>scientiae</strong></span> <span class='ocrx_word' id='word_1_677' title='bbox 2713 3877 3090 3951; x_wconf 89' lang='lat' dir='ltr'><strong>splendorem</strong></span> <span class='ocrx_word' id='word_1_678' title='bbox 3124 3895 3136 3932; x_wconf 76' lang='grc' dir='ltr'>ε</span> <span class='ocrx_word' id='word_1_679' title='bbox 3162 3882 3224 3933; x_wconf 92' lang='lat' dir='ltr'><strong>ut</strong></span> <span class='ocrx_word' id='word_1_680' title='bbox 3247 3877 3580 3932; x_wconf 90' lang='lat' dir='ltr'><strong>sitientibus</strong></span> <span class='ocrx_word' id='word_1_681' title='bbox 3603 3877 3779 3932; x_wconf 91' lang='lat' dir='ltr'><strong>nobis</strong></span> <span class='ocrx_word' id='word_1_682' title='bbox 3799 3878 3964 3933; x_wconf 87' lang='lat' dir='ltr'><strong>vita-</strong></span> 
     </span>
    </p>
   </div>
   <div class='ocr_carea' id='block_1_100' title="bbox 2295 3967 3963 4044">
    <p class='ocr_par' dir='ltr' id='par_1_100' title="bbox 2295 3967 3963 4044">
     <span class='ocr_line' id='line_1_100' title="bbox 2295 3967 3963 4044; baseline -0.004 -17"><span class='ocrx_word' id='word_1_683' title='bbox 2295 3971 2408 4028; x_wconf 88' lang='lat' dir='ltr'><strong>lem</strong></span> <span class='ocrx_word' id='word_1_684' title='bbox 2439 3970 2743 4044; x_wconf 83' lang='lat' dir='ltr'><strong>impartias</strong></span> <span class='ocrx_word' id='word_1_685' title='bbox 2762 3973 2994 4041; x_wconf 91' lang='lat' dir='ltr'><strong>potum,</strong></span> <span class='ocrx_word' id='word_1_686' title='bbox 3011 3972 3064 4022; x_wconf 94' lang='lat' dir='ltr'><strong>et</strong></span> <span class='ocrx_word' id='word_1_687' title='bbox 3081 3967 3465 4038; x_wconf 88' lang='lat' dir='ltr'><strong>caligantium</strong></span> <span class='ocrx_word' id='word_1_688' title='bbox 3486 3967 3833 4022; x_wconf 89' lang='lat' dir='ltr'><strong>animarum</strong></span> <span class='ocrx_word' id='word_1_689' title='bbox 3865 3984 3963 4022; x_wconf 87' lang='lat' dir='ltr'><strong>su-</strong></span> 
     </span>
    </p>
   </div>
   <div class='ocr_carea' id='block_1_101' title="bbox 2295 4055 3771 4135">
    <p class='ocr_par' dir='ltr' id='par_1_101' title="bbox 2295 4055 3771 4135">
     <span class='ocr_line' id='line_1_101' title="bbox 2295 4055 3771 4135; baseline -0.005 -17"><span class='ocrx_word' id='word_1_690' title='bbox 2295 4076 2482 4135; x_wconf 88' lang='lat' dir='ltr'><strong>perno</strong></span> <span class='ocrx_word' id='word_1_691' title='bbox 2507 4058 2730 4114; x_wconf 90' lang='lat' dir='ltr'><strong>lumine</strong></span> <span class='ocrx_word' id='word_1_692' title='bbox 2756 4056 3026 4112; x_wconf 87' lang='lat' dir='ltr'><strong>restituas</strong></span> <span class='ocrx_word' id='word_1_693' title='bbox 3052 4055 3431 4111; x_wconf 90' lang='lat' dir='ltr'><strong>intellectum.</strong></span> <span class='ocrx_word' id='word_1_694' title='bbox 3463 4067 3524 4120; x_wconf 69' lang='grc' dir='ltr'><strong>ην.</strong></span> <span class='ocrx_word' id='word_1_695' title='bbox 3557 4060 3771 4111; x_wconf 77' lang='lat' dir='ltr'><strong>Amen.</strong></span> 
     </span>
    </p>
   </div>
   <div class='ocr_carea' id='block_1_102' title="bbox 2367 4145 3347 4210">
    <p class='ocr_par' dir='ltr' id='par_1_102' title="bbox 2367 4145 3347 4210">
     <span class='ocr_line' id='line_1_102' title="bbox 2367 4145 3347 4210; baseline -0.002 -6"><span class='ocrx_word' id='word_1_696' title='bbox 2367 4153 2472 4204; x_wconf 91' lang='lat' dir='ltr'><strong>Per</strong></span> <span class='ocrx_word' id='word_1_697' title='bbox 2503 4145 2972 4202; x_wconf 86' lang='lat' dir='ltr'><strong>misericordiam</strong></span> <span class='ocrx_word' id='word_1_698' title='bbox 3015 4150 3200 4210; x_wconf 88' lang='lat' dir='ltr'><strong>tuam,</strong></span> <span class='ocrx_word' id='word_1_699' title='bbox 3235 4149 3347 4202; x_wconf 91' lang='lat' dir='ltr'><strong>etc.</strong></span> 
     </span>
    </p>
   </div>
   <div class='ocr_carea' id='block_1_103' title="bbox 2366 4232 3971 4306">
    <p class='ocr_par' dir='ltr' id='par_1_103' title="bbox 2366 4232 3971 4306">
     <span class='ocr_line' id='line_1_103' title="bbox 2366 4232 3971 4306; baseline -0.002 -15"><span class='ocrx_word' id='word_1_700' title='bbox 2366 4235 2709 4306; x_wconf 77' lang='lat' dir='ltr'><strong>Antiphona</strong></span> <span class='ocrx_word' id='word_1_701' title='bbox 2729 4241 2772 4289; x_wconf 87' lang='lat' dir='ltr'><strong>t.</strong></span> <span class='ocrx_word' id='word_1_702' title='bbox 2794 4237 2876 4289; x_wconf 90' lang='lat' dir='ltr'><strong>Me</strong></span> <span class='ocrx_word' id='word_1_703' title='bbox 2898 4233 3106 4288; x_wconf 80' lang='lat' dir='ltr'><strong>insulae</strong></span> <span class='ocrx_word' id='word_1_704' title='bbox 3121 4237 3454 4304; x_wconf 86' lang='lat' dir='ltr'><strong>expectant,</strong></span> <span class='ocrx_word' id='word_1_705' title='bbox 3479 4232 3619 4289; x_wconf 92' lang='lat' dir='ltr'><strong>dicit</strong></span> <span class='ocrx_word' id='word_1_706' title='bbox 3637 4233 3971 4303; x_wconf 86' lang='lat' dir='ltr'><strong>Dominus,</strong></span> 
     </span>
    </p>
   </div>
   <div class='ocr_carea' id='block_1_104' title="bbox 2295 4321 3978 4392">
    <p class='ocr_par' dir='ltr' id='par_1_104' title="bbox 2295 4321 3978 4392">
     <span class='ocr_line' id='line_1_104' title="bbox 2295 4321 3978 4392; baseline -0.002 -10"><span class='ocrx_word' id='word_1_707' title='bbox 2295 4331 2351 4382; x_wconf 91' lang='lat' dir='ltr'><strong>et</strong></span> <span class='ocrx_word' id='word_1_708' title='bbox 2380 4324 2692 4380; x_wconf 89' lang='lat' dir='ltr'><strong>brachium</strong></span> <span class='ocrx_word' id='word_1_709' title='bbox 2715 4339 2916 4379; x_wconf 91' lang='lat' dir='ltr'><strong>meum</strong></span> <span class='ocrx_word' id='word_1_710' title='bbox 2936 4322 3334 4378; x_wconf 90' lang='lat' dir='ltr'><strong>sustinebunt.</strong></span> <span class='ocrx_word' id='word_1_711' title='bbox 3364 4325 3434 4378; x_wconf 92' lang='lat' dir='ltr'><strong>P.</strong></span> <span class='ocrx_word' id='word_1_712' title='bbox 3465 4322 3614 4387; x_wconf 88' lang='lat' dir='ltr'><strong>Quia</strong></span> <span class='ocrx_word' id='word_1_713' title='bbox 3645 4321 3978 4392; x_wconf 89' lang='lat' dir='ltr'><strong>judicium</strong></span> 
     </span>
    </p>
   </div>
   <div class='ocr_carea' id='block_1_105' title="bbox 2294 4409 3984 4483">
    <p class='ocr_par' dir='ltr' id='par_1_105' title="bbox 2294 4409 3984 4483">
     <span class='ocr_line' id='line_1_105' title="bbox 2294 4409 3984 4483; baseline -0.002 -13"><span class='ocrx_word' id='word_1_714' title='bbox 2294 4429 2495 4470; x_wconf 90' lang='lat' dir='ltr'><strong>meum</strong></span> <span class='ocrx_word' id='word_1_715' title='bbox 2519 4413 2578 4467; x_wconf 90' lang='lat' dir='ltr'><strong>in</strong></span> <span class='ocrx_word' id='word_1_716' title='bbox 2598 4412 2790 4468; x_wconf 90' lang='lat' dir='ltr'><strong>lucem</strong></span> <span class='ocrx_word' id='word_1_717' title='bbox 2815 4411 3177 4483; x_wconf 89' lang='lat' dir='ltr'><strong>populorum</strong></span> <span class='ocrx_word' id='word_1_718' title='bbox 3200 4410 3532 4483; x_wconf 88' lang='lat' dir='ltr'><strong>apparebit.</strong></span> <span class='ocrx_word' id='word_1_719' title='bbox 3555 4409 3616 4469; x_wconf 61' lang='grc' dir='ltr'><strong>ἳτ.</strong></span> <span class='ocrx_word' id='word_1_720' title='bbox 3635 4411 3794 4464; x_wconf 91' lang='lat' dir='ltr'><strong>Deus</strong></span> <span class='ocrx_word' id='word_1_721' title='bbox 3818 4409 3984 4466; x_wconf 88' lang='lat' dir='ltr'><strong>deo-</strong></span> 
     </span>
    </p>
   </div>
   <div class='ocr_carea' id='block_1_106' title="bbox 2293 4499 3986 4570">
    <p class='ocr_par' dir='ltr' id='par_1_106' title="bbox 2293 4499 3986 4570">
     <span class='ocr_line' id='line_1_106' title="bbox 2293 4499 3986 4570; baseline -0.002 -11"><span class='ocrx_word' id='word_1_722' title='bbox 2293 4519 2427 4559; x_wconf 92' lang='lat' dir='ltr'><strong>rum</strong></span> <span class='ocrx_word' id='word_1_723' title='bbox 2453 4500 2741 4556; x_wconf 88' lang='lat' dir='ltr'><strong>Dominus</strong></span> <span class='ocrx_word' id='word_1_724' title='bbox 2766 4499 3000 4554; x_wconf 89' lang='lat' dir='ltr'><strong>locutus</strong></span> <span class='ocrx_word' id='word_1_725' title='bbox 3028 4505 3135 4570; x_wconf 90' lang='lat' dir='ltr'><strong>est,</strong></span> <span class='ocrx_word' id='word_1_726' title='bbox 3179 4504 3233 4555; x_wconf 91' lang='lat' dir='ltr'><strong>et</strong></span> <span class='ocrx_word' id='word_1_727' title='bbox 3262 4500 3495 4554; x_wconf 89' lang='lat' dir='ltr'><strong>vocavit</strong></span> <span class='ocrx_word' id='word_1_728' title='bbox 3521 4502 3761 4554; x_wconf 86' lang='lat' dir='ltr'><strong>terram.</strong></span> <span class='ocrx_word' id='word_1_729' title='bbox 3800 4499 3876 4555; x_wconf 92' lang='lat' dir='ltr'><strong>P.</strong></span> <span class='ocrx_word' id='word_1_730' title='bbox 3907 4502 3986 4555; x_wconf 85' lang='lat' dir='ltr'><strong>Et</strong></span> 
     </span>
    </p>
   </div>
   <div class='ocr_carea' id='block_1_107' title="bbox 2292 4587 3987 4655">
    <p class='ocr_par' dir='ltr' id='par_1_107' title="bbox 2292 4587 3987 4655">
     <span class='ocr_line' id='line_1_107' title="bbox 2292 4587 3987 4655; baseline -0.002 -7"><span class='ocrx_word' id='word_1_731' title='bbox 2292 4591 2626 4648; x_wconf 88' lang='lat' dir='ltr'><strong>brachium.</strong></span> <span class='ocrx_word' id='word_1_732' title='bbox 2661 4590 2722 4649; x_wconf 67' lang='grc' dir='ltr'><strong>ῐῐν.</strong></span> <span class='ocrx_word' id='word_1_733' title='bbox 2751 4589 2966 4654; x_wconf 87' lang='lat' dir='ltr'><strong>Gloria,</strong></span> <span class='ocrx_word' id='word_1_734' title='bbox 3010 4593 3063 4646; x_wconf 89' lang='lat' dir='ltr'><strong>et</strong></span> <span class='ocrx_word' id='word_1_735' title='bbox 3098 4589 3291 4645; x_wconf 90' lang='lat' dir='ltr'><strong>honor</strong></span> <span class='ocrx_word' id='word_1_736' title='bbox 3328 4587 3501 4655; x_wconf 89' lang='lat' dir='ltr'><strong>Patri,</strong></span> <span class='ocrx_word' id='word_1_737' title='bbox 3547 4591 3658 4644; x_wconf 91' lang='lat' dir='ltr'><strong>etc.</strong></span> <span class='ocrx_word' id='word_1_738' title='bbox 3696 4589 3769 4645; x_wconf 89' lang='lat' dir='ltr'><strong>P.</strong></span> <span class='ocrx_word' id='word_1_739' title='bbox 3808 4589 3987 4653; x_wconf 85' lang='lat' dir='ltr'><strong>Quia</strong></span> 
     </span>
    </p>
   </div>
   <div class='ocr_carea' id='block_1_108' title="bbox 2290 4680 2841 4754">
    <p class='ocr_par' dir='ltr' id='par_1_108' title="bbox 2290 4680 2841 4754">
     <span class='ocr_line' id='line_1_108' title="bbox 2290 4680 2841 4754; baseline -0.007 -18"><span class='ocrx_word' id='word_1_740' title='bbox 2290 4680 2580 4754; x_wconf 90' lang='lat' dir='ltr'><strong>judicium</strong></span> <span class='ocrx_word' id='word_1_741' title='bbox 2616 4695 2841 4735; x_wconf 91' lang='lat' dir='ltr'><strong>meum.</strong></span> 
     </span>
    </p>
   </div>
   <div class='ocr_carea' id='block_1_109' title="bbox 2366 4765 3990 4838">
    <p class='ocr_par' dir='ltr' id='par_1_109' title="bbox 2366 4765 3990 4838">
     <span class='ocr_line' id='line_1_109' title="bbox 2366 4765 3990 4838; baseline -0.001 -13"><span class='ocrx_word' id='word_1_742' title='bbox 2366 4770 2594 4826; x_wconf 75' lang='lat' dir='ltr'><strong>Oratio.</strong></span> <span class='ocrx_word' id='word_1_743' title='bbox 2631 4767 2934 4838; x_wconf 90' lang='lat' dir='ltr'><strong>Unigenite</strong></span> <span class='ocrx_word' id='word_1_744' title='bbox 2957 4766 3134 4822; x_wconf 88' lang='lat' dir='ltr'><strong>Filius</strong></span> <span class='ocrx_word' id='word_1_745' title='bbox 3155 4767 3252 4822; x_wconf 93' lang='lat' dir='ltr'><strong>Dei</strong></span> <span class='ocrx_word' id='word_1_746' title='bbox 3279 4765 3486 4831; x_wconf 86' lang='lat' dir='ltr'><strong>Patris,</strong></span> <span class='ocrx_word' id='word_1_747' title='bbox 3519 4781 3702 4838; x_wconf 89' lang='lat' dir='ltr'><strong>quem</strong></span> <span class='ocrx_word' id='word_1_748' title='bbox 3730 4765 3990 4823; x_wconf 76' lang='lat' dir='ltr'><strong>insulas</strong></span> 
     </span>
    </p>
   </div>
   <div class='ocr_carea' id='block_1_110' title="bbox 2295 4855 3990 4931">
    <p class='ocr_par' dir='ltr' id='par_1_110' title="bbox 2295 4855 3990 4931">
     <span class='ocr_line' id='line_1_110' title="bbox 2295 4855 3990 4931; baseline -0.002 -16"><span class='ocrx_word' id='word_1_749' title='bbox 2295 4863 2622 4931; x_wconf 85' lang='lat' dir='ltr'><strong>expectant,</strong></span> <span class='ocrx_word' id='word_1_750' title='bbox 2653 4863 2709 4913; x_wconf 90' lang='lat' dir='ltr'><strong>et</strong></span> <span class='ocrx_word' id='word_1_751' title='bbox 2742 4857 3053 4913; x_wconf 89' lang='lat' dir='ltr'><strong>brachium</strong></span> <span class='ocrx_word' id='word_1_752' title='bbox 3081 4856 3439 4912; x_wconf 90' lang='lat' dir='ltr'><strong>fortitudinis</strong></span> <span class='ocrx_word' id='word_1_753' title='bbox 3477 4860 3591 4912; x_wconf 75' lang='lat' dir='ltr'><strong>tuae</strong></span> <span class='ocrx_word' id='word_1_754' title='bbox 3623 4855 3809 4928; x_wconf 90' lang='lat' dir='ltr'><strong>plebs</strong></span> <span class='ocrx_word' id='word_1_755' title='bbox 3861 4857 3990 4912; x_wconf 88' lang='lat' dir='ltr'><strong>ad-</strong></span> 
     </span>
    </p>
   </div>
   <div class='ocr_carea' id='block_1_111' title="bbox 2293 4947 3994 5021">
    <p class='ocr_par' dir='ltr' id='par_1_111' title="bbox 2293 4947 3994 5021">
     <span class='ocr_line' id='line_1_111' title="bbox 2293 4947 3994 5021; baseline -0.002 -19"><span class='ocrx_word' id='word_1_756' title='bbox 2293 4947 2511 5021; x_wconf 85' lang='lat' dir='ltr'><strong>quisita</strong></span> <span class='ocrx_word' id='word_1_757' title='bbox 2547 4947 2832 5014; x_wconf 90' lang='lat' dir='ltr'><strong>suslinet;</strong></span> <span class='ocrx_word' id='word_1_758' title='bbox 2865 4952 2915 5001; x_wconf 89' lang='lat' dir='ltr'><strong>te</strong></span> <span class='ocrx_word' id='word_1_759' title='bbox 2943 4963 3294 5018; x_wconf 69' lang='lat' dir='ltr'><strong>quaesumus</strong></span> <span class='ocrx_word' id='word_1_760' title='bbox 3324 4951 3378 5001; x_wconf 91' lang='lat' dir='ltr'><strong>et</strong></span> <span class='ocrx_word' id='word_1_761' title='bbox 3402 4961 3712 5014; x_wconf 87' lang='lat' dir='ltr'><strong>rogamus,</strong></span> <span class='ocrx_word' id='word_1_762' title='bbox 3749 4950 3827 5000; x_wconf 87' lang='lat' dir='ltr'><strong>ut</strong></span> <span class='ocrx_word' id='word_1_763' title='bbox 3854 4960 3994 5001; x_wconf 87' lang='lat' dir='ltr'><strong>nos</strong></span> 
     </span>
    </p>
   </div>
   <div class='ocr_carea' id='block_1_112' title="bbox 2293 5036 3999 5110">
    <p class='ocr_par' dir='ltr' id='par_1_112' title="bbox 2293 5036 3999 5110">
     <span class='ocr_line' id='line_1_112' title="bbox 2293 5036 3999 5110; baseline -0.001 -16"><span class='ocrx_word' id='word_1_764' title='bbox 2293 5046 2637 5110; x_wconf 86' lang='lat' dir='ltr'><strong>peccatores</strong></span> <span class='ocrx_word' id='word_1_765' title='bbox 2669 5038 2853 5092; x_wconf 81' lang='lat' dir='ltr'><strong>facias</strong></span> <span class='ocrx_word' id='word_1_766' title='bbox 2876 5053 3112 5108; x_wconf 88' lang='lat' dir='ltr'><strong>semper</strong></span> <span class='ocrx_word' id='word_1_767' title='bbox 3135 5053 3261 5092; x_wconf 84' lang='lat' dir='ltr'><strong>esse</strong></span> <span class='ocrx_word' id='word_1_768' title='bbox 3283 5036 3489 5092; x_wconf 88' lang='lat' dir='ltr'><strong>beatos</strong></span> <span class='ocrx_word' id='word_1_769' title='bbox 3521 5053 3533 5090; x_wconf 95' lang='lat'>:</span> <span class='ocrx_word' id='word_1_770' title='bbox 3566 5043 3646 5101; x_wconf 91' lang='lat' dir='ltr'><strong>ut,</strong></span> <span class='ocrx_word' id='word_1_771' title='bbox 3673 5051 3827 5091; x_wconf 89' lang='lat' dir='ltr'><strong>cum</strong></span> <span class='ocrx_word' id='word_1_772' title='bbox 3852 5036 3999 5092; x_wconf 78' lang='lat' dir='ltr'><strong>Ad-</strong></span> 
     </span>
    </p>
   </div>
   <div class='ocr_carea' id='block_1_113' title="bbox 2292 5124 4000 5198">
    <p class='ocr_par' dir='ltr' id='par_1_113' title="bbox 2292 5124 4000 5198">
     <span class='ocr_line' id='line_1_113' title="bbox 2292 5124 4000 5198; baseline -0.002 -15"><span class='ocrx_word' id='word_1_773' title='bbox 2292 5133 2504 5186; x_wconf 89' lang='lat' dir='ltr'><strong>ventus</strong></span> <span class='ocrx_word' id='word_1_774' title='bbox 2535 5128 2616 5183; x_wconf 90' lang='lat' dir='ltr'><strong>tui</strong></span> <span class='ocrx_word' id='word_1_775' title='bbox 2645 5128 2980 5198; x_wconf 88' lang='lat' dir='ltr'><strong>apparuerit</strong></span> <span class='ocrx_word' id='word_1_776' title='bbox 3011 5126 3218 5195; x_wconf 84' lang='lat' dir='ltr'><strong>gloria,</strong></span> <span class='ocrx_word' id='word_1_777' title='bbox 3251 5142 3370 5180; x_wconf 90' lang='lat' dir='ltr'><strong>non</strong></span> <span class='ocrx_word' id='word_1_778' title='bbox 3404 5124 3881 5182; x_wconf 78' lang='lat' dir='ltr'><strong>confundamur</strong></span> <span class='ocrx_word' id='word_1_779' title='bbox 3903 5126 4000 5180; x_wconf 86' lang='lat' dir='ltr'><strong>vi-</strong></span> 
     </span>
    </p>
   </div>
   <div class='ocr_carea' id='block_1_114' title="bbox 2291 5215 3340 5273">
    <p class='ocr_par' dir='ltr' id='par_1_114' title="bbox 2291 5215 3340 5273">
     <span class='ocr_line' id='line_1_114' title="bbox 2291 5215 3340 5273; baseline -0.002 -1"><span class='ocrx_word' id='word_1_780' title='bbox 2291 5215 2497 5272; x_wconf 89' lang='lat' dir='ltr'><strong>dentes</strong></span> <span class='ocrx_word' id='word_1_781' title='bbox 2536 5215 2751 5271; x_wconf 91' lang='lat' dir='ltr'><strong>faciem</strong></span> <span class='ocrx_word' id='word_1_782' title='bbox 2788 5221 2969 5270; x_wconf 92' lang='lat' dir='ltr'><strong>tuam.</strong></span> <span class='ocrx_word' id='word_1_783' title='bbox 3018 5225 3084 5273; x_wconf 83' lang='lat' dir='ltr'><strong>R-.</strong></span> <span class='ocrx_word' id='word_1_784' title='bbox 3134 5219 3340 5270; x_wconf 87' lang='lat' dir='ltr'><strong>Amen.</strong></span> 
     </span>
    </p>
   </div>
   <div class='ocr_carea' id='block_1_115' title="bbox 2365 5303 3323 5365">
    <p class='ocr_par' dir='ltr' id='par_1_115' title="bbox 2365 5303 3323 5365">
     <span class='ocr_line' id='line_1_115' title="bbox 2365 5303 3323 5365; baseline -0.001 -6"><span class='ocrx_word' id='word_1_785' title='bbox 2365 5308 2467 5359; x_wconf 88' lang='lat' dir='ltr'><strong>Per</strong></span> <span class='ocrx_word' id='word_1_786' title='bbox 2497 5303 2971 5360; x_wconf 86' lang='lat' dir='ltr'><strong>misericordiam</strong></span> <span class='ocrx_word' id='word_1_787' title='bbox 3002 5308 3184 5365; x_wconf 85' lang='lat' dir='ltr'><strong>tuam,</strong></span> <span class='ocrx_word' id='word_1_788' title='bbox 3215 5308 3323 5358; x_wconf 88' lang='lat' dir='ltr'><strong>etc.</strong></span> 
     </span>
    </p>
   </div>
   <div class='ocr_carea' id='block_1_116' title="bbox 2365 5391 4008 5464">
    <p class='ocr_par' dir='ltr' id='par_1_116' title="bbox 2365 5391 4008 5464">
     <span class='ocr_line' id='line_1_116' title="bbox 2365 5391 4008 5464; baseline 0.002 -19"><span class='ocrx_word' id='word_1_789' title='bbox 2365 5393 2712 5461; x_wconf 78' lang='lat' dir='ltr'><strong>Antiphona</strong></span> <span class='ocrx_word' id='word_1_790' title='bbox 2731 5395 2783 5450; x_wconf 81' lang='lat'><strong>2-.</strong></span> <span class='ocrx_word' id='word_1_791' title='bbox 2803 5392 3138 5459; x_wconf 90' lang='lat' dir='ltr'><strong>&#39;l‘imebunt,</strong></span> <span class='ocrx_word' id='word_1_792' title='bbox 3154 5392 3259 5464; x_wconf 89' lang='lat' dir='ltr'><strong>qui</strong></span> <span class='ocrx_word' id='word_1_793' title='bbox 3275 5391 3352 5448; x_wconf 91' lang='lat' dir='ltr'><strong>ab</strong></span> <span class='ocrx_word' id='word_1_794' title='bbox 3366 5391 3669 5448; x_wconf 91' lang='lat' dir='ltr'><strong>occidente</strong></span> <span class='ocrx_word' id='word_1_795' title='bbox 3684 5394 3846 5448; x_wconf 88' lang='lat' dir='ltr'><strong>sunt</strong></span> <span class='ocrx_word' id='word_1_796' title='bbox 3871 5408 4008 5450; x_wconf 86' lang='lat' dir='ltr'><strong>no-</strong></span> 
     </span>
    </p>
   </div>
   <div class='ocr_carea' id='block_1_117' title="bbox 2295 5478 4010 5554">
    <p class='ocr_par' dir='ltr' id='par_1_117' title="bbox 2295 5478 4010 5554">
     <span class='ocr_line' id='line_1_117' title="bbox 2295 5478 4010 5554; baseline 0.001 -18"><span class='ocrx_word' id='word_1_797' title='bbox 2295 5495 2434 5536; x_wconf 92' lang='lat' dir='ltr'><strong>men</strong></span> <span class='ocrx_word' id='word_1_798' title='bbox 2455 5481 2690 5536; x_wconf 91' lang='lat' dir='ltr'><strong>Domini</strong></span> <span class='ocrx_word' id='word_1_799' title='bbox 2715 5499 2728 5550; x_wconf 92' lang='lat'><strong>;</strong></span> <span class='ocrx_word' id='word_1_800' title='bbox 2752 5486 2824 5547; x_wconf 90' lang='lat' dir='ltr'><strong>et,</strong></span> <span class='ocrx_word' id='word_1_801' title='bbox 2858 5481 2962 5554; x_wconf 92' lang='lat' dir='ltr'><strong>qui</strong></span> <span class='ocrx_word' id='word_1_802' title='bbox 2983 5481 3059 5537; x_wconf 91' lang='lat' dir='ltr'><strong>ab</strong></span> <span class='ocrx_word' id='word_1_803' title='bbox 3076 5486 3209 5537; x_wconf 91' lang='lat' dir='ltr'><strong>ortu</strong></span> <span class='ocrx_word' id='word_1_804' title='bbox 3235 5480 3396 5546; x_wconf 90' lang='lat' dir='ltr'><strong>solis,</strong></span> <span class='ocrx_word' id='word_1_805' title='bbox 3418 5478 3674 5550; x_wconf 90' lang='lat' dir='ltr'><strong>gloriam</strong></span> <span class='ocrx_word' id='word_1_806' title='bbox 3695 5480 3878 5549; x_wconf 88' lang='lat' dir='ltr'><strong>ejus.</strong></span> <span class='ocrx_word' id='word_1_807' title='bbox 3914 5483 4010 5537; x_wconf 91' lang='lat' dir='ltr'><strong>P.</strong></span> 
     </span>
    </p>
   </div>
   <div class='ocr_carea' id='block_1_118' title="bbox 2297 5569 4010 5642">
    <p class='ocr_par' dir='ltr' id='par_1_118' title="bbox 2297 5569 4010 5642">
     <span class='ocr_line' id='line_1_118' title="bbox 2297 5569 4010 5642; baseline 0 -18"><span class='ocrx_word' id='word_1_808' title='bbox 2297 5569 2442 5626; x_wconf 91' lang='lat' dir='ltr'><strong>Cum</strong></span> <span class='ocrx_word' id='word_1_809' title='bbox 2459 5570 2704 5636; x_wconf 80' lang='lat' dir='ltr'><strong>venerit,</strong></span> <span class='ocrx_word' id='word_1_810' title='bbox 2726 5571 2900 5642; x_wconf 90' lang='lat' dir='ltr'><strong>quasi</strong></span> <span class='ocrx_word' id='word_1_811' title='bbox 2923 5570 3139 5626; x_wconf 87' lang='lat' dir='ltr'><strong>ﬂuvius</strong></span> <span class='ocrx_word' id='word_1_812' title='bbox 3159 5569 3473 5638; x_wconf 89' lang='lat' dir='ltr'><strong>violentus,</strong></span> <span class='ocrx_word' id='word_1_813' title='bbox 3498 5584 3679 5640; x_wconf 89' lang='lat' dir='ltr'><strong>quem</strong></span> <span class='ocrx_word' id='word_1_814' title='bbox 3704 5569 4010 5641; x_wconf 86' lang='lat' dir='ltr'><strong>spiritus</strong></span> 
     </span>
    </p>
   </div>
  </div>
