4118 6184
268 321 341 378 89
1388 305 1739 367 DOMINICA
1774 302 1846 359 IV
1890 298 2265 357 ADVENTUS
2305 299 2587 359 DOMINI.
3619 281 3693 334 90

274 442 511 501 Domini
560 439 795 509 excitat,
854 439 914 498 t'.
981 441 1045 494 Et
1113 437 1408 494 timebunt
1454 438 1661 506 gentes
1712 442 1935 487 nomen
1965 427 2009 480 A
2044 424 2620 499 pusillietmagni,et
2649 432 2858 509 omnes
2882 415 2988 489 qui
3014 408 3335 509 expectatis
3353 404 3688 509 Adventum

273 529 746 598 tuum,Domine,
780 531 838 583 et
865 542 1076 583 omnes
1089 542 1258 596 reges
1283 532 1451 581 terrae
1482 524 1733 593 gloriam
1746 524 1935 578 tuam.

272 623 335 675 P.
382 622 533 675 Cum
554 617 796 673 venerit.
819 615 881 680 i’,
916 615 1132 681 Gloria,
1154 619 1209 671 et
1236 614 1430 670 honor
1480 613 1652 681 Patri,
1686 615 1747 669 P.
1789 613 1936 668 Cum

278 710 525 775 venerit,
555 705 731 779 quasi
763 704 1006 761 ﬂuvius.

355 798 581 855 Oratio.
607 795 831 851 Christe
852 794 949 850 Dei
975 793 1176 859 Filius,
1209 794 1315 865 qui
1344 794 1406 849 in
1430 792 1663 848 mundo
1693 805 1799 863 per
1818 788 1937 845 Vir-

288 887 489 958 ginem
518 888 718 950 natus,
746 881 1067 938 nativitatis
1089 886 1205 938 tuae
1234 888 1453 937 terrore
1483 885 1539 937 et
1576 894 1762 952 regna
1801 892 1940 934 con-

290 977 459 1042 cutis,
484 981 539 1031 et
564 988 736 1043 reges
757 970 1044 1027 admirari
1063 970 1371 1043 compellis
1392 968 1611 1042 ;prsebe
1642 967 1817 1025 nobis
1834 965 1941 1023 ini-

284 1065 434 1121 tium
456 1060 784 1134 sapientiae,
812 1060 977 1132 quod
1004 1063 1089 1116 est
1128 1059 1305 1115 timor
1330 1066 1496 1114 tuus:
1546 1062 1610 1113 ut
1636 1058 1695 1112 in
1724 1072 1793 1113 eo
1823 1055 1939 1111 fru-

280 1149 723 1215 ctiﬁcemur,in
756 1164 827 1204 eo
854 1148 1034 1204 etiam
1104 1147 1477 1220 proﬁcientes
1526 1146 1785 1203 fructum
1836 1144 1939 1201 tibi

276 1240 738 1313 pacatissimum
777 1236 1102 1293 offeramus
1142 1253 1155 1291 :
1186 1236 1376 1309 ut,qui
1394 1236 1471 1292 ad
1489 1236 1940 1305 gentiumvoca-

282 1330 541 1393 tionem,
567 1327 736 1399 quasi
760 1326 978 1381 ﬂuvius
993 1324 1619 1390 violentus.accessisti
1645 1342 1659 1379 :
1683 1322 1941 1380 nascitu-

280 1434 391 1474 rus
420 1418 479 1473 in
513 1417 675 1473 terris
702 1415 781 1470 ad
820 1415 1271 1471 conversionem
1327 1414 1725 1485 peccantium,
1752 1413 1941 1470 mani-

272 1507 429 1563 festa
454 1510 573 1561 tute
598 1505 802 1576 gratiae
833 1503 997 1558 dona
1017 1502 1337 1558 ostendas:
1369 1518 1514 1575 quo,
1563 1502 1805 1574 repulso
1835 1508 1939 1558 ter-

270 1611 412 1651 rore
444 1592 807 1660 formidinis,
834 1596 997 1647 casto
1023 1598 1077 1647 te
1105 1606 1342 1663 semper
1380 1606 1706 1663 sequamur
1734 1607 1940 1648 amore

269 1684 502 1739 intimae
532 1680 856 1737 charitatis.
893 1692 953 1749 By,
984 1682 1193 1735 Amen.

2045 495 2257 586 ipsius.
2287 516 2580 572 Psalmus.
2613 506 2966 566 Benedictus
2991 518 3074 570 es,
3108 496 3358 555 Domine
3393 495 3548 550 Deus
3586 506 3691 565 pa-

2047 607 2206 660 trum
2229 608 2592 660 nostrorum.
2623 598 2872 669 Require
2892 593 3007 665 fol.
3031 594 3086 646 6.

2119 695 2455 750 Sono.Deus
2476 678 3280 746 deorumDominuslocutus
3295 676 3416 728 est:
3446 670 3562 740 28
3584 684 3689 724 vo-

2046 784 2201 840 cavit
2224 786 2440 838 terram
2469 796 2541 836 ex
2596 779 2760 836 Sion.
2827 775 2882 827 P.
2946 766 3182 842 Species
3233 760 3463 819 decoris
3516 759 3684 828 ejus:

2046 871 2311 928 Alleluia.
2336 871 2396 931 ἣν.
2440 872 2592 925 Deus
2645 862 2957 923 manifeste
3003 854 3219 924 veniet,
3264 853 3417 907 Deus
3468 850 3686 908 noster,

2046 964 2104 1017 et
2132 976 2253 1016 non
2284 959 2495 1015 silebit.
2528 960 2587 1015 P.
2616 952 2850 1028 Species
2867 944 3096 1006 decoris
3123 943 3271 1013 ejus.

2117 1049 2346 1105 Lauda.
2375 1046 2632 1102 Laudate
2656 1020 2981 1099 Dominum
3019 1034 3093 1090 de
3126 1029 3281 1086 caelis
3308 1045 3320 1082 :
3346 1022 3602 1082 alleluia.
3628 1020 3689 1080 ἴ.

2049 1138 2309 1195 Laudate
2340 1152 2478 1193 eum
2508 1136 2569 1191 in
2608 1129 2856 1201 excelsis
2889 1144 2901 1183 :
2931 1118 3472 1183 alleluia.Psalmus
3491 1126 3681 1169 cnvm.

2226 1228 2417 1284 Lectio
2451 1224 2591 1282 libri
2616 1220 2816 1280 Esaiae
2838 1213 3146 1286 Propheta:
3166 1209 3324 1282 (Cap.
3346 1202 3514 1273 xm).

2120 1330 2182 1385 11v.
2207 1318 2325 1372 Deo
2357 1314 2599 1385 gratias.
3290 1386 3303 1392 _
3488 1381 3499 1392 _
3638 1378 3648 1388 _

2122 1408 2363 1462 Cantate
2392 1403 2644 1459 Domino
2674 1398 2974 1456 canticum
3004 1404 3252 1457 novum,
3290 1386 3422 1441 laus
3449 1386 3578 1477 ejus
3635 1386 3695 1477 in

2050 1495 2327 1552 extremis
2368 1498 2535 1550 terra:
2564 1490 2706 1563 :qui
2725 1481 3119 1544 descendistis
3148 1479 3211 1533 in
3236 1487 3423 1537 mare,
3444 1468 3699 1563 etpleni-

2050 1586 2316 1643 tudinem
2348 1584 2476 1655 ejus
2505 1557 3206 1650 ;insulae,ethabitatores
3236 1578 3463 1656 earum.
3497 1557 3699 1656 suble-

2052 1679 2218 1731 vetur
2236 1646 2555 1737 desertum,
2588 1675 2643 1726 et
2667 1662 3072 1732 civitatesejus
3102 1657 3202 1724 ;in
3230 1650 3513 1709 domibus
3533 1646 3701 1737 habi-

347 1736 460 1826 ii’eir
489 1736 962 1825 misericordiam
984 1773 1169 1833 tuam,
1198 1771 1349 1823 Deus
1375 1773 1595 1834 noster,
1629 1768 1811 1841 quies
1841 1768 1937 1824 be-
1974 1776 2016 1829 Β
2051 1764 2195 1819 tabit
2222 1766 2406 1819 Cedar
2431 1779 2442 1816 :
2471 1736 2709 1816 laudate
2739 1753 3102 1841 habitatores
3144 1748 3347 1841 Petrae,
3368 1736 3695 1841 devertice

278 1859 586 1927 nedictus,
614 1864 670 1913 et
694 1856 861 1924 vivis,
883 1860 937 1913 et
962 1856 1166 1913 omnia
1195 1857 1371 1926 regis,
1396 1861 1509 1915 etc.

350 1947 939 2017 Antiphona.3.Quae
964 1945 1160 2017 prima
1174 1945 1526 2015 fuerat,ecce
1550 1946 1764 2011 veniet,
1781 1961 1940 2003 nova

273 2052 353 2093 an
364 2034 858 2091 nunciansvobis
877 2041 1221 2106 ;antequam
1233 2034 1755 2104 oriatur,auditam
1768 2034 1939 2090 vobis

271 2125 556 2180 facimus.
591 2127 744 2180 Laus
779 2123 1011 2178 Domini
1047 2122 1109 2177 in
1138 2122 1419 2178 extremis
1449 2126 1638 2179 terrae.
1681 2123 1745 2182 ir.
1785 2123 1938 2179 Orie-

268 2218 375 2271 tur
402 2214 464 2269 in
490 2213 706 2268 diebus
732 2213 860 2283 ejus
870 2209 1101 2283 justitia
1129 2216 1184 2266 et
1215 2210 1587 2268 abundantia
1616 2212 1800 2284 pacis,
1834 2213 1939 2268 do-

269 2318 391 2358 nec
424 2300 898 2357 extollaturluna
923 2319 941 2371 ;
982 2304 1035 2355 et
1064 2300 1474 2357 dominabitur
1505 2317 1540 2356 a
1566 2317 1717 2357 mari
1749 2318 1940 2375 usque

270 2391 359 2448 ad
403 2406 592 2446 mare.
616 2390 673 2444 P.
707 2390 861 2444 Laus
891 2389 1142 2458 Domini,
1172 2388 1233 2449 ir.
1278 2388 1491 2456 Gloria,
1518 2396 1572 2446 et
1604 2392 1797 2446 honor
1839 2394 1940 2449 Pa-

269 2480 375 2547 tri,
421 2484 539 2535 etc.
576 2481 639 2533 P.
685 2480 836 2533 Laus
869 2477 1129 2533 Domini.

347 2568 574 2624 Oratio.
600 2569 766 2622 Nova
787 2571 843 2622 et
870 2566 1139 2623 inaudita
1170 2570 1330 2633 sunt,
1354 2567 1621 2634 Domine,
1645 2584 1781 2641 quae
1803 2583 1936 2641 pro-

266 2657 557 2730 pheticus
588 2655 1049 2711 sermointonuit
1070 2655 1494 2722 mundozouod
1516 2672 1672 2713 novo
1686 2656 1937 2727 Virginis

269 2749 454 2819 partu
484 2744 737 2799 salvatio
780 2744 1074 2800 exorietur
1095 2748 1535 2801 creaturarum:
1560 2746 1732 2817 cujus
1749 2746 1937 2802 admi-

270 2834 472 2891 rabile
488 2832 916 2889 incarnationis
929 2832 1279 2904 mysterium
1293 2833 1936 2905 quiadevotacordium

279 2923 651 2994 susceptione
668 2919 926 2976 Ecclesia
940 2921 1537 2993 suscepitlmtabunda
1553 2942 1565 2989 ;
1580 2939 1933 2995 qutesumus,

278 3011 427 3067 utin
450 3009 697 3066 laudem
727 3010 859 3080 ejus
887 3012 942 3066 et
969 3025 1129 3067 nova
1152 3009 1231 3065 illi
1261 3011 1494 3068 cantica
1524 3011 1938 3069 deferatetac-

285 3104 497 3171 cepta;
523 3106 599 3162 ut,
626 3099 801 3170 cujus
829 3097 961 3155 laus
992 3098 1070 3154 ab
1100 3098 1377 3155 extremis
1404 3105 1569 3156 terras
1583 3101 1934 3168 concinitur,
1977 3123 2017 3181 (ς

273 3190 417 3259 ejus
442 3186 713 3244 voluntas
739 3188 801 3243 in
835 3191 952 3243 toto
967 3187 1200 3244 mundo
1235 3188 1559 3246 aiidelibus
1586 3190 1927 3263 impleatur.

269 3290 343 3347 Rv.
376 3280 588 3334 Amen.

349 3369 457 3422 Per
483 3366 965 3422 misericordiam
992 3370 1177 3431 tuam,
1212 3368 1366 3421 Deus
1395 3372 1613 3434 noster,
1643 3371 1754 3423 etc.

348 3456 716 3521 anDominus
734 3455 1118 3528 omnipotens
1141 3455 1638 3512 suscitabitnobis
1658 3456 1733 3512 ab
1747 3456 1938 3514 orien-

266 3547 324 3600 te
342 3544 681 3617 principem
731 3559 1032 3615 magnum,
1053 3548 1110 3600 et
1131 3542 1444 3599 vocabitur
1456 3560 1678 3601 nomen
1711 3546 1839 3617 ejus
1851 3562 1937 3603 re-

269 3631 564 3705 demptor
596 3631 893 3698 omnium,
926 3631 1123 3703 etipse
1161 3629 1396 3687 salvum
1442 3631 1615 3688 faciet
1644 3633 1933 3706 populum

270 3736 455 3775 suum
480 3736 516 3774 a
540 3721 804 3792 peccatis
833 3734 1066 3775 eorum.
1114 3718 1182 3778 ᾗ.
1230 3718 1459 3785 Audite,
1486 3719 1704 3776 domus
1725 3721 1933 3790 David,

278 3806 955 3863 Dominusdabitvobis
1002 3806 1244 3875 signum
1274 3824 1287 3862 :
1316 3808 1461 3862 Ecce
1527 3808 1697 3878 virgo
1744 3809 1937 3866 conci-

268 3897 418 3967 piet,
452 3902 510 3953 et
540 3896 729 3967 pariet
758 3895 969 3952 tilium.
1008 3896 1065 3952 P.
1098 3898 1161 3951 Et
1188 3895 1519 3951 vocabitur.
1554 3897 1614 3955 ἲν.
1642 3897 1851 3965 Gloria,
1881 3903 1938 3956 et

267 3985 471 4041 honor
504 3985 675 4051 Patri,
706 3988 763 4039 et
792 3984 951 4040 Filio.
976 3986 1309 4041 [teneretur
1338 3997 1400 4044 Rv.
1432 3986 1716 4041 Dominus
1742 3987 1934 4043 omni-

269 4080 494 4146 potens
521 4072 849 4129 suscitabit.

349 4163 582 4218 Oratio.
616 4162 771 4218 Deus
793 4163 961 4217 Pater
990 4159 1395 4233 omnipotens,
1454 4161 1557 4234 qui
1587 4162 1665 4219 ab
1702 4164 1935 4222 Oriente

268 4250 597 4322 principem
613 4265 907 4320 magnum
924 4249 1254 4317 exuscitas;
1274 4250 1352 4306 da
1372 4250 1636 4317 nobis,ut
1661 4253 1710 4325 ej
1723 4269 1789 4309 us
1808 4270 1935 4311 am-

263 4339 475 4411 plexu,
495 4355 679 4412 quem
706 4338 785 4394 ad
806 4336 1279 4410 redemptionem
1294 4344 1561 4396 nostram
1582 4342 1793 4399 misisti
1821 4343 1931 4400 sal-

267 4444 427 4486 vans
448 4428 740 4500 populum
758 4443 940 4484 suum
961 4443 999 4484 a
1014 4428 1270 4499 peccatis
1292 4444 1522 4495 eorum,
1557 4428 1712 4486 illius
1729 4432 1936 4506 utique
1971 4470 2013 4523 θ

262 4518 588 4590 principis,
619 4518 723 4590 qui
752 4517 881 4573 sine
903 4515 1144 4573 alterius
1212 4517 1453 4588 justitiae
1480 4519 1935 4592 participatione

264 4612 362 4663 est
375 4608 607 4679 justus,
632 4605 955 4678 participes
977 4621 1106 4663 esse
1126 4609 1181 4663 te
1196 4605 1454 4679 propitio
1479 4623 1835 4666 mereamur.
1870 4623 1934 4675 Bg.

263 4701 485 4752 Amen.

343 4784 460 4839 Per
485 4782 961 4840 misericordiam
982 4787 1169 4851 tuam,
1198 4784 1353 4839 Deus
1385 4787 1606 4849 noster,
1625 4788 1735 4841 etc.

343 4871 524 4928 Dicat
560 4870 896 4942 Presbyter.
927 4871 1213 4928 Dominus
1244 4871 1318 4927 sit
1342 4885 1580 4944 semper
1599 4871 1930 4931 vobiscum.

270 4971 343 5021 ἢ.
375 4962 441 5016 Et
470 4976 604 5015 cum
646 4959 861 5031 spiritu
892 4962 1014 5015 tuo.

888 5049 961 5104 In
1002 5048 1328 5104 Laudibus.

350 5140 442 5194 Ad
474 5140 812 5195 Canticum.
838 5137 1607 5208 Antiphona.Descéndant,
1634 5139 1782 5196 sicut
1810 5156 1929 5211 ros,

278 5226 456 5283 verba
485 5225 1036 5297 mea,quianomen
1051 5225 1285 5281 Domini
1304 5226 1757 5283 invocavi.Deus
1788 5228 1933 5285 ﬁde-

277 5312 376 5384 lis,
402 5317 458 5372 in
487 5332 613 5390 quo
639 5331 763 5372 non
790 5320 877 5371 est
897 5315 1175 5387 iniquitas
1200 5334 1213 5368 :
1243 5317 1440 5386 justus
1471 5320 1788 5374 etsanctus
1813 5319 1931 5377 Do-

274 5403 477 5461 minus
506 5410 691 5462 Deus.
729 5404 1055 5462 Canticum.
1094 5405 1342 5461 Attende
1365 5405 1603 5472 coelum,
1633 5406 1929 5479 loquar,et

270 5492 477 5549 audiat
502 5498 684 5550 terra.
716 5494 973 5565 Require
993 5494 1106 5564 fol.
1127 5496 1185 5549 4.

2048 1851 2341 1908 montium
2360 1848 2723 1906 clamabunt.
2766 1843 2988 1899 Ponent
3026 1833 3276 1922 Domino
3329 1825 3602 1922 gloriam,
3643 1828 3698 1922 et

2047 1939 2289 1996 laudem
2317 1939 2446 2009 ejus
2478 1938 2538 1993 in
2563 1933 2775 1991 insulis
2802 1927 3183 1986 nunciarunt.
3210 1915 3697 2014 Dominus,'sicut

2049 2028 2238 2098 fortis,
2267 2005 2622 2097 egredietur,
2649 2023 2801 2079 sicut
2822 2020 2910 2076 vir
2928 2014 3227 2103 praeliator
3254 2005 3560 2103 suscitavit
3579 2015 3695 2099 .ze-

2049 2117 2176 2173 lum
2213 2134 2225 2173 :
2260 2114 2698 2176 vociferabitur,
2729 2114 2786 2166 et
2811 2102 3091 2165 clamabit
3129 2119 3142 2157 :
3187 2110 3367 2169 super
3426 2102 3699 2148 inimicos

2052 2221 2198 2261 suos
2222 2203 2680 2261 confortabitur.
2704 2196 2884 2256 Tacui
2908 2206 3157 2263 semper,
3195 2185 3346 2274 silui,
3363 2180 3595 2274 patiens
3614 2176 3699 2274 fui

2051 2295 2204 2350 sicut
2230 2292 2468 2365 pariens
2500 2291 2715 2362 loquar
2742 2305 2755 2343 :
2785 2280 3115 2354 dissipabo,
3144 2282 3198 2333 et
3242 2266 3580 2365 absorbebo
3627 2266 3702 2320 si-

2049 2363 2469 2438 mul.Desertos
2491 2379 2708 2435 faciam
2737 2373 3053 2439 montes,et
3077 2363 3339 2455 colles,‘et
3370 2370 3549 2455 omne
3574 2368 3702 2455 gra—

2050 2486 2188 2527 men
2209 2486 2416 2527 eorum
2433 2466 2751 2526 exsiccabo
2772 2482 2784 2521 :
2803 2468 3101 2535 etponam
3116 2450 3374 2511 ﬂumina
3388 2447 3449 2503 in
3468 2442 3698 2512 insulis,

2049 2563 2103 2615 et
2115 2565 2393 2631 stagnare
2407 2560 2716 2615 faciam.Et
2728 2555 3027 2611 deducam
3043 2559 3234 2603 caecos
3254 2541 3315 2596 in
3336 2537 3701 2631 viam.,quam

2046 2620 2320 2705 nesciunt
2343 2666 2358 2716 ;
2377 2650 2503 2705 etin
2518 2646 2919 2715 semitis,quas
2938 2620 3700 2708 ignoraverunt,ambulare

2047 2751 2149 2792 cos
2187 2737 2425 2793 faciam.
2452 2749 2514 2809 BI.
2548 2739 2753 2791 Amen.
3402 2803 3434 2809 _
3567 2798 3603 2809 _,

2120 2826 2416 2896 Hymnus.
2438 2802 2794 2879 Cunctorum
2813 2821 2928 2872 Rex
2951 2811 3355 2881 omnipotens.
3388 2798 3694 2896 Supplica-

2048 2915 2149 2969 tio.
2183 2886 2441 2971 Oremus
2477 2911 2931 2980 Redemptorem
2954 2897 3184 2956 mundi.
3211 2890 3463 2984 Require
3638 2887 3691 2937 2.

2121 3002 2626 3077 Capitula.Excita
2656 2973 2982 3071 potentiam
3013 2981 3419 3077 tuam,et‘veni
3449 2976 3526 3033 ad
3544 2973 3693 3073 libe-

2047 3072 2309 3152 randum
2337 3109 2466 3159 nos,
2496 3089 2741 3147 Domine
2761 3087 2914 3140 Deus
2942 3099 2958 3149 ;
2984 3084 3067 3149 ut,
3093 3072 3381 3149 quoniam
3412 3072 3694 3167 opprimi-

2050 3202 2183 3244 mur
2205 3156 2542 3242 turbinibus
2561 3165 3208 3240 tentationum,virtutis
3224 3168 3340 3253 tute
3359 3156 3582 3253 auxilio
3601 3168 3696 3208 su-

2048 3273 2356 3330 blevemur
2378 3287 2390 3327 :
2426 3285 2535 3326 nec
2554 3264 2916 3340 praevaleant
2930 3257 3104 3315 nobis
3124 3252 3398 3343 legiones
3408 3248 3692 3343 hostium,

2047 3377 2185 3417 cum
2206 3365 2307 3417 tua
2330 3335 2637 3430 majestate
2670 3359 2904 3411 tuemur
2928 3355 3023 3404 :ut
3042 3355 3277 3413 semper
3301 3335 3476 3392 nobis
3497 3335 3692 3402 opitu-

2045 3449 2351 3520 lationem,
2393 3452 2449 3503 et
2483 3442 2840 3502 adversariis
2888 3437 3193 3520 ultionem.

2116 3539 2290 3595 Pater
2313 3505 2531 3593 noster.
2572 3537 2637 3589 Et
2667 3546 2740 3587 ne
2770 3544 2899 3583 nos.
2934 3518 3182 3580 Liberali
3224 3532 3259 3571 a
3302 3510 3482 3569 malo.
3536 3505 3692 3577 [01.2

2117 3626 2340 3683 Lauda.
2375 3623 2660 3681 Dominus
2688 3620 2750 3674 in
2766 3613 3027 3671 circuitu.
3058 3605 3310 3677 Require
3329 3600 3448 3671 fol.
3481 3599 3571 3650 26.
3597 3596 3694 3649 Be-

2046 3714 2555 3772 nedictio.Unicus
2587 3707 2764 3764 Filius
2789 3702 2915 3759 Dei.
2925 3701 3107 3771 fol.26
3140 3696 3403 3751 Exeunte
3432 3697 3689 3756 vespera.

2046 3804 2276 3860 Lauda.
2311 3806 2356 3857 A
2388 3800 2529 3857 solis
2570 3801 2719 3853 ortu.
2753 3794 2933 3850 Sono.
2971 3790 3124 3843 Deus
3162 3784 3431 3841 deorum,
3465 3775 3575 3845 fol.
3599 3774 3689 3826 26.

2116 3885 2742 3961 Antiphona.Ascendit
2758 3881 3026 3939 Salvator
3042 3874 3327 3931 Dominus
3347 3868 3412 3961 in
3424 3864 3692 3961 montem

2048 3981 2208 4047 Sion,
2238 3955 2490 4035 liberare
2520 3974 2813 4048 populum
2845 3983 3025 4025 suum
3056 3960 3255 4019 Israel.
3279 3960 3337 4012 Ρ.
3376 3958 3442 4010 Et
3470 3955 3694 4048 erit‘re-

2046 4037 2231 4141 gnum
2259 4069 2388 4140 ejus
2410 4037 2862 4138 sempiternum,
2890 4060 2951 4120 ii.
2975 4060 3194 4113 Omnes
3213 4050 3419 4145 gentes
3427 4037 3692 4145 plaudite

2045 4250 2153 4305 erit
2173 4226 2448 4318 regnum.
2469 4244 2752 4310 itGloria,
2772 4246 2829 4299 et
2857 4242 3067 4296 honor.
3099 4234 3161 4287 P.
3189 4233 3255 4285 Et
3278 4226 3389 4282 erit
3413 4233 3688 4318 regnum.

2114 4313 2519 4395 Lautla.Oculi
2540 4333 2724 4392 nostri
2749 4331 2829 4388 ad
2852 4326 3172 4385 Dominum
3186 4321 3373 4373 Deum
3396 4313 3688 4405 nostrum,

2046 4426 2305 4485 alleluia.
2375 4429 2432 4481 Ρ.
2481 4427 2676 4480 Donec
2755 4419 3109 4477 misereatur
3156 4406 3352 4469 nobis,
3429 4397 3687 4461 alleluia,

2046 4519 2297 4589 alleluia,
2344 4516 2597 4573 alleluia.
2629 4514 2690 4574 if.
2734 4510 2821 4569 Ad
2846 4514 2902 4567 te
2922 4507 3194 4562 levamus
3211 4495 3417 4589 oculos
3434 4494 3685 4589 nostros,

2045 4608 2149 4680 qui
2169 4577 2400 4663 habitas
2427 4606 2487 4662 in
2509 4604 2745 4660 caalis.P.
2781 4606 2974 4658 Donec
2988 4591 3353 4649 misereatur.
3380 4582 3440 4641 i7.
3473 4577 3684 4639 Gloria,

2046 4679 2326 4761 ethonor,
2360 4697 2421 4752 Ρ.
2452 4694 2715 4758 Alleluia,
2759 4688 3012 4751 alleluia,
3042 4679 3328 4770 alleluia:
3473 4760 3509 4770 Η
3590 4757 3628 4770 Ι.

2115 4787 2414 4857 Hymnus.
2450 4782 2657 4839 Christi
2692 4784 2931 4838 caterva
2978 4773 3256 4833 clamitet.
3298 4761 3684 4857 supplicatio.

2047 4851 2296 4931 Oremus
2324 4873 2780 4943 Redemptorem
2795 4864 3140 4937 mundifol.
3170 4863 3205 4912 2
3228 4851 3691 4943 CapitulaDeus

2045 4964 2217 5035 cujus
2247 4939 2569 5018 aeternitas:
2587 4958 2940 5015 Benedictio.
2974 4952 3236 5011 Christus
3258 4942 3566 5002 Dominus.
3586 4939 3691 4995 Re-

2042 5054 2208 5124 quil'e
2222 5053 2331 5122 fol.
2366 5056 2418 5105 2.

2116 5142 2336 5197 Lauda.
2358 5140 2527 5212 Apud
2552 5143 2603 5195 te
2626 5135 2964 5211 propitiatio
2986 5141 3089 5200 est,
3112 5131 3429 5197 alleluia,et
3450 5125 3688 5212 propter

2041 5229 2234 5299 legem
2275 5207 2438 5285 tuam
2471 5207 2723 5283 sustinui
2741 5207 2828 5291 ite,
2853 5226 3117 5288 Domine,
3141 5218 3485 5307 alleluia._P.
3515 5207 3686 5307 Apud

2044 5324 2094 5373 te
2117 5325 2200 5373 est
2230 5317 2390 5372 enim
2416 5315 2844 5381 misericordia,
2896 5320 2951 5371 et
3017 5312 3261 5385 copiosa
3316 5304 3641 5394 redemptio
3670 5312 3682 5360 ;

2043 5406 2301 5472 alleluia,
2326 5404 2581 5462 alleluia.
2606 5404 2668 5465 Si.
2697 5405 2861 5462 Fiant
2882 5418 3055 5461 aures
3088 5406 3198 5457 tuae
3230 5389 3600 5450 intendentes
3622 5389 3683 5440 in

2038 5511 2247 5552 vocem
2278 5495 2716 5567 deprecationis
2768 5510 2935 5551 meae.
2964 5492 3021 5544 P.
3046 5486 3216 5557 Apud
3243 5490 3294 5537 te
3320 5485 3425 5535 est.
3456 5476 3517 5537 Ψ.
3552 5474 3681 5534 Glo-

350 5581 435 5636 Ad
461 5580 837 5639 Benedictus.
865 5581 1568 5651 Antiphona.Benedicite
1607 5583 1927 5641 Dominum
2035 5584 2144 5652 ria,
2177 5589 2233 5643 et
2259 5584 2455 5644 honor
2480 5584 2537 5639 P.
2571 5583 2745 5655 Apud
2772 5587 2823 5638 te
2854 5586 2959 5635 est.
