4118 6184
420 292 487 350 91
1659 287 1801 345 BHE
1811 282 2113 344 VIARIUM
2151 283 2546 350 GOTHICUM.
3021 367 3024 369 Δ
3767 287 3840 343 92

495 417 722 476 Oratio.
758 416 1062 487 Unigenite
1076 417 1252 474 Filius
1273 418 1373 476 Dei
1399 417 1601 485 Patris,
1644 432 1826 490 quem
1855 412 2068 470 insulae
2100 411 2148 465 A
2245 414 2342 471 Ad
2379 417 2650 489 Vespero:
2677 417 2938 484 dicatur,
2970 419 3036 471 ut
3069 413 3133 471 in
3161 411 3424 470 secunda
3446 410 3614 482 feria
3633 425 3843 469 secun-

424 509 821 580 expectant,et
840 505 1154 562 brachium
1177 505 1529 562 fortitudinis
1545 510 1661 562 tuae
1678 503 1844 578 plebs
1861 498 2069 572 adqui-

427 596 538 652 sita
563 595 838 659 sustinet;
863 597 918 649 te
947 609 1298 666 quaesumus
1315 598 1372 651 et
1398 609 1702 663 rogamus,
1734 595 2069 661 utnospec-

428 689 656 740 calores
677 682 860 738 facias
886 698 1116 754 semper
1136 699 1264 738 esse
1292 683 1502 739 beatos
1531 699 1543 737 :
1569 687 1804 750 ut,cum
1836 678 2064 733 Adven-

427 777 521 828 tus
534 773 616 828 tui
630 771 971 843 apparuerit
986 771 1322 841 gloria,non
1335 770 1774 826 confundamur
1800 767 2067 824 videntes

425 860 639 917 faciem
659 864 842 915 tuam.
870 860 1238 930 Respondent
1267 859 1508 916 Chorus.
1539 864 1747 916 Amen.

497 951 602 1004 Per
622 948 1094 1004 misericordiam
1122 953 1310 1004 tuam.

531 1036 740 1092 FERIA
772 1037 1087 1093 SECUNDA
1142 1036 1439 1102 ΟΗΑΗΤΛΕ
1496 1033 1962 1092 HEBDOMAD/E.

991 1125 1090 1180 Ad
1115 1125 1498 1182 Matutinum.

498 1214 1123 1286 Antiphona.Domine,
1157 1215 1300 1285 quid
1327 1214 1718 1288 multiplicati.
1733 1213 1998 1270 Psalmus
2014 1228 2073 1270 iu

431 1303 989 1372 0ratio./ol.8.ut,in
1014 1304 1436 1372 secunda/"cria
1452 1300 2068 1374 primaHebdomadaa.

500 1391 853 1461 Antiphona.
887 1393 1095 1449 i.Ecce
1122 1392 1410 1448 Dominus
1439 1393 1635 1448 veniet
1676 1391 1750 1447 de
1778 1390 1974 1460 longe.
1999 1389 2062 1446 P.

427 1481 585 1536 Beati
607 1482 847 1544 Omnes,
877 1481 980 1551 qui
1007 1485 1320 1552 expectant
1349 1497 1512 1536 eum.
1535 1481 1597 1540 ἡ.
1627 1482 1846 1536 Omnes
1867 1483 2070 1549 gentes

429 1569 693 1641 plaudite
705 1568 985 1624 manibus
1004 1589 1016 1628 :
1033 1568 1281 1639 jubilate
1306 1571 1423 1626 Deo
1435 1570 1498 1625 in
1509 1585 1654 1626 voce
1671 1585 1736 1624 ex
1747 1567 2067 1624 ultationis.

429 1657 489 1714 P.
519 1657 672 1712 Beati
704 1657 1231 1722 omnesthloria,
1252 1661 1313 1717 et
1332 1658 1618 1714 honor.P.
1648 1657 1809 1712 Beati
1840 1671 2069 1711 omnes.

2175 501 2263 557 da:
2291 504 2701 562 Hebdomada’.

2242 589 2578 661 Sequuntur
2605 594 2732 650 alia
2760 593 3140 665 Responsoria
3152 590 3224 647 de
3247 589 3455 662 quibus
3483 603 3682 660 supra.

2244 690 2307 748 ﬁ.
2343 683 2562 738 Montes
2591 682 2726 738 tiliae
2753 683 2908 752 Sion,
2962 696 3167 736 ramos
3222 682 3452 734 vestros
3517 677 3838 734 extendite.

2175 769 2522 838 germinate.
2554 771 2620 826 P.
2655 774 2722 854 Et
2744 771 3004 827 fructum
3025 767 3415 840 jocunditatis
3431 764 3638 854 aﬁ'erte
3651 781 3844 838 popu-

2176 858 2234 913 lo
2264 875 2400 915 meo
2430 860 2625 930 lsrael,
2653 853 2943 934 quoniam
2982 857 3177 914 veniet
3209 856 3338 911 dies
3360 853 3603 910 Domini
3641 854 3704 914 Ψ.
3737 856 3842 910 Ju-

2175 945 2828 1014 bilate,extrematerraa
2855 967 2868 1005 :
2904 950 3112 1004 sonate
3135 947 3374 1000 montes
3393 941 3839 1010 laudationum,

2179 1034 2362 1090 saltus
2392 1039 2449 1092 et
2471 1037 2854 1110 omniaiigna
2866 1035 3144 1105 regionis.
3165 1034 3224 1088 P.
3252 1035 3319 1089 Et
3332 1030 3843 1103 fructum.R.Glo-

2177 1123 2284 1188 ria,
2316 1128 2372 1180 et
2391 1124 2605 1180 honor.
2643 1125 2703 1182 P.
2743 1128 2809 1180 Et
2827 1125 3106 1180 fructum.

2250 1211 2426 1267 Aliud
2447 1214 2922 1282 Responsorium.
2939 1214 3083 1267 Ecce
3096 1210 3384 1266 Dominus
3395 1208 3594 1264 veniet
3605 1206 3840 1263 redem-

2179 1303 2311 1372 ptor
2332 1304 2531 1356 noster
2553 1304 2789 1357 sanctus
2807 1299 3387 1356 lsrael.P.Coronam
3409 1296 3580 1366 regni
3601 1295 3840 1351 habens

2178 1387 2238 1443 in
2269 1388 2461 1460 capite
2501 1405 2630 1445 suo.
2661 1389 2723 1450 in
2747 1388 3037 1445 Attendite
3066 1386 3147 1444 ad
3170 1384 3557 1458 me,populus
3578 1385 3843 1451 meus,et

2179 1477 2369 1533 tribus
2389 1493 2525 1534 mea
2545 1494 2640 1534 me
2666 1477 2883 1544 audite,
2921 1477 3065 1549 quia
3081 1490 3268 1547 prope
3298 1479 3387 1530 est
3409 1473 3538 1529 dies
3569 1473 3834 1529 Domini:

2171 1568 2366 1637 justus
2389 1581 2578 1631 meus,
2611 1570 2668 1622 et
2694 1581 2972 1636 egressus
3003 1568 3093 1618 est
3123 1561 3394 1618 Salvator
3424 1576 3614 1616 meus.
3633 1561 3691 1614 P.
3721 1559 3836 1616 Co-

2180 1669 2391 1709 ronam
2420 1655 2588 1723 regni
2609 1653 2855 1710 habens.
2872 1653 2933 1712 ῐὶτ.
2958 1651 3460 1715 Gloria,ethonor.
3479 1651 3839 1707 Reiteretur.

504 1746 728 1801 Oratio.
762 1746 842 1799 De
895 1745 1070 1815 longe
1110 1746 1536 1802 incarnationis
1564 1751 1678 1802 tuae
1719 1745 2070 1808 Adventum,
2109 1758 2150 1812 Β
2182 1753 2245 1812 ἢ.
2287 1743 2434 1798 Ecce
2464 1743 2772 1799 Dominus.

431 1834 654 1889 Christe
669 1833 767 1888 Dei
790 1833 1298 1899 Filius,beatorum
1315 1835 1715 1890 numerositas
1730 1832 2076 1906 praestolan-

434 1920 890 1990 do,beatiﬁcata
915 1921 1039 1977 fore
1069 1923 1470 1992 cognoscitur.
1505 1925 1886 1989 Quaesumus,
1904 1926 2078 1978 utex-

429 2011 755 2082 pectatione
777 2010 1022 2066 secundi
1053 2011 1352 2066 Adventus
1366 2012 1451 2067 tui
1469 2013 1548 2067 ita
1563 2011 1996 2080 bcatiﬁcemur,
2016 2015 2080 2066 ut

433 2100 603 2172 pium
624 2103 679 2155 te
708 2099 768 2154 in
795 2099 1020 2170 judicio
1041 2100 1390 2168 sentiamus,
1423 2113 1486 2172 Bg.
1502 2110 1708 2158 Amen.

506 2191 612 2243 Per
641 2188 1113 2244 misericordiam
1144 2193 1337 2246 tuam.

504 2276 852 2346 Antiphona
867 2281 917 2330 2.
927 2277 1266 2333 Mortiﬁcate
1278 2293 1436 2333 nunc
1449 2277 1704 2334 membra
1718 2282 1934 2342 vestra,
1951 2291 2080 2348 quas

437 2369 575 2421 sunt
603 2379 784 2436 super
800 2368 1016 2420 terram
1047 2383 1064 2436 ;
1095 2365 1404 2436 quoniam,
1427 2381 1568 2422 cum
1611 2365 1871 2422 Christus
1898 2380 2081 2436 appa-

437 2453 635 2524 ruerit,
654 2454 778 2509 vita
798 2458 1014 2508 vestra.
1048 2453 1105 2507 P.
1142 2456 1302 2509 Tune
1326 2458 1384 2510 et
1410 2470 1521 2509 vos
1547 2453 1904 2526 apparebitis
1941 2468 2080 2507 cum

437 2542 571 2614 ipso
599 2541 660 2596 in
691 2541 903 2611 gloria.
939 2541 1002 2600 if.
1039 2541 1120 2597 Sit
1148 2557 1370 2597 nomen
1423 2542 1659 2598 Domini
1706 2541 2079 2597 benedictum

433 2646 507 2687 ex
534 2631 648 2686 hoc
677 2645 856 2695 nunc,
882 2634 938 2685 et
958 2645 1147 2701 usque
1167 2630 1227 2684 in
1249 2630 1557 2686 saeculum.
1590 2631 1656 2688 P.
1683 2633 1844 2686 Tunc
1869 2635 1925 2686 et
1951 2644 2075 2685 vos.

432 2718 494 2778 if.
525 2718 739 2783 Gloria,
773 2722 829 2773 et
849 2719 1060 2773 honor.
1094 2719 1152 2772 P.
1181 2721 1341 2773 Tunc
1362 2723 1418 2776 et
1446 2735 1579 2774 vos.

503 2806 725 2861 Oratio.
753 2806 1051 2871 Mortiﬁca,
1071 2822 1628 2879 quaesumus,super
1658 2812 1877 2863 terram
1917 2820 2082 2861 men-

426 2894 538 2950 bra
553 2897 760 2950 nostra
777 2893 854 2949 ab
870 2894 1036 2950 omni
1057 2894 1537 2966 concupiscentia
1561 2913 1574 2963 ;
1593 2899 1822 2960 ut,cum
1842 2900 1908 2951 tu
1940 2909 2078 2949 nos-

429 2988 520 3038 tra
533 2982 891 3054 apparueris
907 2983 1456 3053 vita,apparcamus
1479 2988 1535 3039 et
1549 3000 1660 3040 nos
1675 2990 1868 3040 tecum
1887 2988 2080 3039 trans-

425 3069 674 3126 formati
693 3069 756 3123 in
785 3069 1040 3137 gloriam
1079 3071 1193 3140 29
1229 3071 1679 3142 sempiternam.
1721 3083 1783 3142 Ri.
1798 3076 2008 3128 Amen.

499 3160 608 3211 Per
634 3156 1105 3212 misericordiam
1137 3162 1324 3213 tuam.

501 3244 857 3314 Antiphona
883 3249 938 3302 3.
955 3247 1075 3314 Ego
1098 3250 1233 3301 ante
1257 3246 1594 3311 teibo,dicit
1609 3248 1900 3306 Dominus
1943 3249 2000 3304 P.
2019 3251 2082 3304 Et

432 3333 720 3404 gloriosos
747 3337 913 3388 terrae
935 3333 1290 3390 humiliabo.
1331 3335 1391 3395 if.
1421 3339 1575 3392 Deus
1611 3337 1862 3393 deorum
1891 3337 2085 3394 Domi-

433 3438 547 3478 nus
574 3422 806 3478 locutus
826 3428 934 3486 est,
958 3427 1014 3478 et
1043 3425 1280 3480 vocavit
1311 3429 1546 3482 terram.
1580 3427 1638 3480 P.
1663 3429 1729 3482 Et
1769 3427 2077 3498 gloriosos.

433 3513 494 3572 ir.
531 3511 823 3580 Gloria,et
851 3511 1070 3568 honor.
1107 3513 1163 3567 P.
1196 3516 1257 3569 Et
1285 3513 1596 3583 gloriosos.

507 3599 736 3656 Oratio.
750 3600 1012 3668 lngenite
1031 3617 1269 3657 summe
1295 3604 1592 3676 Pater,per
1608 3619 1795 3676 quem
1818 3609 2082 3676 tempore

435 3687 757 3743 nativitatis
772 3689 1091 3746 Dominicaa
1109 3690 1352 3759 justitite
1369 3707 1522 3763 opus
1541 3709 1660 3764 pax
1683 3693 1771 3748 vel
1802 3695 2083 3750 securitas

434 3774 811 3831 concluditur
832 3775 1124 3832 universae
1151 3782 1318 3834 terrai
1334 3798 1346 3847 ;
1365 3780 1456 3835 fac
1483 3796 1593 3836 nos
1617 3782 1676 3836 in
1703 3781 1964 3838 secundo
1982 3782 2084 3838 ad-

431 3868 612 3919 ventu
639 3863 837 3935 gloria
877 3880 999 3920 sua:
1027 3864 1533 3935 pulchritudinem
1578 3868 1902 3926 individuus
1956 3886 2080 3925 ma-

427 3951 658 4022 jestatis
681 3953 970 4023 perpetim
986 3953 1196 4009 intueri
1220 3971 1234 4009 :
1264 3959 1327 4010 ut
1340 3954 1557 4011 ibidem
1572 3957 1908 4029 perenniter
1923 3974 2086 4014 coro-

430 4039 554 4095 nati
585 4039 847 4110 jubilum
889 4041 1298 4113 perpetuitatis
1343 4044 1753 4114 persolvamus
1793 4046 1918 4102 sine
1965 4047 2084 4102 ﬁne

429 4126 589 4184 beati
619 4129 989 4197 Respondeat.
1021 4135 1230 4199 Amen,

502 4217 608 4272 Per
637 4216 1114 4274 misericordiam
1140 4221 1348 4290 ipsius.

506 4313 576 4372 ἢ.
625 4304 852 4362 Credite
883 4306 1247 4364 Salvatorem
1277 4314 1542 4365 vestrum
1582 4309 1919 4366 venientem
1947 4327 2085 4368 cum

437 4391 786 4462 gloria.P.Et
816 4410 925 4449 vos
956 4401 1143 4452 estote
1169 4399 1359 4469 parati
1376 4397 1676 4471 suscipere
1690 4414 1938 4468 regnum
1965 4402 2081 4458 Dei.

438 4480 736 4545 inAudite,
754 4481 1109 4538 habitatores
1144 4486 1323 4552 urbis,
1354 4487 1454 4558 qui
1483 4486 1798 4543 moramini
1822 4488 1880 4542 in
1897 4490 2082 4559 terris,

437 4583 572 4624 cum
602 4569 898 4626 elevatum
918 4571 1091 4628 fuerit
1110 4575 1346 4643 signum
1369 4576 1428 4630 in
1442 4576 1764 4645 montibus,
1783 4577 2084 4648 etclango-

435 4671 564 4712 rem
594 4658 752 4713 tubae
772 4658 1095 4716 audieritis.
1123 4663 1179 4714 Ρ.
1214 4665 1279 4718 Et
1309 4679 1414 4718 vos
1437 4669 1638 4720 estote.
1666 4663 1726 4724 V.
1761 4665 1973 4736 Gloria,
2027 4670 2084 4722 et

437 4744 646 4803 honor.
678 4747 1008 4806 Reiteretur
1037 4762 1105 4821 [τε.
1137 4751 1362 4808 Credite
1394 4753 1780 4810 Salvatorem.

1061 4840 1125 4894 In
1155 4841 1477 4897 Laudibus.

507 4922 604 4978 Ad
617 4923 1304 5000 Canticum.Antiphona.
1335 4933 1478 4986 Ecce
1501 4930 1660 4986 enim
1691 4929 2082 4986 Deus.Canti-

436 5025 586 5066 cum.
621 5012 871 5068 Domine
906 5017 1080 5079 Deus,
1104 5017 1377 5073 omnium
1404 5023 1652 5074 creator.

505 5099 591 5153 Ad
611 5099 1357 5174 Canticum,Antiphona,et
1376 5105 1966 5177 Laudaﬂequirefol.
1997 5108 2079 5159 i6.

435 5187 781 5256 Prophetia.
823 5193 1062 5248 Cantate
1099 5193 1376 5250 Domino.
1396 5195 1510 5264 fol.
1525 5197 1611 5249 28.
1636 5195 2084 5264 Hymnus.Ecce

441 5275 711 5332 Salvator
729 5278 1002 5334 omnium
1029 5282 1417 5352 Supplicatio.
1449 5285 1699 5339 Oremus
1729 5283 2086 5353 Redempto-

438 5380 568 5419 rem
593 5367 825 5424 mundi.
859 5370 1380 5440 Capz'tula.Memor
1409 5377 1558 5437 esto,
1581 5370 1968 5440 Domine/“ot.
2001 5375 2082 5425 i7.

443 5455 674 5512 Lauda.
710 5459 863 5512 Deus
882 5456 1193 5512 manifeste
1209 5457 1841 5529 veniet.1iequirefol.2
1857 5459 2084 5514 Oratio.

446 5543 652 5599 Veniat
676 5560 854 5616 super
879 5561 1014 5612 nos,
1057 5545 1327 5614 Domine,
1367 5546 1618 5618 Require
1670 5546 1836 5618 infra
1859 5546 1970 5615 fol.
1995 5548 2080 5602 30.

2256 1833 2425 1887 Aliud
2455 1831 2932 1899 Responsorium.
2965 1828 3194 1899 Audite,
3221 1825 3422 1882 audite
3444 1841 3564 1894 me,
3588 1825 3845 1898 populus

2185 1936 2379 1989 meus,
2402 1920 2541 1975 dicit
2561 1920 2846 1975 Dominus
2872 1935 2893 1973 :
2923 1925 2979 1973 et
3001 1931 3194 1986 reges,
3259 1914 3564 1980 intendite,
3597 1913 3848 1970 auribus

2186 2008 2490 2082 percipite.
2510 2009 2568 2066 P.
2605 2007 2757 2073 Quia
2779 2007 2869 2062 lex
2896 2021 3041 2063 ame
3066 2003 3315 2078 prodiit:
3341 2002 3847 2076 appropinquans

2186 2099 2300 2154 cito
2317 2098 2540 2168 justitia
2568 2113 2737 2152 mea:
2771 2103 2826 2152 et
2851 2095 3276 2152 salvatormeus
3307 2092 3495 2157 adest,
3529 2107 3714 2163 quem
3755 2092 3844 2147 in-

2186 2185 2326 2241 sulae
2357 2189 2690 2256 expectant.
2717 2184 2777 2244 ἲν.
2811 2181 3100 2238 Attendite
3129 2180 3204 2236 ad
3221 2196 3337 2245 me,
3355 2178 3614 2251 populus
3632 2194 3838 2236 meus:

2187 2280 2241 2327 et
2267 2273 2453 2328 tribus
2480 2288 2634 2338 mea,
2669 2271 2888 2339 audite,
2914 2271 2970 2324 Ρ.
2999 2270 3150 2334 Quia
3175 2267 3270 2324 lex
3291 2269 3341 2338 Qa
3369 2283 3476 2322 me.
3504 2266 3567 2327 ἡ.
3626 2265 3843 2332 Gloria,

2187 2369 2241 2416 et
2269 2361 2480 2416 honor.
2507 2362 2842 2417 Reiteretur
2871 2370 2940 2429 ﬁ.
2977 2356 3206 2421 Audite,
3261 2355 3481 2412 audite.

2259 2461 2320 2518 Βε.
2345 2452 2656 2505 Metuentes
2676 2447 3020 2511 Dominum,
3048 2445 3328 2500 sustinete
3363 2442 3842 2500 misericordiam

2184 2539 2396 2611 ipsius.
2431 2541 2489 2595 P.
2512 2541 2572 2594 Et
2599 2555 2674 2594 ne
2690 2537 2976 2593 recedatis
3001 2535 3079 2591 ab
3102 2534 3235 2590 illo:
3268 2549 3344 2590 ne
3369 2533 3618 2604 cadetis,
3647 2541 3704 2588 et
3717 2548 3841 2588 non

2187 2627 2573 2684 evacuabitur
2611 2632 2851 2682 merces“
2889 2631 3101 2680 vestra.
3147 2621 3208 2683 ἣν.
3249 2622 3356 2682 Qui
3386 2621 3601 2677 timetis
3629 2623 3838 2688 Deum,

2187 2717 2401 2772 credite
2427 2716 2508 2772 illi
2533 2732 2546 2782 ;
2579 2723 2634 2771 et
2656 2715 2717 2770 in
2747 2712 3141 2770 oblectatione
3167 2711 3322 2767 illius
3341 2712 3538 2766 veniet
3552 2709 3721 2766 vobis
3733 2709 3847 2766 mi-

2189 2805 2530 2861 sericordia.
2559 2805 2615 2858 P.
2643 2806 2707 2859 Et
2732 2818 2805 2858 ne
2836 2799 3150 2866 recedatis,
3173 2798 3233 2860 Ῠ.
3271 2797 3488 2863 Gloria,
3529 2805 3585 2854 et
3620 2797 3842 2854 honor.

2187 2897 2544 2954 Reiteretur.
2575 2905 2640 2962 Βι.
2667 2895 2982 2949 Metuentes
3002 2888 3345 2944 Dominum.

2260 2995 2322 3054 ἢ,
2349 2985 2679 3052 Cognoscat
2704 2978 2872 3052 plebs
2904 2993 3042 3034 mea
3078 2990 3302 3031 nomen
3332 2989 3536 3030 meum
3565 2972 3664 3030 illa
3721 2975 3843 3039 die,

2113 3102 2154 3156 ρ
2189 3072 2478 3145 quoniam
2511 3085 2646 3125 ecce
2672 3066 2914 3139 ego,qui
2937 3063 3360 3136 loquor,adero
3379 3061 3851 3129 vobis,dicitDo-

2190 3163 2408 3218 minus.
2441 3161 2501 3217 P.
2533 3158 2711 3224 Quasi
2741 3170 2985 3226 germen
3006 3156 3154 3210 inter
3182 3161 3414 3209 montes
3465 3153 3846 3209 annuncians

2189 3250 2452 3307 auditum
2466 3245 2957 3320 pacis,nuncians
2971 3243 3427 3307 bona,utnotum
3440 3241 3609 3296 vobis
3634 3241 3846 3298 faciam

2188 3339 2554 3394 Salvatorem
2571 3333 2802 3390 mundi.
2831 3344 2892 3402 ιφ.
2919 3334 3074 3387 Deus
3111 3330 3186 3387 de
3241 3329 3384 3386 Sina.
3419 3330 3599 3396 venit,
3635 3337 3691 3384 et
3767 3327 3846 3385 de

2191 3429 2311 3484 Seir
2339 3433 2502 3482 ortus
2527 3431 2648 3479 est:
2690 3421 2869 3478 nobis
2900 3417 3178 3493 apparuit
3206 3416 3280 3473 de
3329 3425 3531 3478 monte
3577 3416 3842 3474 Pharan.

2189 3518 2250 3573 P.
2281 3513 2466 3582 Quasi
2505 3526 2776 3584 germen.
2815 3509 2876 3571 if.
2902 3508 3116 3575 Gloria,
3143 3514 3199 3563 et
3236 3505 3453 3563 honor.
3484 3507 3842 3564 Reiteretur.

2189 3617 2259 3676 Βι.
2299 3606 2632 3672 Cognoscat
2656 3598 2825 3670 plebs
2853 3612 3006 3652 mea.

2263 3706 2326 3760 Ri.
2349 3694 2494 3747 Ecce
2518 3688 2803 3745 Dominus
2832 3689 2982 3741 Deus
3003 3691 3202 3739 noster
3216 3683 3564 3756 {egredietur
3586 3683 3664 3740 ad
3702 3699 3840 3750 nos,

2191 3790 2245 3838 et
2275 3779 2640 3838 miserebitur
2666 3775 2869 3832 nobis.
2899 3773 3176 3829 P.Delens
3206 3772 3546 3844 iniquitates
3577 3782 3840 3845 nostras,

2191 3880 2246 3928 et
2275 3871 2579 3939 demerget
2608 3867 2669 3921 in
2699 3861 3068 3937 profundum
3093 3861 3280 3918 maris
3329 3862 3536 3918 omnia
3594 3872 3846 3934 peccata

2190 3966 2412 4016 nostra.
2445 3956 2508 4017 if.
2539 3953 2777 4011 Levabit
2807 3951 3127 4020 signumin
3152 3949 3497 4006 nationibus
3519 3950 3744 4022 procul,
3787 3958 3849 4006 et

2193 4047 2455 4104 sibilabit
2479 4045 2553 4100 de
2578 4043 2798 4098 ﬁnibus
2837 4047 3002 4095 terrae
3031 4056 3044 4104 ;
3075 4047 3130 4094 et
3187 4054 3323 4094 ecce
3352 4038 3639 4095 festinans
3687 4040 3849 4096 velo-

2193 4137 2332 4192 citer
2355 4134 2570 4191 veniet.
2591 4133 2649 4186 P.
2678 4129 2904 4185 Delens.
2947 4127 3007 4187 if.
3033 4127 3308 4193 Gloria,et
3336 4126 3548 4184 honor.
3587 4129 3850 4184 Βείιενε.

2195 4231 2316 4281 tur.
2352 4235 2420 4293 Βν.
2450 4225 2594 4276 Ecce
2625 4218 2912 4275 Dominus
2939 4218 3108 4271 Deus.

2266 4324 2329 4380 Br.
2359 4311 2498 4376 Quis
2515 4313 2602 4364 est
2627 4309 2731 4364 iste
2752 4306 3071 4371 formosus,
3104 4303 3256 4362 stola
3295 4319 3405 4360 sua
3431 4304 3714 4374 gradiens
3782 4306 3848 4361 in

2192 4397 2626 4457 multitudinem
2646 4391 3004 4450 fortitudinis
3034 4408 3156 4448 sua:
3184 4394 3211 4450 Ξ)
3234 4393 3292 4447 Ρ.
3310 4395 3453 4462 Ego,
3484 4387 3589 4464 qui
3629 4391 3850 4465 loquor

2186 4488 2495 4561 justitiam,
2531 4492 2586 4541 et
2609 4489 3019 4556 propugnator
3063 4497 3198 4536 sum
3228 4480 3308 4536 ad
3348 4479 3730 4538 salvandum.
3775 4481 3843 4542 ir.

2194 4581 2312 4646 Ego
2331 4578 2500 4631 Jesus
2528 4573 2690 4628 mitto
2721 4569 3011 4642 Angelum
3041 4585 3247 4626 meum
3303 4569 3614 4642 testiﬁcare
3648 4569 3846 4626 homi-

2190 4665 2387 4726 nibus,
2421 4670 2473 4718 et
2502 4675 2636 4717 ecce
2661 4659 2835 4714 venio
2887 4659 3020 4713 cito.
3056 4659 3118 4713 P.
3176 4661 3318 4728 Ego,
3352 4659 3457 4729 qui
3492 4657 3726 4730 loquor.
3775 4659 3842 4721 ὴ.

2191 4753 2405 4818 Gloria,
2434 4759 2490 4808 et
2506 4751 2716 4805 honor.
2737 4749 3087 4805 Reiteretur.
3117 4758 3181 4816 Ii.
3211 4748 3350 4814 Quis
3377 4752 3491 4805 est.

2263 4854 2326 4912 Βι.
2359 4841 2551 4905 Quare
2571 4837 2793 4905 tardas,
2833 4840 2987 4893 Deus
3016 4835 3042 4891 ?
3066 4835 3221 4902 veni,
3249 4843 3306 4892 et
3325 4833 3514 4892 libera
3543 4835 3847 4908 populum

2189 4937 2377 4985 tuum.
2415 4927 2473 4982 P.
2505 4929 2578 4981 Te
2614 4925 2775 4980 enim
2807 4929 3077 4995 expectat
3098 4923 3296 4978 omnis
3347 4923 3547 4979 Israel.
3579 4921 3640 4982 ἢ.
3673 4924 3847 4992 Veni,

2192 5016 2460 5079 Domine,
2494 5018 2552 5069 et
2570 5013 2693 5069 noli
2722 5012 2978 5080 tardare,
3005 5011 3206 5068 relaxa
3222 5010 3491 5067 facinora
3504 5010 3695 5082 plebis
3728 5019 3847 5067 tuas

2192 5107 2256 5164 P.
2277 5108 2351 5162 Te
2382 5103 2564 5159 enim.
2595 5103 2658 5163 διν.
2710 5101 2922 5172 Gloria,
2991 5108 3046 5156 et
3089 5099 3309 5157 honor.
3391 5101 3744 5158 Beiteretur.
3777 5111 3844 5168 Ra

2193 5197 2386 5260 Quare
2410 5192 2629 5249 tardas.

2262 5293 2307 5350 Br
2337 5281 2725 5348 Hierusalem,
2748 5279 2946 5334 laetare
2990 5275 3051 5332 in
3097 5275 3368 5332 Adventu
3396 5277 3650 5341 Domini,
3699 5293 3852 5350 quo-

2192 5368 2356 5424 niam
2381 5367 2506 5440 ipse
2525 5365 2722 5422 veniet
2745 5363 2944 5421 tibi.P.
2997 5365 3063 5418 Et
3102 5363 3328 5419 auferet
3371 5379 3408 5418 a
3438 5371 3487 5420 te
3508 5363 3723 5431 luctus,
3793 5372 3853 5420 et

2194 5454 2537 5520 anxietates,
2580 5461 2635 5509 et
2658 5452 2862 5508 induet
2892 5458 2944 5534 te
2967 5450 3402 5524 pulchritudine
3449 5451 3510 5508 in
3533 5452 3850 5509 Adventus

2193 5559 2322 5602 suo.
2363 5542 2424 5608 )7.
2451 5541 2832 5611 Hierusalem,
2889 5543 3174 5600 Dominus
3220 5540 3284 5598 in
3307 5539 3504 5602 medio
3525 5540 3614 5599 tui
3677 5540 3851 5600 fortis
