4118 6184
236 274 306 325 97
1378 257 1729 315 DOMINICA
1766 256 1811 312 V
1849 254 2222 315 ADVENTUS
2265 258 2542 316 DOMINI.
3594 266 3664 321 98

270 397 339 449 IN
400 390 670 458 QUINTO
713 386 1059 445 DOMINICO
1102 385 1194 439 DE
1235 385 1558 440 ADVENTU
1598 382 1865 440 DOMINI.
1936 380 1985 431 A
2020 384 2399 440 vocationem
2430 387 2703 441 nostram
2724 381 2797 438 de
2815 383 3017 438 monte
3048 386 3251 439 sancto
3271 399 3382 440 suo
3398 385 3668 457 placatus

860 475 958 532 Ad
1009 476 1301 546 Vesperos.

312 572 550 628 Lauda.
586 575 630 624 Α
664 568 805 624 solis
836 572 994 623 ortu.
1025 564 1253 621 Oratio.
1284 566 1459 627 Deus,
1491 562 1662 635 cujus
1688 576 1909 619 nomen

239 670 335 719 est
365 658 777 716 benedictum.
816 656 1022 722 Quaere
1044 656 1105 709 in
1126 654 1239 723 fol.
1280 657 1326 708 1.

321 752 502 806 Sono.
558 744 886 819 Apparebit
928 742 1104 798 nobis
1152 741 1440 805 Salvator,
1493 739 1666 812 quasi
1720 738 1912 795 nubes

248 840 443 895 clara.
476 839 533 891 P.
558 833 747 892 Media
773 832 910 897 die;
943 830 1199 887 alleluia.
1234 829 1276 890 ἡ*
1307 833 1373 885 Et
1408 830 1559 885 sicut
1586 833 1763 899 guttae
1794 827 1913 883 dis-

251 928 511 983 tillantes
558 925 617 980 in
651 922 869 979 faciem
916 926 1085 976 terra;
1131 918 1397 974 sitientis.
1436 919 1493 973 P.
1542 917 1727 974 Media
1773 917 1909 974 die:

250 1015 518 1071 alleluia.

327 1103 689 1173 Antiphone.
720 1097 924 1154 Silebit
950 1096 1148 1153 omnis
1189 1111 1329 1153 caro
1360 1112 1395 1151 a
1424 1094 1571 1150 facie
1624 1095 1741 1163 Dei,
1774 1094 1917 1166 quia

245 1194 428 1263 juxta
458 1198 546 1246 est
575 1207 587 1243 :
634 1189 763 1244 dies
788 1185 1020 1243 Domini
1051 1183 1413 1257 praeparabit
1439 1184 1610 1238 nobis
1635 1183 1912 1238 hostiam.

254 1283 321 1336 Ι).
355 1283 423 1335 Et
451 1276 841 1334 sanctiﬁcabit
869 1289 1077 1330 omnes
1099 1272 1314 1329 electos
1341 1288 1502 1328 suos.
1521 1272 1584 1334 ἣν.
1614 1275 1766 1327 Deus
1792 1287 1919 1326 ma-

257 1368 479 1426 nifeste
510 1366 721 1431 veniet,
781 1366 935 1420 Deus
974 1367 1197 1427 noster,
1259 1367 1314 1417 et
1343 1377 1465 1417 non
1505 1359 1717 1416 silebit.
1764 1361 1821 1415 P.
1856 1362 1916 1414 E.

252 1455 685 1514 sanetiticabit.
712 1454 772 1513 ἲν.
808 1451 1025 1517 Gloria,
1064 1456 1121 1507 et
1148 1451 1343 1507 honor
1370 1449 1539 1505 Patri.
1576 1450 1633 1502 P.
1667 1453 1723 1503 et
1750 1463 1917 1504 sanc-

250 1545 530 1602 tiﬁcabit.

331 1634 569 1691 Lauda.
605 1630 898 1688 Dominus
926 1630 1079 1685 sicut
1126 1627 1310 1691 fortis,
1344 1624 1695 1697 egredietur,
1751 1631 1826 1690 et,
1858 1626 1923 1680 ut

2021 471 2579 545 exaudiat,ejusque
2590 471 2924 528 benedictio
2940 476 3173 542 pectora
3195 475 3561 531 credentium
3587 494 3672 533 re-

2020 558 2201 631 pleat.
2236 561 2325 627 At,
2360 562 2747 618 sicutincerto
2771 565 3130 617 secretorum
3149 562 3455 633 sapientiae
3484 567 3675 623 mani-

2022 647 2267 717 festans,
2303 650 2380 705 ad
2412 666 2473 706 se
2500 650 2951 721 agnoscendum
2979 649 3162 705 corda
3191 654 3406 707 excitat
3434 660 3633 712 nostra
3660 674 3672 724 ;

2023 736 2104 791 ita
2133 737 2488 794 catholicam
2511 739 2745 811 plebem
2778 739 3009 795 alarum
3039 754 3282 794 suarum
3314 744 3676 811 protectione

2024 824 2336 895 defendat;
2372 828 2600 901 eisque,
2620 845 2755 884 cum
2774 828 2963 883 Judex
2986 826 3230 896 venerit,
3250 828 3464 885 existat
3483 831 3678 902 placa-

2026 913 2181 983 bilis,
2212 933 2314 987 pro
2341 918 2563 989 quibus
2598 917 2961 973 redimendis
2987 917 3045 971 in
3069 932 3245 973 carne
3271 922 3549 990 apparuit
3573 921 3680 977 liu-

2026 1003 2205 1059 milis.
2238 1006 2607 1074 Respondent
2652 1008 2893 1066 Chorus.
2928 1018 3134 1072 Amen.

2104 1093 2211 1148 Per
2242 1094 2727 1153 misericordiam.

2099 1182 2431 1252 Antiphona
2469 1189 2515 1237 1.
2552 1185 2864 1254 Dominus,
2899 1189 3049 1247 sicut
3072 1191 3260 1260 fortis,
3297 1196 3629 1266 egredietur
3659 1214 3677 1253 :

2028 1268 2177 1325 sicut
2198 1270 2286 1325 vir
2308 1271 2619 1341 praeliator,
2641 1276 2946 1334 suscitabit
2961 1280 3469 1348 zelum,uteducat
3488 1302 3678 1342 caecos

2027 1357 2088 1411 in
2117 1357 2231 1427 via,
2264 1375 2447 1430 quam
2477 1362 2767 1418 nesciunt.
2789 1365 2845 1419 P.
2868 1368 2933 1422 Et
2965 1375 3147 1440 ponet
3177 1372 3450 1429 tenebras
3469 1389 3679 1430 eorum

2027 1445 2088 1502 in
2119 1445 2265 1501 luce.
2296 1447 2355 1507 V.
2382 1448 2599 1505 Omnes
2626 1456 2849 1520 gentes,
2883 1455 3147 1526 plaudite
3176 1460 3457 1517 manibus
3485 1480 3497 1517 :
3522 1463 3682 1533 jubi-

2027 1533 2142 1591 late
2170 1538 2288 1592 Deo
2316 1537 2372 1592 in
2404 1554 2549 1596 voce
2578 1541 2975 1599 exultationis.
2996 1546 3057 1603 P.
3088 1550 3151 1604 Et
3169 1558 3350 1621 ponet
3389 1551 3683 1608 tenebras.

2030 1622 2092 1683 ll.
2128 1624 2343 1696 Gloria,
2372 1631 2429 1682 et
2457 1627 2651 1685 honor
2677 1630 2831 1687 Patri
2864 1633 2919 1686 P.
2951 1637 3016 1689 Et
3044 1642 3227 1707 ponet
3272 1639 3548 1696 tenebras
3596 1656 3691 1696 eo-

252 1725 347 1780 vir
376 1722 653 1792 bellator,
712 1718 1022 1776 suscitabit
1078 1717 1268 1773 zelum
1304 1733 1315 1771 :
1374 1713 1814 1780 vociferabitur,
1868 1718 1923 1771 et
1952 1724 1997 1779 Β
2033 1727 2189 1770 rum.

256 1811 556 1870 clamabit
588 1828 600 1865 :
633 1809 891 1866 alleluia.
924 1808 981 1861 P.
1013 1810 1078 1863 Et
1108 1822 1289 1879 super
1313 1805 1589 1861 inimicos
1619 1820 1759 1860 suos
1787 1819 1925 1860 con-

254 1901 604 1966 fortabitur,
629 1907 684 1955 et
712 1898 954 1955 laudem
985 1897 1113 1968 ejus
1143 1895 1204 1951 in
1244 1894 1454 1951 insulis
1485 1892 1868 1950 muntiabunt
1908 1910 1921 1949 :

259 1991 532 2058 alleluia,
560 1988 819 2046 alleluia.
851 1988 915 2047 v.
941 1985 1204 2043 Laudato
1232 2001 1457 2042 nomen
1493 1983 1729 2041 Domini
1756 2000 1769 2040 :
1801 1983 1927 2040 lau-

256 2083 430 2150 date,
462 2079 622 2135 servi
653 2077 909 2134 Domini.
962 2077 1018 2130 P.
1054 2079 1122 2132 Et
1150 2090 1347 2148 super.
1386 2074 1447 2135 ἰν.
1477 2073 1692 2137 Gloria,
1733 2077 1790 2130 et
1816 2072 1926 2130 ho-

256 2187 377 2229 nor
419 2171 477 2225 P.
512 2172 581 2224 Et
610 2182 794 2239 super
821 2166 1116 2222 inimicos.

343 2260 650 2329 Hymnus.
682 2254 896 2312 Christi
945 2258 1186 2310 caterva
1234 2251 1514 2321 clamitet,
1545 2251 1926 2322 Supplicatio.

262 2352 527 2408 Oremus
546 2346 1005 2417 Redemptorem
1033 2343 1265 2412 mundi,
1288 2341 1608 2400 Dominum
1636 2345 1926 2399 nostrum.

267 2440 537 2511 Require
564 2436 670 2507 fol.
706 2439 758 2490 2.

347 2528 657 2598 Capitula.
707 2524 931 2582 Christe
979 2523 1081 2579 Dei
1139 2522 1334 2587 Filius,
1386 2521 1491 2592 qui
1542 2522 1773 2577 aPatre
1805 2519 1934 2577 sine

269 2625 548 2688 tempore
561 2618 762 2683 natus,
780 2628 887 2684 per
898 2612 1196 2682 Virginem
1213 2612 1273 2666 in
1293 2615 1555 2682 tempore
1574 2608 1930 2673 nasciturus,

273 2724 309 2763 a
338 2705 535 2762 Patris
552 2704 711 2770 sinu,
736 2703 888 2759 sicut
911 2701 1100 2767 fortis,
1129 2699 1463 2771 egrederis;
1489 2697 1655 2754 efﬁce
1680 2713 1791 2754 nos
1821 2697 1930 2753 for-

272 2799 453 2853 tiores
487 2808 726 2864 semper
738 2791 938 2847 essein
961 2789 1238 2863 operibus
1254 2789 1368 2845 tuis
1387 2807 1398 2840 :
1417 2792 1498 2857 ut,
1520 2787 1624 2859 qui
1640 2786 1933 2842 suscitasti

272 2885 467 2941 zelum
487 2881 717 2938 virtutis
741 2889 855 2936 tuae
876 2880 936 2935 in
954 2878 1194 2951 populis
1217 2878 1446 2935 tibimet
1469 2876 1934 2941 credituris,sus-

275 2974 420 3030 cites
444 2973 508 3028 in
541 2970 717 3026 nobis
766 2985 1083 3041 nunquam
1130 2967 1466 3024 ﬁniendum
1507 2982 1775 3023 amorem
1819 2970 1933 3021 tuae

2110 1799 2334 1859 Oratio.
2368 1803 2615 1860 Domine
2637 1805 2790 1863 Deus
2812 1808 2997 1879 fortis,
3023 1812 3129 1884 qui
3149 1812 3223 1869 de
3246 1816 3437 1886 patrio
3461 1822 3685 1874 secreto

2036 1888 2367 1961 egrediens,
2401 1897 2477 1960 et,
2504 1897 2569 1949 ut
2584 1895 2673 1950 vir
2692 1896 3006 1967 praeliator,
3033 1902 3331 1959 suscitans
3353 1910 3557 1974 gentes
3579 1905 3687 1962 tibi

2038 1977 2363 2067 credituras
2395 1983 2684 2054 acquiris;
2717 1987 2937 2044 suscita
2958 1989 3018 2045 in
3042 2005 3151 2046 nos
3184 1991 3374 2048 zelum
3407 1993 3688 2067 benepla-

2039 2065 2221 2122 citum
2251 2067 2357 2124 tibi
2395 2086 2407 2123 :
2442 2075 2525 2137 ut,
2563 2072 2668 2145 qui
2701 2079 2755 2130 te
2786 2076 3013 2133 venisse
3056 2077 3184 2149 jam
3229 2082 3547 2149 credimus,
3567 2065 3689 2142 fau-

2039 2155 2275 2212 dentius
2302 2163 2355 2213 te
2379 2158 2593 2217 iterum
2620 2168 2938 2222 venturum
2976 2166 3217 2225 innocui
3243 2174 3677 2243 praestolemur.

2113 2249 2481 2315 Respondeat
2513 2251 2769 2309 Chorus.
2801 2257 3010 2314 Amen.

2114 2339 2217 2393 Per
2245 2338 2716 2399 misericordiam
2740 2348 2923 2417 tuam,
2960 2351 3112 2405 Deus
3150 2355 3374 2409 noster.

2112 2428 2466 2497 Antiphona
2486 2435 2538 2485 2.
2561 2431 2739 2489 Juxta
2767 2440 2853 2490 est
2859 2436 2880 2507 j
2892 2438 3083 2495 ustitia
3101 2456 3237 2497 mea
3261 2457 3411 2499 :non
3433 2441 3693 2501 morabi—

2046 2520 2138 2571 tur
2158 2516 2303 2574 dicit
2329 2519 2639 2577 Dominus.
2673 2522 2729 2579 P.
2760 2524 2926 2582 Dabo
2943 2542 3078 2584 eam
3103 2529 3356 2588 salutem
3372 2531 3434 2589 in
3453 2534 3611 2602 Sion,
3639 2539 3694 2591 et

2046 2619 2269 2675 ponam
2301 2608 2587 2678 gaudium
2613 2613 2896 2669 omnibus
2936 2615 3276 2686 lugentibus
3305 2622 3367 2676 in
3394 2623 3595 2679 Israel.
3630 2623 3691 2683 ἵ.

2046 2694 2258 2783 Audite
2283 2694 2428 2762 haec,
2456 2713 2665 2754 omnes
2697 2706 2900 2769 gentes
2933 2720 2947 2759 :
2980 2702 3228 2762 auribus
3256 2710 3559 2781 percipite,
3593 2712 3697 2783 qui

2041 2781 2324 2839 habitatis
2353 2785 2584 2842 orbem.
2603 2786 2663 2847 ἓν.
2690 2789 2854 2845 Dabo
2885 2807 3041 2848 eum.
3066 2792 3129 2853 Ψ.
3162 2796 3375 2860 Gloria,
3418 2803 3473 2854 et
3502 2781 3697 2855 bon—or

2043 2871 2216 2927 Patri.
2248 2871 2310 2933 ἲν.
2343 2873 2409 2929 Et
2434 2888 2659 2945 ponam
2690 2877 2999 2946 gaudium.

2116 2961 2342 3018 Oratio.
2374 2962 2599 3019 Christe
2623 2964 2793 3032 Deus,
2815 2968 3105 3039 sapientia
3118 2974 3338 3029 summi
3356 2975 3695 3042 Patris,Ver-

278 3060 642 3129 dilectionis,
674 3075 797 3131 quo
826 3058 1236 3131 perducamur
1264 3057 1342 3114 ad
1367 3055 1662 3129 promissa
1691 3060 1807 3112 tua;
1834 3055 1932 3112 he-
1964 3070 2006 3127 (ς
2040 3048 2209 3118 bum,
2238 3051 2340 3123 qui
2361 3051 3217 3116 aadiﬁcastibimundissimam
3235 3062 3485 3120 domum
3499 3066 3692 3123 Marias

263 3151 566 3209 reditatis.

346 3242 525 3297 Pater
545 3246 764 3295 noster.
800 3236 1055 3293 Liberati
1084 3254 1121 3293 a
1149 3235 1333 3293 malo.
1365 3238 1630 3308 Require
1660 3237 1775 3307 fol.
1807 3240 1863 3291 2.

342 3329 799 3386 Benedictio.Ex
819 3326 959 3383 Sion
975 3326 1261 3382 Dominus
1273 3326 1519 3381 veniens
1533 3341 1642 3381 nos
1656 3325 1732 3381 ab
1745 3324 1936 3382 omni-

266 3420 393 3476 bus
420 3415 829 3490 impietatibus
841 3414 1061 3470 nostris
1076 3413 1302 3486 eripiat.
1318 3414 1703 3485 Respondeat.
1723 3414 1934 3469 Amen.

265 3512 518 3564 Avertat
545 3522 583 3562 a
603 3504 783 3561 nobis
803 3503 1144 3575 iniquitates
1169 3507 1429 3569 nostras,
1476 3503 1581 3575 qui
1608 3504 1769 3560 venit
1796 3519 1939 3575 pro-

274 3612 497 3667 rogare
528 3591 973 3650 misericordias
999 3608 1158 3648 suas.
1192 3592 1573 3661 Respondeat.
1608 3600 1813 3648 Amen.
1836 3594 1940 3649 Ta-

276 3686 370 3742 les
401 3685 586 3741 etiam
612 3698 725 3738 nos
752 3680 1136 3737 redimendos
1162 3684 1403 3747 statuat,
1435 3680 1644 3753 quales
1667 3680 1941 3751 judican-

276 3774 362 3829 do
393 3788 514 3829 non
546 3770 781 3845 puniat.
816 3769 1199 3839 Respondeat.
1227 3774 1449 3841 .Amen.

356 3862 466 3919 Per
494 3858 971 3918 misericordiam
999 3859 1187 3931 ipsius
1212 3858 1313 3915 Dei
1342 3859 1546 3915 nostri.

357 3952 595 4008 Lauda.
634 3952 926 4007 Memento
952 3949 1159 4021 nostri,
1190 3948 1456 4013 Domine,
1488 3947 1549 4002 in
1569 3946 1942 4020 beneplacito

278 4042 403 4113 33
432 4039 647 4113 populi
670 4037 754 4094 tui
797 4057 810 4094 :
857 4037 1110 4094 alleluia.
1164 4038 1223 4091 P.
1264 4037 1443 4093 Visita
1492 4051 1619 4100 nos,
1656 4039 1831 4102 Deus,
1882 4036 1945 4092 in

275 4131 477 4187 salute
506 4134 611 4186 tua
639 4146 652 4183 :
685 4126 948 4193 alleluia,
1001 4125 1259 4192 alleluia,
1302 4124 1559 4182 alleluia.
1586 4123 1630 4185 ἲν
1660 4127 1732 4181 Ut
1765 4125 1946 4182 conﬁ-

274 4226 523 4277 teamur
539 4217 770 4275 nomini
786 4223 991 4273 sancto
1009 4220 1193 4281 tuo,et
1209 4216 1532 4287 gloriemur
1544 4214 1799 4272 inlaude
1820 4218 1940 4273 tua.

274 4311 347 4366 P.
409 4307 585 4363 Visita
612 4322 746 4373 nos,
780 4308 956 4362 Deus.
1005 4304 1064 4365 v.
1097 4305 1294 4363 Gloria
1350 4308 1406 4362 et
1446 4304 1641 4362 honor
1678 4302 1856 4363 Patri.
1883 4306 1942 4361 P.

278 4397 469 4454 Visita
499 4412 635 4464 nos,
668 4399 846 4453 Deus.

360 4486 585 4544 Oratio.
600 4484 851 4541 Domine
878 4486 1032 4541 Deus
1052 4482 1240 4550 fortis,
1263 4482 1366 4556 qui
1383 4482 1457 4540 de
1469 4483 1681 4556 patrio,
1696 4488 1761 4540 ut
1776 4483 1944 4555 infra

851 4572 949 4627 Ad
986 4571 1375 4628 Matutinum.

356 4664 903 4734 HymnusJEterne
926 4677 1129 4717 rerum
1155 4660 1452 4717 Conditor.
1476 4661 1732 4733 Require
1758 4661 1868 4730 fol.
1894 4665 1946 4719 3.

291 4753 517 4809 Oratio.
554 4753 689 4807 Post
718 4749 1011 4820 gallorum
1062 4765 1373 4806 canorum.
1428 4748 1683 4821 Require
1715 4750 1826 4819 fol.
1858 4753 1948 4805 2t.

359 4843 568 4911 Super
606 4841 899 4896 Psalmos.
918 4840 1292 4908 Antiphona.
1317 4838 1551 4895 Domini
1576 4842 1664 4895 est
1683 4838 1845 4895 salus
1865 4856 1877 4893 :
1897 4842 1954 4896 et

290 4946 481 5004 super
506 4928 807 5002 populum
829 4935 998 4985 tuum
1026 4927 1361 4985 benedictio
1400 4931 1520 4985 tua.
1566 4928 1846 4984 Psalmus
1869 4944 1948 4985 ιιι.

361 5020 739 5089 Antiphone.
774 5022 998 5075 Incerta
1026 5022 1083 5075 et
1102 5016 1334 5075 occulta
1364 5017 1669 5090 sapientiae
1691 5022 1807 5074 tua:
1827 5034 1953 5077 ma-

290 5108 599 5166 nifestasti
624 5107 793 5164 mihi.
821 5108 1096 5166 Psalmus
1122 5125 1172 5164 L.

368 5197 739 5268 Antiphona.
770 5199 832 5252 In
863 5196 1083 5254 umbra
1106 5196 1339 5254 alarum
1381 5199 1620 5252 tuarum
1670 5194 1949 5268 sperabo.

296 5286 489 5343 donec
519 5291 786 5343 transeat
811 5287 1111 5359 iniquitas.

372 5375 599 5432 Oratio.
643 5374 903 5431 Verbum
936 5380 1073 5431 ante
1117 5374 1336 5432 saecula
1373 5373 1740 5433 ineffabiliter
1768 5374 1952 5432 Patris

290 5480 397 5521 ore
422 5465 753 5536 prolatum,
773 5468 829 5521 et
844 5465 903 5520 in
919 5464 1037 5521 ﬁne
1053 5470 1389 5537 temporum
1403 5464 1712 5522 hominem
1728 5478 1838 5536 pro
1849 5479 1955 5521 no-

291 5554 386 5610 bis
410 5568 484 5611 ex
512 5552 759 5623 Virgine
785 5557 984 5612 ortum
1003 5553 1218 5612 humili
1237 5568 1413 5626 prece
1435 5555 1846 5627 poscamus,ut
1861 5551 1952 5611 in-

2045 3138 2295 3209 Virginis
2327 3144 2583 3210 uterum,
2610 3142 2667 3197 in
2697 3160 2817 3217 qua
2836 3145 2963 3218 ipse
2991 3148 3243 3207 celestis
3262 3152 3497 3224 justitia
3519 3170 3692 3227 pros-

2042 3228 2211 3301 picis,
2234 3234 2290 3285 et
2318 3230 2393 3285 de
2414 3247 2539 3302 qua
2567 3232 2824 3290 fructum
2844 3234 3229 3307 benignitatis
3251 3246 3367 3298 tua;
3388 3243 3687 3315 producis,

2045 3317 2192 3373 dum
2226 3318 2286 3374 in
2316 3334 2388 3374 ea
2418 3318 2649 3391 absque
2678 3327 2837 3378 veste
2864 3339 3151 3396 corporea
3173 3330 3324 3384 Deus
3349 3330 3688 3401 ingrederis,

2045 3412 2101 3463 et
2119 3407 2194 3462 de
2209 3422 2333 3479 qua
2354 3408 2598 3465 vestitus
2624 3425 2799 3466 carne
2822 3414 3089 3482 procedis
3109 3430 3121 3477 ;
3138 3420 3353 3486 praesta
3365 3417 3537 3472 nobis
3553 3434 3690 3491 sup-

2045 3494 2303 3567 plicibus
2335 3496 2470 3563 tuis,
2495 3501 2560 3553 ut
2584 3497 2983 3555 sanctiﬁcatos
3004 3515 3115 3557 nos
3138 3502 3251 3558 sibi
3278 3503 3340 3559 in
3363 3504 3547 3562 domo
3564 3506 3689 3562 efﬁ-

2048 3584 2193 3653 cias,
2215 3586 2288 3641 de
2313 3601 2456 3657 qua,
2479 3590 2544 3642 ut
2567 3602 2823 3657 sponsus
2844 3588 3454 3664 procedens,operum
3465 3599 3693 3653 nostro-

2047 3689 2181 3729 rum
2215 3672 2501 3743 dignitate
2536 3674 2943 3732 circumfultus
2991 3683 3691 3754 appareas.Respondeat

2050 3762 2289 3819 Chorus.
2319 3763 2527 3819 Amen.

2120 3852 2224 3907 Per
2261 3851 2733 3908 misericordiam
2765 3858 2950 3923 tuam,
2979 3859 3150 3914 Deus.

2122 3940 2470 4009 Antiphona
2485 3943 2663 4011 3.Ego
2687 3944 2972 4000 Dominus
2987 3946 3213 4017 primus
3224 3952 3653 4010 etnovissimus
3678 3971 3691 4010 :

2050 4028 2344 4085 videbunt
2372 4029 2604 4101 insulae,
2628 4034 2685 4087 et
2716 4032 2996 4090 timebunt
3023 4037 3214 4094 me.P.
3231 4040 3504 4099 Extrema
3525 4047 3694 4099 terrae

2052 4123 2413 4190 cognoscent
2444 4135 2460 4175 :
2494 4121 2815 4188 etvenient,
2849 4126 3607 4199 appropinquabuntmihi.
3631 4133 3693 4193 V.

2053 4210 2174 4278 Ego
2204 4211 2405 4263 autem
2456 4209 2807 4266 constitutus
2843 4228 2978 4269 sum
3006 4230 3110 4271 rex
3141 4216 3219 4273 ab
3247 4233 3318 4274 eo
3348 4236 3529 4292 super
3560 4221 3699 4278 Sion

2052 4302 2320 4354 montem
2351 4303 2621 4354 sanctum
2643 4301 2771 4370 ejus
2793 4303 3125 4373 praedicans
3149 4314 3517 4382 praeceptum
3547 4312 3696 4382 ejus.

2051 4387 2109 4441 P.
2144 4389 2419 4443 Extrema
2449 4393 2614 4444 terrae
2645 4399 3028 4461 cognoscent.
3056 4395 3115 4455 V.
3159 4397 3376 4469 Gloria,
3409 4404 3466 4455 et
3507 4401 3701 4458 honor

2053 4475 2225 4543 Patri,
2266 4481 2322 4532 et
2351 4476 2516 4533 Filio.
2556 4478 2613 4533 P.
2657 4481 2927 4537 Extrema
2951 4486 3118 4540 terrae
3139 4494 3518 4557 cognoscent.

2131 4566 2353 4622 Oratio.
2382 4568 2535 4622 Deus
2568 4568 2666 4623 Dei
2683 4568 2985 4642 Filius,qui
3015 4575 3245 4644 primus
3263 4581 3319 4631 et
3341 4577 3699 4633 novissimus

2059 4656 2264 4713 omnia
2289 4661 2393 4713 ate
2419 4658 2783 4715 creatainfra
2797 4664 2849 4714 te
2866 4661 3191 4731 concludis,
3217 4681 3325 4721 nec
3348 4672 3546 4722 tamen
3568 4666 3700 4739 ipse

2059 4745 2467 4813 concluderis;
2498 4762 2681 4819 quem
2711 4751 2972 4806 extrema
3011 4756 3177 4808 terras
3202 4769 3307 4826 per
3341 4754 3701 4814 incarnatio-

2060 4835 2154 4891 nis
2196 4838 2310 4891 tuee
2340 4834 2697 4907 mysterium
2727 4845 3115 4911 agnoverunt,
3146 4842 3292 4898 dum
3323 4849 3428 4900 ate
3446 4844 3706 4905 ﬁdeivo-

2059 4925 2290 4981 catione
2318 4929 2674 4998 pertractata
2700 4931 2869 4997 sunt;
2894 4927 2974 4985 da
2988 4929 3182 4999 nobis,
3203 4936 3268 4988 ut
3279 4935 3581 5004 agnitione
3601 4938 3705 4993 hu-

2054 5015 2153 5086 jus
2181 5013 2319 5069 ﬁdei
2352 5014 2664 5070 sanctaaita
2688 5014 2749 5071 in
2780 5019 2834 5072 te
2858 5017 3441 5081 radicemuretcultu
3467 5026 3702 5097 justitioe

2061 5106 2117 5158 et
2144 5118 2395 5173 operum
2420 5102 2726 5173 dignitate,
2760 5110 2823 5161 ut
2846 5122 2917 5161 ex
2932 5106 3343 5168 hocaaternam
3370 5128 3706 5169 mereamur

2060 5191 2370 5262 pervenire
2399 5189 2474 5246 ad
2496 5192 2782 5264 requiem.
2813 5196 3181 5265 Respondeat
3214 5200 3459 5257 Chorus.
3492 5202 3701 5256 Amen.

2136 5280 2245 5335 Per
2274 5279 2742 5338 misericordiam
2786 5288 2966 5350 tuam,
3002 5289 3175 5343 Deus.

2136 5380 2204 5439 Bt.
2242 5368 2579 5426 Bethlehem
2625 5370 2831 5430 civitas
2864 5374 2966 5430 Dei
3012 5377 3252 5442 summi,
3282 5381 3335 5431 et
3366 5378 3417 5430 te
3473 5373 3704 5445 prodiet

2064 5458 2408 5516 dominator
2430 5460 2628 5519 Israel.
2646 5462 2711 5517 P.
2748 5465 2812 5521 Et
2828 5479 3100 5534 egressus
3116 5463 3290 5526 illius,
3308 5462 3458 5517 sicut
3482 5478 3519 5519 a
3537 5463 3706 5535 prin-

2042 5548 2220 5623 .cipio
2249 5548 2479 5609 dierum
2503 5550 2863 5619 aeternitatis,
2886 5557 2942 5611 et
2964 5567 3082 5623 pax
3097 5550 3203 5608 erit
3223 5550 3283 5607 in
3306 5553 3460 5611 terra
3478 5558 3703 5623 nostra,
