4118 6184
451 298 522 365 99
1714 275 2168 352 BREVIARIUM
2209 289 2600 352 GOTHICUM.

3752 283 3852 346 100

450 432 596 488 dum
623 427 873 486 venerit.
894 426 958 486 r.
975 427 1058 483 Tu
1080 424 1416 482 Bethlehem
1443 422 1766 496 Euphrata,
1792 416 2092 490 numquid
2124 417 2171 475 A
2200 417 3024 487 ibiliberaberis,ibiredimet
3056 418 3108 472 te
3142 414 3429 472 Dominus
3454 413 3524 469 de
3547 415 3865 471 manuini-

445 518 699 593 parvula
728 518 884 574 facta
905 516 1040 571 esin
1063 515 1325 570 millibus
1351 513 1546 569 Juda?
1568 528 1640 567 ex
1666 517 1718 567 te
1745 509 1903 566 enim
1930 523 2093 593 egre:

443 586 636 664 dietur
659 623 776 670 rex,
807 605 913 678 qui
949 609 1115 674 regat
1144 603 1435 676 populum
1463 617 1666 658 meum
1696 598 1891 655 lsrael.
1934 598 1992 652 P.
2027 586 2093 652 Εί

443 712 718 766 egressus
749 695 923 750 illius.
958 692 1018 754 ἵ.
1053 693 1246 749 Gloria
1275 696 1331 747 et
1379 691 1572 747 honor
1601 688 1774 755 Patri,
1817 691 1874 743 et
1913 685 2078 742 Filio.

444 785 777 840 Reiteretur
799 794 862 850 11-.
899 780 1239 836 Bethlehem
1270 779 1476 834 civitas
1507 777 1630 832 Dei.

517 873 738 928 Oratio.
776 870 995 927 Christe
1025 871 1178 924 Deus
1194 867 1370 922 Filius
1399 865 1580 922 Patris
1607 865 1709 920 Dei
1733 862 1974 930 summi,
2001 861 2089 916 in-

443 959 806 1016 carnationis
833 964 948 1013 tum
980 957 1190 1012 urbem
1214 970 1548 1020 consecras,
1567 953 1710 1008 dum
1735 956 1788 1008 te
1810 967 1882 1006 ex
1906 966 1978 1006 ea
1992 965 2086 1004 ve-

442 1065 577 1104 rum
607 1048 1045 1103 dominatorem
1067 1043 1242 1100 Israel
1257 1037 2088 1107 nascituruminsinuas,etin-

443 1137 714 1192 auditum
741 1151 776 1190 a
801 1133 1031 1188 saeculis
1061 1133 1121 1187 in
1153 1148 1223 1187 ea
1253 1128 1680 1186 incarnationis
1701 1132 1815 1182 tua=
1840 1126 2088 1181 miracu-

442 1225 567 1280 lum
595 1221 942 1278 manifestas
961 1238 973 1275 :
994 1221 1142 1274 Dum
1165 1218 1319 1274 intra
1337 1216 1606 1288 ejusdem
1623 1215 1783 1271 urbis
1800 1213 2090 1270 Bethlehe-

444 1311 660 1368 miticaa
690 1314 857 1382 septa
869 1308 1210 1379 genitricem
1232 1307 1478 1362 Mariam
1496 1310 1552 1362 et
1567 1309 1838 1360 materno
1862 1304 2090 1359 honore

443 1399 763 1470 gloriﬁcas,
822 1398 995 1469 cujus
1030 1401 1268 1472 uterum
1302 1411 1410 1451 nec
1463 1393 1803 1464 ingrediens
1836 1407 2088 1458 reseras,

439 1503 551 1542 nec
602 1485 912 1556 egrediens
950 1483 1154 1552 volas;
1205 1499 1576 1554 quaesumus,
1639 1480 1756 1552 34
1808 1484 1871 1536 ut
1915 1494 2090 1552 pene-

441 1574 610 1631 tralia
640 1579 861 1630 nostrte
874 1573 1091 1630 anima:
1104 1573 1300 1628 sictuo
1326 1570 1643 1644 perlustres
1657 1568 2089 1640 candore,qua-

439 1665 612 1718 tenus
641 1662 925 1732 suffragio
940 1661 1147 1717 matris
1161 1665 1270 1716 tuae
1283 1675 1320 1716 a
1348 1657 1687 1731 serpentina
1700 1657 2089 1729 persuasione

2199 506 2494 563 micorum
2518 513 2776 564 tuorum.
2810 506 3169 576 Respondeat
3217 505 3471 560 Chorus.
3502 509 3714 559 Amen.

2272 596 2570 664 Hymnus.
2587 599 2948 653 Cunctorum
2961 610 3064 650 rex
3075 591 3858 664 omnipotens.Supplicatio

2201 684 2448 739 Oremus
2466 685 2923 757 Redemptorem
2935 682 3165 738 mundi.
3183 681 3427 753 Require
3443 683 3503 736 in
3518 681 3721 750 primo
3750 683 3863 738 Do-

2195 771 2416 828 minico
2435 771 2498 827 de
2526 772 2800 829 Adventu
2826 772 3082 828 Domini.
3115 772 3229 841 fol.
3258 773 3312 823 2.

2268 860 2573 930 Capitula.
2603 861 2846 917 Domine
2866 863 3002 917 Jesu
3014 861 3261 928 Christe,
3284 873 3462 931 quem
3485 857 3722 915 venisse
3738 874 3860 915 cre-

2193 947 2465 1004 dimusin
2479 950 2674 1006 carnis
2687 949 3008 1021 abjectione
3022 947 3307 1004 humilem
3319 949 3602 1002 mundum
3615 963 3854 1019 pereun-

2195 1040 2311 1090 tem
2331 1039 2586 1094 rdimere
2610 1053 2940 1109 ;quemque
2958 1037 3168 1092 iterum
3208 1035 3628 1108 praestolamur
3670 1036 3732 1090 in
3753 1052 3855 1108 po-

2193 1124 2377 1180 tentia
2390 1126 2628 1182 Deitatis
2641 1132 2978 1192 venturum,
2999 1123 3284 1180 saeculum
3307 1123 3664 1196 delinquens
3694 1126 3854 1180 terri-

2195 1210 2413 1284 biliterj
2426 1213 3048 1281 udicare;immensam
3061 1213 3340 1285 pietatem
3353 1217 3520 1267 tuam
3537 1217 3853 1268 trementes

2197 1300 2520 1357 famultitui
2539 1317 2902 1374 quaesumus,
2937 1306 3018 1366 ut,
3060 1299 3201 1356 dum
3219 1300 3468 1366 veneris,
3497 1300 3703 1355 nonde
3725 1316 3852 1372 pec-

2198 1395 2330 1446 cato
2343 1406 2455 1446 nos
2469 1406 2708 1462 arguas,
2737 1392 2837 1446 sed
2854 1389 3138 1446 ineﬂabili
3151 1389 3514 1460 benignitate
3527 1403 3811 1444 succuras
3837 1424 3849 1461 ε

2197 1485 2253 1537 et
2281 1479 2377 1536 hic
2401 1479 2602 1552 potius
2619 1479 2972 1536 humilitatis
2994 1483 3214 1535 nostrae
3239 1477 3680 1534 confessionem
3701 1479 3852 1534 acci-

2194 1570 2346 1642 pias,
2373 1573 2436 1624 ut
2463 1569 2579 1624 illic
2611 1574 2668 1625 et
2688 1569 2954 1625 facinora
2977 1573 3184 1624 nostra
3209 1568 3494 1623 universa
3515 1566 3851 1636 indulgeas,

2196 1663 2252 1715 et
2282 1659 2344 1714 in
2365 1659 2620 1714 dexterae
2653 1663 2769 1714 tuae
2806 1663 3036 1730 partem
3065 1657 3446 1713 coronandos
3486 1661 3734 1712 statuas.

440 1750 675 1817 servati,
699 1750 1089 1820 virginitatem
1116 1748 1330 1804 mentis
1351 1747 1724 1804 obtineamus
1745 1745 1930 1802 illaesi.
1955 1746 2090 1802 Res-
2122 1759 2166 1817 Β
2265 1751 2433 1804 Pater
2460 1752 2684 1804 noster.
2720 1745 2972 1804 Liberati
3003 1762 3039 1802 a
3069 1745 3247 1811 malo,
3282 1745 3532 1816 Require
3547 1746 3655 1813 fol.
3688 1748 3739 1799 2.

435 1839 694 1908 pondeat
727 1837 970 1894 Chorus.
999 1841 1209 1893 Amen.

510 1929 616 1983 Per
647 1926 1111 1983 misericordiam
1150 1930 1337 1994 tuam,
1368 1926 1543 1980 Deus.

1043 2032 1112 2087 In
1156 2031 1482 2088 Laudibus.

509 2140 608 2196 Ad
634 2140 965 2198 Canticum.
992 2138 1362 2208 Antiphona.
1389 2139 1541 2194 Deus
1566 2152 1603 2194 a
1626 2135 1849 2192 Libano
1868 2135 2084 2196 veniet.

439 2229 770 2286 Canticum.
794 2228 1042 2284 Domine
1063 2227 1262 2284 audivi
1278 2226 1569 2287 auditum.
1588 2226 1838 2298 Require
1858 2225 1966 2294 fol.
1995 2227 2081 2278 22.

506 2319 606 2374 Ad
637 2318 1004 2374 Benedictus.
1037 2317 1406 2387 Antiphona.
1439 2314 1792 2372 Benedictus
1817 2329 1898 2378 es,
1930 2313 2086 2368 Deus

437 2410 510 2464 P.
535 2407 865 2463 Benedicite
897 2405 1236 2462 Dominum.
1265 2405 1572 2464 Canticum
1591 2403 1876 2460 Danielz's.
1897 2403 2085 2457 ui.Be-

437 2496 708 2554 nedictus
735 2511 818 2562 es,
862 2496 1109 2552 Domine
1143 2497 1295 2550 Deus
1317 2498 1554 2567 patrum
1585 2497 1948 2549 nostrorum.
1981 2492 2086 2548 Re-

434 2587 606 2658 quire
629 2586 742 2656 fol.
776 2588 827 2640 6.
861 2585 1038 2641 Sono.
1071 2583 1396 2656 Apparebit
1432 2581 1606 2638 nobis
1640 2581 1924 2638 Salvator.
1972 2581 2083 2636 Re-

434 2675 608 2747 quz‘re
631 2673 744 2744 fol.
779 2677 865 2729 32.
890 2673 1114 2728 Lauda.
1143 2672 1404 2728 Laudate
1431 2670 1750 2726 Dominum
1776 2670 1850 2726 de
1877 2667 2042 2725 caelis
2067 2683 2080 2723 :

432 2762 686 2819 alleluia.
722 2761 976 2833 Require
991 2761 1103 2830 fol.
1126 2764 1215 2816 23.
1248 2760 1527 2816 Psalmus
1558 2775 1778 2815 CXLVIII.

587 2879 787 2935 Lectio
825 2877 966 2933 libri
994 2877 1236 2934 Michew
1265 2875 1588 2945 Propheta?
1620 2875 1786 2946 (Cap.
1818 2874 1922 2945 iv).

503 3003 568 3062 ἢ.
599 2995 719 3048 Deo
745 2991 985 3061 gratias.

2263 1837 2495 1893 Lauda.
2528 1839 2818 1893 Memento
2847 1835 3054 1902 nostri,
3090 1834 3358 1897 Domine,
3386 1834 3447 1889 in
3471 1832 3852 1905 beneplacito

2193 1925 2402 1998 populi
2430 1925 2552 1982 tui:
2587 1924 2844 1983 alleluia.
2871 1925 2929 1979 P.
2976 1923 3159 1980 Visita
3185 1939 3318 1989 nos,
3352 1924 3528 1986 Deus,
3552 1923 3612 1977 in
3659 1921 3850 1978 salute

2193 2017 2296 2069 tua
2328 2013 2624 2081 :alleluia,
2655 2013 2914 2081 alleluia,
2957 2011 3211 2068 alleluia.
3253 2011 3315 2070 ἲν.
3349 2013 3416 2066 Ut
3454 2010 3852 2066 conﬁteamur

2193 2103 2423 2158 nomini
2441 2107 2659 2158 sancto
2680 2107 2802 2167 tuo,
2831 2106 2888 2158 et
2909 2099 3504 2171 gloriemurinlaude
3538 2103 3661 2154 tua.
3688 2099 3850 2154 P.Vi-

2195 2191 2307 2247 sita
2338 2207 2471 2262 nos,
2506 2194 2682 2246 Deus.
2714 2190 2774 2249 ι).
2809 2190 3024 2256 Gloria,
3058 2194 3114 2245 et
3165 2189 3359 2245 honor
3388 2188 3560 2256 Patri,
3589 2193 3645 2243 et
3681 2187 3848 2253 Filio,

2193 2284 2250 2335 et
2277 2280 2515 2351 Spiritui
2541 2280 2774 2335 Sancto.
2802 2279 2866 2335 P.
2898 2278 3074 2334 Visita
3099 2293 3228 2344 nos,
3261 2279 3436 2343 Deus,
3461 2276 3523 2330 in
3552 2275 3763 2331 salute.

2264 2368 2624 2424 Benedictio.
2657 2369 2740 2422 Ex
2757 2367 2901 2423 Sion
2922 2365 3210 2422 Dominus
3225 2366 3468 2420 veniens
3496 2378 3608 2419 nos
3627 2363 3706 2419 ab
3722 2378 3852 2419 om-

2193 2455 2372 2512 nibus
2395 2455 2798 2528 impietatibus
2828 2455 3044 2512 nostris
3071 2453 3669 2525 eripiat.Respondeat
3695 2452 3854 2510 Cho-

2192 2559 2314 2599 rus.
2340 2547 2549 2599 Amen.

2265 2634 2370 2689 Per
2387 2631 2864 2689 misericordiam
2889 2632 3080 2704 ipsius
3107 2631 3210 2688 Del
3231 2631 3439 2688 nostri.
3465 2630 3753 2687 Dominus
3774 2630 3856 2686 sit

2193 2737 2461 2793 semper.

2266 2815 2328 2866 In
2342 2810 2586 2867 nomine
2605 2810 2842 2868 Domini
2856 2810 3043 2867 nostri
3057 2810 3087 2865 J
3093 2825 3200 2866 esu
3225 2809 3434 2867 Christi
3463 2809 3852 2882 perﬁciamus

2192 2916 2331 2957 cum
2355 2917 2524 2973 pace.
2557 2913 2621 2972 3v.
2655 2903 2774 2957 Deo
2813 2902 3061 2973 gratias.

2264 2991 2531 3048 Exeunte
2562 3005 2828 3060 vespera.
2857 2991 3089 3047 Lauda.
3121 2993 3170 3046 A
3201 2989 3349 3048 Solis
3373 2995 3509 3046 ortu
3545 3003 3734 3061 usque
3765 2988 3852 3045 ad

505 3079 625 3134 Erit
662 3081 723 3134 in
749 3078 1084 3134 novissimis
1114 3077 1349 3132 dierum
1378 3092 1551 3132 mons
1590 3076 1808 3132 domus
1853 3076 2087 3136 Domini
2117 3111 2158 3167 Ο
2197 3095 2501 3137 occasum.
2543 3081 2604 3139 P.
2635 3079 2963 3136 Laudabile
2991 3094 3215 3135 nomen
3244 3079 3499 3135 Domini.
3527 3078 3591 3138 ἲν.
3619 3077 3698 3132 Sit
3738 3093 3849 3133 no-

433 3170 810 3240 praeparatus
834 3166 896 3221 in
925 3165 1206 3221 verticem
1240 3165 1532 3220 montium
1554 3180 1735 3236 super
1764 3165 1946 3220 colles
1984 3181 1997 3218 :
2031 3170 2087 3220 et
2130 3165 2143 3167 ἡ
2198 3185 2337 3226 men
2359 3169 2594 3225 Domini
2619 3168 3019 3234 benedictum,
3044 3168 3286 3235 amodo,
3310 3172 3365 3224 et
3385 3183 3574 3240 usque
3595 3167 3657 3223 in
3681 3170 3850 3223 teter-

437 3254 715 3311 ﬂuentad
727 3269 865 3309 eum
876 3252 1178 3325 populi.Et
1189 3251 1849 3325 prophetabuntgentes
1859 3251 2083 3318 multae,

438 3342 709 3400 etdicent
737 3362 751 3397 :
775 3342 996 3406 Venite,
1018 3341 1420 3397 ascendamus
1439 3340 1514 3396 ad
1537 3344 1802 3396 montem
1831 3340 2083 3407 Domini,

435 3435 493 3490 et
522 3431 600 3487 ad
627 3430 880 3486 domum
906 3428 1237 3485 DeiJacob:
1263 3434 1318 3485 et
1337 3429 1570 3485 docebit
1584 3444 1696 3484 nos
1711 3429 1785 3485 de
1802 3429 1914 3484 viis
1939 3429 2085 3494 suis,

435 3525 493 3577 et
515 3520 736 3575 ibimus
760 3520 821 3575 in
853 3519 1076 3574 semitis
1103 3519 1233 3588 ejus
1265 3534 1280 3585 ;
1311 3517 1457 3590 quia
1486 3518 1560 3573 de
1590 3518 1728 3574 Sion
1753 3518 2090 3588 egredietur

434 3613 549 3675 lex,
581 3614 638 3664 et
663 3608 917 3665 verbum
949 3609 1182 3664 Domini
1209 3607 1283 3664 de
1305 3606 1694 3664 Hierusalem.
1719 3609 1786 3663 Et
1799 3607 2089 3681 judicabit

434 3697 586 3753 inter
597 3695 855 3768 populos
877 3697 1183 3761 multos,et
1195 3695 1474 3768 corripiet
1485 3700 1688 3767 gentes
1701 3695 1878 3752 fortes
1891 3712 2085 3768 usque

435 3785 495 3842 in
525 3785 920 3857 longinquum
944 3801 959 3840 :
983 3795 1040 3841 et
1063 3785 1376 3841 concident
1395 3785 1627 3855 gladios
1653 3801 1794 3841 suos
1813 3785 1874 3840 in
1889 3801 2086 3842 vome-

433 3891 550 3943 res,
575 3879 633 3930 et
660 3873 862 3929 hastas
914 3889 1058 3930 suas
1101 3873 1161 3928 in
1206 3873 1436 3942 ligones
1470 3891 1484 3931 :
1537 3891 1660 3931 non
1717 3878 1911 3930 sumet
1940 3890 2085 3945 gens

435 3967 641 4019 contra
657 3966 893 4032 gentem
909 3962 1178 4034 gladium
1195 3982 1207 4021 :
1225 3969 1413 4019 etnon
1435 3964 1667 4020 discent
1678 3967 1833 4019 ultra
1845 3963 2086 4033 bellige-

433 4067 585 4108 rare.
614 4055 682 4109 Et
708 4050 931 4108 sedebit
950 4052 1042 4108 vir
1069 4051 1281 4108 subtus
1305 4051 1546 4108 vineam
1576 4068 1769 4118 suam,
1795 4056 1852 4108 et
1876 4052 2084 4108 subtus

431 4141 616 4196 ﬁcum
657 4155 855 4204 suam,
882 4145 938 4196 et
961 4156 1085 4196 non
1107 4139 1236 4203 erit,
1259 4141 1364 4212 qui
1383 4141 1673 4197 deterreat
1695 4160 1706 4199 ;
1732 4140 1867 4212 quia
1889 4156 1956 4196 os
1976 4142 2084 4197 Do-

433 4229 582 4285 mini
619 4230 986 4285 exercituum
1013 4229 1280 4284 looutum
1314 4236 1417 4283 est.
1460 4229 1607 4294 Quia
1632 4244 1843 4284 omnes
1876 4229 2084 4302 populi

432 4317 832 4375 ambulabunt
844 4318 1251 4390 unusquisque
1263 4319 1322 4375 in
1333 4317 1579 4374 nomine
1595 4319 1827 4374 Domini
1839 4319 1938 4374 Dei
1955 4319 2046 4374 sui
2066 4336 2078 4374 :

428 4423 542 4463 nos
555 4412 753 4464 autem
769 4407 1203 4464 ambulabimus
1216 4407 1277 4463 in
1290 4407 1522 4464 nomine
1536 4407 1771 4464 Domini
1784 4408 2082 4464 Deinostri

429 4496 493 4552 in
522 4501 812 4552 aeternum
835 4501 892 4552 et
914 4497 1088 4553 ultra.
1111 4499 1176 4552 In
1200 4495 1297 4552 die
1323 4496 1599 4562 illa,dicit
1617 4496 1920 4561 Dominus,
1937 4513 2079 4552 con-

427 4585 696 4658 gregabo
712 4584 1147 4641 claudicantem
1176 4605 1188 4644 :
1209 4590 1266 4642 et
1277 4601 1624 4658 eam,quam
1645 4586 2082 4657 ejeceram,col-

425 4672 610 4744 ligam
632 4690 645 4740 ;
669 4678 922 4745 etquam
937 4672 1268 4728 aﬂlixeram
1288 4691 1300 4729 :
1317 4679 1372 4729 et
1392 4690 1616 4746 ponam
1642 4673 2078 4730 claudicantem

428 4762 491 4816 in
519 4763 837 4836 reliquias;
872 4768 928 4819 et
957 4778 1113 4828 eam,
1155 4779 1290 4835 quae
1320 4763 1700 4820 laboraverat
1743 4764 1803 4818 in
1839 4767 2077 4833 gentem

428 4851 738 4908 robustam
759 4869 774 4907 :
799 4857 858 4908 et
873 4851 1447 4922 regnabitDominus
1468 4867 1648 4924 super
1671 4867 1773 4908 eos
1793 4851 1854 4906 in
1875 4855 2078 4908 monte

434 4937 596 5005 Sion,
619 4945 677 4995 et
696 4957 856 4996 nunc
873 4946 929 4996 et
945 4956 1137 5012 usque
1161 4941 1223 4996 in
1253 4947 1563 4998 aeternum.
1593 4941 1657 4996 Et
1674 4945 1736 4996 tu
1752 4941 1931 4996 turris
1952 4957 2080 5011 gre-

428 5027 534 5099 gis,
562 5027 858 5084 nebulosa
877 5029 1000 5086 ﬁlia
1026 5029 1165 5085 Slon
1195 5046 1384 5102 usque
1405 5030 1481 5087 ad
1505 5035 1558 5086 te
1583 5030 1744 5086 venit
1773 5046 1785 5085 :
1811 5033 1867 5085 et
1884 5030 2079 5086 veniet

425 5120 691 5188 potestas
703 5117 1171 5188 prima,regnum
1183 5118 1319 5174 ﬁliae
1333 5118 1691 5175 Hierusalem
1703 5121 1888 5175 .Nunc
1900 5133 2080 5190 quare

427 5221 685 5263 mosrore
698 5207 1109 5263 consumeris?
1129 5208 1432 5280 Numquid
1450 5224 1552 5263 rex
1585 5223 1706 5263 non
1733 5212 1820 5263 est
1835 5207 1960 5273 tibi,
1977 5209 2082 5264 aut

427 5294 800 5352 consiliarius
831 5300 970 5351 tuus
1001 5296 1192 5368 periit,
1217 5297 1355 5367 quia
1376 5296 1828 5368 comprehendit
1848 5301 1902 5352 te
1915 5296 2081 5352 dolor

427 5384 577 5440 sicut
617 5384 1043 5457 parturientem
1061 5383 1090 5439 ?
1116 5385 1342 5448 Dole,et
1363 5389 1567 5454 satage
1593 5385 1713 5441 tilia
1736 5387 1874 5441 Sion
1901 5384 2081 5456 quasi

426 5473 764 5540 parturiens
797 5489 809 5529 :
837 5472 984 5545 quia
1013 5487 1175 5528 nunc
1204 5470 1524 5542 egredieris
1542 5473 1617 5528 de
1631 5473 1881 5540 civitate,
1902 5476 1962 5528 et
1976 5472 2080 5528 ha-

426 5557 649 5618 bitabis
671 5560 738 5618 in
762 5561 1030 5632 regione,
1052 5565 1111 5620 et
1128 5560 1332 5620 venies
1350 5575 1543 5635 usque
1568 5561 1647 5620 ad
1667 5561 2039 5634 Babylonem
2063 5577 2078 5618 :

2195 3274 2365 3314 num.
2400 3259 2462 3313 P.
2505 3257 2828 3314 Laudabile
2859 3272 3081 3313 nomen
3113 3256 3371 3313 Domini.

2268 3346 2437 3403 Sono.
2469 3347 2790 3418 Apparebit
2811 3345 2986 3402 nobis
3014 3345 3301 3402 Salvator.
3335 3345 3587 3416 Require
3610 3345 3722 3415 fol.
3753 3348 3847 3400 32.

2268 3435 2637 3505 Antiphona.
2653 3434 2771 3490 Erit
2788 3435 3254 3501 Dominus,sicut
3272 3450 3370 3490 ros
3394 3451 3406 3490 :
3435 3433 3615 3490 Israel
3636 3433 3856 3504 germi-

2195 3523 2387 3592 nabit,
2421 3524 2575 3580 sicut
2602 3523 2814 3590 lilium,
2847 3524 2904 3578 P.
2934 3525 2998 3578 Et
3018 3527 3290 3595 erumpet
3312 3521 3489 3578 radix
3502 3521 3649 3594 ejus,
3676 3526 3739 3577 ut
3761 3520 3854 3578 Li-

2195 3611 2361 3668 bani.
2393 3612 2454 3673 Ψ.
2490 3615 2553 3667 Et
2576 3613 2683 3668 erit
2729 3612 3178 3668 ﬁrmamentum
3217 3612 3278 3666 in
3307 3615 3464 3666 terra
3488 3611 3549 3666 in
3588 3610 3850 3665 summis

2195 3701 2511 3766 montium,
2548 3699 3043 3772 superextolletur
3072 3715 3252 3772 super
3294 3698 3584 3754 Libanum
3615 3697 3849 3753 fructus

2196 3789 2325 3860 ejus
2350 3809 2360 3847 :
2384 3788 2748 3845 ettlorebunt
2770 3788 2845 3843 de
2867 3787 3103 3844 civitate
3134 3787 3284 3843 sicut
3309 3787 3538 3842 foenum
3567 3790 3756 3841 terrae.
3782 3786 3844 3839 P.

2196 3880 2263 3934 Et
2276 3883 2548 3948 erumpet
2572 3877 2740 3932 radix
2757 3877 2903 3947 ejus.
2927 3875 2990 3936 ῒ.
3014 3876 3229 3947 Gloria,
3245 3876 3503 3933 ethonor
3531 3875 3700 3942 Patri,
3722 3874 3775 3946 3
3788 3875 3844 3946 5

2195 3969 2252 4022 et
2291 3965 2457 4021 Filio.
2497 3966 2556 4020 P.
2591 3965 2666 4023 Et
2695 3970 2969 4036 erumpet
2990 3964 3184 4020 radix.

2264 4054 2498 4110 Lauda.
2528 4055 2682 4109 Deus
2707 4054 2988 4109 virtutum
3034 4052 3370 4109 nobiscum.
3404 4053 3462 4106 P.
3496 4053 3847 4125 Susceptor.

2193 4148 2400 4198 noster
2432 4143 2586 4198 Deus
2623 4141 2828 4199 Jacob.
2866 4141 3134 4208 Alleluia,
3171 4141 3428 4206 alleluia,
3471 4141 3726 4198 alleluia.
3782 4142 3850 4201 V.

2195 4231 2416 4286 Veritas
2445 4230 2520 4285 de
2543 4235 2697 4286 terra
2725 4235 2856 4286 orta
2883 4235 2975 4285 est
2999 4249 3012 4299 ;
3050 4235 3107 4285 et
3149 4229 3382 4299 justitia
3410 4229 3485 4284 de
3521 4229 3673 4284 coelo
3705 4245 3852 4302 pro-

2195 4318 2404 4390 spexit.
2441 4319 2499 4372 P.
2538 4320 2858 4388 Susceptor
2887 4322 3090 4373 noster
3113 4318 3289 4371 Deus.
3321 4315 3383 4375 ἲν.
3417 4315 3637 4385 Gloria,
3670 4322 3728 4373 et
3746 4317 3854 4372 ho-

2193 4423 2304 4463 nor
2332 4407 2510 4462 Patri.
2548 4409 2605 4461 P.
2646 4405 2909 4471 Alleluia,
2944 4405 3200 4472 alleluia,
3230 4405 3488 4461 alleluia.

2261 4497 2553 4566 Hymnus.
2587 4493 2796 4552 Christi
2842 4499 3083 4550 caterva
3137 4493 3416 4558 clamitet,
3447 4494 3850 4564 Supplicatio.

2192 4589 2440 4642 Oremus
2471 4584 2928 4656 Redemptorem
2957 4583 3167 4638 mundi
3196 4582 3513 4638 Dominum
3547 4588 3847 4639 nostrum.

2189 4675 2442 4746 Require
2489 4675 2550 4730 in
2574 4674 2774 4742 primo
2806 4674 3116 4728 Dominico
3155 4672 3227 4727 de
3270 4671 3543 4727 Adventu
3583 4673 3846 4728 Domini.

2186 4762 2270 4832 fol
2298 4766 2350 4816 2.

2261 4849 2570 4919 Capitula.
2590 4851 2762 4914 Deus,
2777 4849 2949 4921 cujus
2969 4849 3266 4905 aeternitas
3285 4852 3557 4920 tempora
3578 4851 3837 4921 prmscit,

2187 4945 2244 4996 et
2262 4938 2495 4995 ordinat
2518 4956 2530 5006 ;
2553 4939 2656 5010 qui
2672 4939 2730 4993 in
2751 4937 3116 5009 plenitudine
3136 4942 3477 5009 temporum
3514 4937 3846 4994 Dominum

2187 5033 2460 5085 nostrum
2488 5029 2690 5083 Jesum
2709 5028 3005 5084 Christum
3029 5026 3236 5082 Filium
3253 5032 3422 5082 tuum
3464 5027 3847 5085 nasciturum

2190 5134 2262 5174 ex
2290 5117 2523 5187 Virgine
2553 5116 2852 5181 destinas;
2886 5121 2949 5171 ut
2975 5121 3230 5171 aeternus
3256 5131 3328 5170 ex
3345 5119 3400 5170 te
3422 5115 3549 5170 sine
3570 5119 3850 5186 tempore

2189 5205 2496 5279 prodiens,
2515 5220 2624 5277 pro
2637 5204 2810 5260 nobis
2823 5203 3096 5260 conditor
3109 5202 3521 5258 nascereturin
3538 5207 3813 5274 tempore
3833 5219 3850 5271 ;

2189 5299 2255 5351 ut
2278 5299 2335 5350 et
2369 5299 2574 5349 nostra
2603 5293 2822 5349 scilicet
2845 5297 3116 5365 tempora
3145 5292 3358 5357 visitet,
3399 5296 3456 5347 et
3481 5293 3852 5363 temporales

2190 5399 2314 5439 suae
2343 5381 2805 5438 immortalitatis
2845 5381 3164 5454 participes
3195 5380 3440 5447 reddat;
3473 5380 3713 5436 assistat
3745 5381 3855 5437 tibi

2189 5487 2300 5545 pro
2327 5470 2502 5528 nobis
2529 5487 2542 5526 :
2570 5475 2652 5538 ut,
2682 5487 2836 5544 quos
2868 5470 3139 5526 Adventu
3161 5485 3270 5524 suo
3300 5467 3649 5525 mirabiliter
3678 5470 3856 5528 rede-

2187 5562 2315 5629 mit,
2348 5575 2599 5619 munere
2627 5576 2740 5618 suo
2770 5558 3289 5620 abundantissime
3312 5557 3478 5616 ditet.
