4118 6184
223 202 327 261 ίολι
1156 202 1373 258 FEBIA
1412 203 1464 261 II
1504 198 1689 257 POST
1727 194 1900 255 non.
1940 172 1988 252 V
2025 188 2401 258 ADVENTUS
2442 195 2720 261 DOMINI.
3542 150 3646 271 162

302 330 472 386 Pater
528 335 741 383 noster.
787 325 1040 384 Liberati
1076 343 1111 385 a
1172 327 1352 383 malo.
1399 327 1655 400 Require
1699 324 1809 395 fol.
1843 327 1896 378 2.
1928 321 1977 377 A
2077 324 2181 378 Per
2209 326 2673 385 misericordiam
2712 332 2897 400 tuam,
2924 331 3077 387 Deus
3101 337 3319 400 noster,
3358 340 3466 394 etc.

302 416 674 473 Benedictio.
702 416 967 474 Christus
989 416 1295 485 Dominus,
1325 416 1429 490 qui
1447 433 1553 491 per
1580 419 1896 487 susceptae.
2078 425 2140 482 ne.
2189 416 2408 482 Gaude,
2430 416 2555 473 ﬁlia
2597 418 2755 489 Sion,
2805 419 2949 493 quia
2991 422 3184 478 veniet
3218 424 3327 480 tibi
3358 442 3485 491 rex,
3514 431 3652 484 tuus

229 508 440 576 Quaere
462 506 580 575 fol.
634 509 684 560 8.
2008 515 2142 556 cum
2157 502 2543 573 jocunditate.
2578 507 2634 562 P.
2661 510 2723 563 Et
2748 511 2828 573 tu,
2860 508 2982 564 ﬁlia
3030 509 3410 580 Hierusalem,
3452 515 3655 573 laetare

300 596 544 653 Lauda.
586 595 707 650 Erit
742 594 1192 651 ﬁrmamentum
1244 595 1304 650 in
1340 594 1582 651 terrain
1645 590 1898 648 summis
2006 588 2067 645 in
2088 590 2359 648 Adventu
2390 594 2623 651 Domini
2654 597 2754 652 Dei
2780 597 2882 652 tui.
2928 596 2989 658 Υ.
3037 598 3247 656 Exulta
3302 604 3463 670 satis,
3489 610 3545 661 et
3560 606 3657 676 ju-

231 685 538 741 montium
566 682 1066 756 superextolletur
1087 699 1266 756 super
1290 683 1609 739 Libanum:
1642 680 1895 737 alleluia.
2006 678 2146 745 bila,
2179 680 2300 737 ﬁlia
2336 682 2480 738 Sion
2506 701 2669 741 :ecce
2691 690 2942 741 rextuus
2963 686 3123 743 venit
3134 688 3332 758 justus
3356 694 3519 748 venit
3533 694 3658 764 jus-

232 778 294 830 P.
351 777 417 829 Et
445 775 550 830 erit
570 791 797 829 nomen
821 774 1053 830 Domini
1118 773 1497 829 benedictum
1522 774 1580 828 in
1629 771 1849 827 saecula
1881 784 1893 825 :
2007 769 2101 822 tus
2121 772 2175 824 et
2202 770 2479 827 salvator.
2505 773 2561 825 P.
2592 776 2656 829 Et
2680 779 2760 839 tu,
2788 772 2908 831 ﬁlia
2935 776 3322 834 Hierusalem.
3347 779 3407 839 γ.
3434 780 3656 852 Gloria,

240 864 501 928 alleluia,
521 862 778 919 alleluia.
818 862 878 922 V.
912 862 1057 918 Ante
1089 862 1285 918 Solem
1312 866 1622 936 permanet
1676 875 1897 916 nomen
2008 857 2269 912 ethonor
2284 859 3655 935 Patri,etFilio.Reiteretur[p.GaudeﬁliaSion.

243 954 393 1024 ejus,
422 958 475 1007 et
500 959 630 1008 ante
655 954 889 1007 Lunam
915 952 1087 1007 sedes
1119 952 1283 1022 ejus;
1313 956 1369 1007 et
1393 950 1813 1007 benedicentur
1838 949 1899 1003 in
2082 948 2412 1013 Canticum,
2443 957 2496 1006 et
2523 955 2722 1008 omnia
2739 954 2878 1024 alia,
2897 960 3371 1027 quaesequuntur
3386 974 3571 1029 usque
3594 961 3657 1017 in

240 1057 313 1097 eo
334 1057 547 1096 omnes
573 1040 765 1095 tribus
790 1046 975 1096 terrae.
1008 1041 1063 1094 P.
1095 1043 1161 1096 Et
1213 1040 1321 1095 erit
1375 1056 1597 1095 nomen
1645 1038 1895 1094 Domini.
2006 1036 2196 1103 ﬁnum
2220 1037 2521 1103 Matutini,
2547 1041 2853 1110 dicantur,
2887 1049 2952 1097 ut
2978 1044 3041 1098 in
3069 1046 3330 1101 secunda
3346 1048 3507 1115 feria
3529 1050 3659 1117 pri-

2008 1139 2117 1179 ma?
2140 1124 2520 1183 hebdomadac
2545 1130 2614 1184 de
2636 1130 2911 1185 Adventu
2941 1132 3200 1187 Domini.
3245 1133 3454 1200 Quaere
3476 1136 3651 1203 fol.9.

2008 1213 2278 1283 Excepta
2304 1216 2636 1285 Prop/actia.
2664 1220 2782 1273 Erit
2814 1220 2930 1290 36
2963 1220 3022 1274 in
3049 1220 3390 1277 novissimis
3417 1223 3652 1280 dierum

2010 1316 2187 1357 mons
2215 1302 2432 1359 domus
2458 1306 2935 1373 Domini.Quaere
2955 1310 3076 1377 fol.
3103 1312 3191 1365 34.

2080 1390 2179 1445 Ad
2192 1392 2468 1462 Vesperos
2496 1396 2695 1452 omnia
2719 1396 3018 1466 dicantur,
3052 1402 3118 1454 ut
3142 1412 3330 1469 supra
3361 1400 3423 1457 in
3456 1415 3659 1459 secun-

2011 1479 2089 1536 da
2116 1482 2295 1549 feria.

238 1129 301 1191 ἴ.
328 1128 546 1200 Gloria,
584 1135 639 1185 et
669 1130 883 1185 honor.
924 1130 980 1183 P.
1018 1131 1084 1184 Et
1114 1128 1223 1184 erit
1250 1145 1494 1184 nomen.

320 1219 552 1274 Oratio.
583 1218 831 1273 Domine
863 1219 1015 1272 Deus
1055 1215 1239 1287 fortis,
1269 1218 1372 1289 qui
1406 1218 1479 1273 de
1493 1217 1704 1289 patrio.
1729 1218 1900 1272 Dica-

246 1313 368 1371 tur,
402 1309 556 1363 utin
585 1308 797 1376 primis
838 1307 1094 1378 Vesperis
1115 1307 1285 1362 istius
1328 1308 1647 1364 Dominici.
1680 1308 1789 1377 fol.
1814 1311 1900 1363 32.

245 1433 459 1488 FERIA
520 1435 565 1488 ll
620 1434 900 1498 QUINT/E
951 1431 1407 1488 HEBDOMAD/E
1453 1433 1521 1489 IN
1580 1433 1904 1488 ADVENTU

965 1519 1207 1577 DOMINI
1220 1560 1233 1575 .

820 1626 915 1681 Ad
936 1625 1324 1682 Matutinum.

309 1753 355 1805 Α
367 1750 692 1820 ntiphona.
722 1750 989 1816 Domine,
1006 1750 1155 1823 quid
1167 1749 1537 1823 multiplicati
1553 1748 1733 1806 sunt?
1745 1750 1901 1807 Psal-

226 1856 365 1896 mus
398 1856 472 1903 ιιι,
499 1856 633 1895 cum
666 1855 778 1896 sua
807 1841 1089 1897 Oratione
1111 1841 1233 1909 fol.
1274 1843 1326 1896 8.

299 1929 655 1998 Antiphona
694 1930 744 1982 1.
777 1929 1004 1995 Quibus
1036 1944 1154 1984 non
1189 1933 1279 1986 est
1310 1927 1664 1985 nunciatum
1696 1928 1771 1985 de
1802 1944 1892 1995 eo,

215 2016 674 2075 videbunteum
704 2035 717 2072 :
744 2020 818 2084 et,
835 2018 1074 2090 quinon
1091 2019 1428 2081 audierunt,
1456 2016 1800 2087 intelligent.
1834 2018 1893 2072 P.

214 2109 289 2163 Et
319 2104 631 2172 aSCendet,
665 2105 1161 2177 sicutvirgultum
1195 2123 1401 2163 coram
1430 2122 1519 2161 eo.
1556 2106 1613 2161 P.
1647 2109 1711 2160 Et
1745 2105 1897 2162 sicut

2594 1593 2795 1648 FERIA
2815 1594 3065 1650 TERTIA

2576 1716 2675 1770 Ad
2728 1717 3096 1775 Matutinum

2076 1833 2445 1903 Antiphone.
2494 1835 2649 1894 Lava
2687 1854 2803 1906 me,
2847 1839 3118 1897 Domine.
3196 1842 3403 1910 Quaere
3448 1844 3563 1914 fol.
3625 1848 3657 1901 3

2074 1922 2345 1979 Psalmus
2374 1941 2425 1981 L.
2459 1926 2677 1983 Oratio.
2695 1928 2848 1983 Deus
2866 1929 2966 1984 Dei
2983 1930 3372 2002 Filius,cujus
3397 1931 3460 1988 in
3486 1936 3653 1990 aeter-

2002 2024 2149 2066 num
2182 2020 2505 2083 permanet.
2539 2015 2746 2081 Quaere
2776 2018 2885 2086 fol.
2922 2022 2973 2073 3.

2072 2098 2433 2171 Antiphona.
2470 2102 2760 2161 LAddent
2780 2106 2951 2162 mites
2997 2106 3058 2163 in
3085 2108 3339 2165 Domino
3358 2108 3648 2167 laetitiam.

212 2195 400 2251 radix
422 2194 497 2251 de
515 2199 672 2252 terra
690 2195 929 2251 sitienti.
964 2195 1023 2257 ἰν.
1075 2196 1141 2251 In
1182 2213 1295 2257 sua
1326 2195 1557 2267 justitia
1596 2194 1896 2267 judicabit
2002 2187 2063 2241 Ρ·
2102 2191 2168 2245 Et
2199 2192 3029 2264 paupereShomines,sancto
3056 2196 3235 2253 Israel
3275 2198 3650 2267 adveniente,

218 2299 531 2357 pauperes
552 2283 779 2359 populi,
813 2288 870 2341 et
895 2284 1093 2340 salvos
1118 2284 1295 2341 faciet
1324 2283 1480 2340 ﬁlios
1513 2299 1851 2357 pauperum
1878 2301 1889 2339 :

215 2377 283 2428 et
312 2372 668 2429 humiliabit
730 2372 1251 2430 calumniatorem.
1284 2374 1346 2428 P.
1388 2374 1455 2429 Et
1485 2372 1792 2430 ascendet
1828 2372 1893 2434 in

219 2460 455 2526 Gloria,
490 2466 549 2517 et
587 2461 802 2518 honor.
837 2463 899 2520 P.
942 2465 1008 2518 Et
1038 2462 1210 2519 sicut.

302 2550 536 2606 Oratio.
570 2553 841 2607 Immaue
869 2548 1009 2606 satis
1040 2548 1272 2608 facinus
1302 2548 1478 2606 video
1531 2565 1734 2606 coram
1760 2550 1891 2621 tuis,

217 2640 387 2695 Deus
408 2640 603 2711 Pater,
674 2639 862 2697 oculis
889 2656 924 2696 a
970 2640 1240 2713 reprobis
1303 2644 1747 2713 perpetratum:
1790 2640 1895 2713 qui

218 2728 382 2785 dum
417 2729 629 2787 Filium
660 2735 849 2795 tuum,
888 2730 1281 2803 prmdicatum
1338 2728 1400 2785 in
1442 2729 1591 2800 lege,
1627 2734 1891 2786 contem-

217 2823 405 2886 nunt,
438 2817 499 2873 in
521 2818 954 2875 incredulitatis
976 2834 1100 2873 suae
1123 2818 1410 2888 voragine
1441 2821 1849 2874 remanserunt
1874 2835 1887 2885 ;

219 2904 383 2963 dum
408 2906 489 2973 hi,
533 2907 755 2979 quibus
777 2923 901 2963 non
939 2912 1065 2963 erat
1092 2906 1167 2963 de
1197 2922 1266 2963 eo
1322 2906 1700 2971 nunciatum,
1729 2907 1890 2963 vide-

2001 2277 2365 2347 gaudebunt.
2402 2279 2461 2340 )7.
2498 2281 2943 2341 Verumtamem
2974 2301 3160 2358 prope
3196 2287 3470 2343 timentes
3511 2301 3652 2343 eum

2003 2366 2257 2423 salutare
2283 2367 2473 2441 ipsius
2505 2371 3116 2445 :utinhabitetgloria
3149 2375 3212 2431 in
3240 2380 3395 2433 terra
3425 2380 3653 2433 nostra.

2002 2455 2058 2509 P.
2093 2458 2155 2511 Et
2188 2472 2479 2530 pauperes
2506 2460 2797 2517 homines.
2822 2462 2881 2523 il.
2914 2463 3129 2536 Gloria,
3155 2469 3214 2521 et
3237 2466 3431 2522 honor
3471 2466 3651 2534 Patri,

2002 2547 2057 2599 et
2081 2544 2239 2602 Filio.
2272 2549 2330 2603 P.
2360 2550 2426 2602 Et
2464 2564 2777 2621 pauperes.

2078 2635 2298 2691 Oratio.
2324 2639 2896 2709 Incarnationistuae,
2935 2642 3158 2698 Christe
3185 2643 3456 2708 Domine,
3484 2660 3656 2716 mys-

2002 2723 2148 2777 terio
2177 2724 2460 2790 revelato,
2486 2726 2741 2783 humiles
2772 2744 3066 2800 pauperes
3094 2730 3383 2799 exultant,
3423 2736 3481 2785 te
3513 2747 3652 2787 san-

2002 2816 2163 2868 ctum
2192 2828 2401 2868 verum
2432 2830 2791 2885 cognoscere
2816 2817 3190 2874 mitissimum
3214 2819 3275 2874 in
3304 2818 3526 2876 laetitia.
3555 2822 3655 2876 Te-

2000 2916 2143 2971 ergo
2173 2902 2424 2975 proinde
2453 2919 2805 2976 quaesumus
2829 2910 2911 2971 ut,
2937 2907 3039 2979 qui
3078 2906 3304 2964 steriles
3332 2907 3482 2965 facis
3512 2923 3648 2965 esse

218 3000 373 3051 runt
389 3010 550 3061 eum,
578 3000 653 3061 et,
684 2996 923 3069 quinon
955 2995 1697 3066 audierunt,intelligentia
1726 3012 1883 3052 com-
1923 3003 1965 3060 C
1998 2989 2329 3063 fmcundos,
2360 3008 2470 3048 nos
2486 2999 2826 3065 peccatores
2840 2994 3061 3053 efﬁcias
3090 3012 3218 3054 esse
3240 2997 3472 3055 beatos.
3505 2998 3649 3054 Res-

216 3083 510 3155 templati
541 3091 689 3140 sunt.
732 3086 951 3141 Amove
981 3101 1143 3156 ergo,
1198 3101 1563 3158 quaesumus,
1588 3085 1887 3158 quidquid
1992 3080 2253 3150 pendeat
2294 3081 2547 3137 Chorus.
2583 3088 2793 3140 Amen.

206 3173 453 3228 resistit
485 3171 586 3228 tibi
616 3173 672 3230 in
712 3190 916 3246 opere,
943 3179 1006 3230 ut
1027 3173 1272 3229 credulo
1303 3178 1540 3246 pectore
1583 3173 1667 3229 sic
1698 3174 1759 3229 in
1780 3189 1883 3230 no-
2066 3171 2172 3225 Per
2190 3170 2659 3229 misericordiam
2682 3178 2871 3240 tuam,
2904 3176 3057 3231 Deus
3090 3179 3309 3232 noster.

204 3259 312 3316 bis
349 3260 616 3331 virgulta
642 3261 943 3319 donorum
966 3262 1372 3335 praepolleant,
1416 3265 1481 3320 ut
1506 3262 1673 3320 radix
1691 3262 1883 3319 humi—
2064 3258 2416 3328 Antiphona
2442 3264 2493 3313 2.
2516 3261 2982 3318 Sanctiﬁcabunt
3010 3278 3221 3319 omnes
3252 3266 3526 3319 sanctum
3553 3265 3650 3319 Ja-

203 3349 403 3407 litatis
432 3366 775 3424 numquam
812 3355 1062 3408 arescat.
1085 3363 1149 3423 ﬁ.
1177 3352 1387 3407 Amen.
1995 3346 2130 3411 cob,
2164 3351 2219 3403 et
2250 3348 2433 3403 Deum
2464 3349 2644 3405 Israel
2680 3349 3109 3421 praedicabunt.
3142 3351 3200 3405 P.
3235 3352 3299 3405 Et
3330 3349 3518 3406 scient
3560 3366 3648 3406 er-

284 3440 402 3495 Per
456 3440 929 3496 misericordiam
968 3444 1155 3505 tuam,
1192 3441 1347 3496 Deus
1377 3444 1595 3496 noster.
1993 3438 2193 3492 rantes
2214 3435 2610 3506 intellectum,
2633 3437 3081 3494 etinusitatores
3109 3438 3337 3495 discent
3359 3438 3645 3509 legemW.

286 3528 644 3598 Antiphona
672 3533 726 3586 2.
753 3545 905 3588 Deus
928 3529 1095 3602 pacis
1123 3529 1450 3586 sanctiﬁcet
1472 3546 1577 3586 vos
1600 3528 1677 3587 ad
1700 3530 1889 3605 perfe-
1995 3524 2153 3581 Deus
2180 3526 2490 3582 manifeste
2522 3526 2720 3583 veniet
2771 3527 2924 3581 Deus
2962 3531 3181 3593 noster,
3206 3531 3396 3584 etnon
3425 3526 3641 3584 silebit.

210 3622 417 3687 ctum,
448 3620 758 3690 etinteger
788 3619 1037 3693 spiritus
1069 3618 1144 3675 sit
1194 3623 1407 3675 vester.
1456 3620 1515 3673 P.
1557 3621 1792 3693 Anima,
1834 3626 1891 3680 et,
2000 3614 2058 3667 P.
2109 3616 2174 3669 Et
2222 3615 2407 3670 scient
2458 3620 2719 3671 errantes
2762 3614 3147 3673 intellectum.
3182 3615 3243 3676 Ψ.
3305 3615 3525 3683 Gloria,
3585 3621 3643 3673 et

209 3722 448 3779 corpus
475 3708 604 3764 sine
633 3707 968 3782 quaerelain
988 3707 1263 3765 Adventu
1292 3708 1525 3765 Domini
1552 3711 1776 3769 nostril
1787 3726 1891 3768 esu
1998 3701 2194 3757 honor
2225 3702 2395 3767 Patri,
2430 3706 2485 3758 et
2512 3703 2673 3759 Filio.
2697 3704 2754 3761 Ρ.
2787 3706 2851 3760 Et
2903 3705 3088 3761 Beient
3109 3709 3398 3761 errantes.

206 3795 441 3852 Christi
470 3803 759 3857 servetur.
792 3797 855 3861 ἡ.
892 3796 1152 3855 Laudate
1182 3812 1402 3853 nomen
1433 3798 1673 3853 Domini
1716 3818 1728 3854 :
1758 3799 1890 3855 lau-
2074 3790 2276 3846 θνατίο
2307 3791 2479 3857 Deus.
2519 3790 2598 3846 ad
2643 3791 3646 3864 quemoculiuniversaecarnisres-

203 3884 386 3950 date,
436 3886 614 3954 servi,
668 3887 1013 3944 Dominum.
1044 3887 1101 3940 Ρ.
1153 3886 1390 3949 Anima,
1434 3890 1492 3942 et
1540 3903 1772 3959 corpus.
1826 3888 1890 3949 it.

200 3974 444 4041 Gloria,
476 3980 533 4031 et
556 3975 752 4032 honor
772 3976 943 4032 Patri.
974 3976 1030 4031 P.
1055 3975 1291 4045 Anima,
1327 3979 1383 4030 et
1414 3990 1651 4047 corpus.

278 4064 528 4119 Oratio.
549 4063 773 4121 Christe
787 4066 945 4121 Deus
968 4069 1188 4132 noster,
1219 4063 1325 4137 qui
1345 4063 1407 4119 in
1439 4066 1753 4135 assumpta
1783 4064 1890 4121 hu-

1998 3878 2245 3951 piciunt,
2259 3877 2372 3946 fac,
2386 3894 2496 3934 nos
2512 3879 2711 3937 videre
2734 3880 2992 3938 salutare
3020 3885 3251 3938 tuumin
3270 3882 3478 3953 gloria,
3498 3898 3650 3954 qua.-

1997 3967 2129 4023 liter
2144 3968 2335 4022 sciant
2364 3973 2626 4025 errantes
2646 3969 3007 4027 intellectum
3042 3976 3161 4037 :ut,
3203 3987 3343 4027 cum
3372 3972 3652 4043 majesta-

1998 4057 2069 4112 tis
2091 4062 2205 4112 tuae
2226 4058 2455 4113 cunctis
2477 4057 2729 4116 illuxerit
2745 4062 3021 4130 regnum,
3053 4060 3321 4117 debitum
3343 4076 3452 4133 pro
3474 4061 3649 4118 meri-

183 4151 514 4208 manitate
544 4153 785 4209 veniens
810 4153 1109 4209 mundum
1142 4152 1546 4225 judicaturus,
1579 4152 1889 4223 sanctiﬁca
1996 4144 2070 4201 tis
2083 4146 2402 4202 evadamus
2420 4147 3169 4220 suppliciumﬂespondmt
3183 4151 3427 4208 Chorus.
3448 4152 3643 4207 Amen.

177 4239 432 4311 noszad
457 4240 787 4312 perfectum
813 4261 826 4311 ;
852 4241 986 4299 utin
1002 4242 1099 4299 die
1122 4241 1429 4298 Adventus
1442 4242 1546 4313 tui,
1572 4244 1709 4298 cum
1729 4242 1888 4314 judi-
2068 4236 2172 4290 Pel‘
2212 4234 2689 4293 misericordiam
2735 4242 2918 4299 tuam.
2968 4239 3122 4295 Deus
3162 4244 3400 4297 noster.

183 4335 471 4387 caturus
490 4330 723 4387 veneris
748 4331 1064 4400 saeculum,
1094 4330 1177 4387 ita
1198 4331 1426 4400 integer
1465 4331 1707 4403 spiritus
1752 4348 1888 4389 nos-
1917 4353 1967 4410 Β
2069 4335 2130 4394 BL
2155 4322 2491 4381 ConfOPtate
2515 4325 2577 4381 in
2602 4326 2877 4383 Adventu
2902 4327 3138 4384 Domini
3168 4328 3271 4384 Dei
3296 4329 3399 4397 tui,
3434 4328 3653 4386 domus

180 4417 566 4489 ter,anima,
604 4425 661 4475 et
685 4436 909 4493 corpus
931 4420 991 4476 in
1019 4424 1073 4474 te
1103 4418 1397 4485 reﬂoreat,
1432 4422 1492 4474 ut
1516 4422 1713 4475 tecum
1737 4420 1888 4476 sine-
1994 4413 2539 4487 Jacobsquoniam
2588 4415 2987 4473 seminatith
3035 4416 3315 4485 fructum,
3360 4418 3502 4475 νὶίω
3553 4419 3643 4474 Ια-

184 4506 329 4563 ﬁne
352 4510 675 4578 regnaturi
697 4510 989 4573 vivamus.
1005 4509 1373 4578 Respondeat
1400 4508 1649 4565 Chorus.
1673 4510 1881 4568 Amen,
1995 4516 2136 4558 men
2162 4503 2491 4573 majestatis
2517 4503 2794 4559 videbitis
2819 4505 3195 4562 salvatorem.
3221 4508 3279 4561 P.
3298 4510 3381 4578 Et,
3416 4507 3519 4579 qui
3534 4521 3639 4563 an-

268 4600 400 4653 Per
428 4598 913 4656 misericordiam
968 4604 1156 4670 tuam,
1195 4596 1351 4654 Deus
1377 4602 1599 4655 noster,
1996 4591 2359 4660 gustiamini,
2389 4592 2693 4659 sustinete,
2717 4593 3113 4667 quoadusque
3135 4597 3335 4653 veniat
3361 4596 3641 4668 princeps

268 4686 640 4758 Antiphona
661 4691 713 4744 3.
748 4687 815 4744 In
839 4686 937 4743 die
966 4685 1465 4744 illainclinabitur
1488 4686 1674 4743 homo
1697 4685 1776 4743 ad
1799 4686 1887 4744 fa-
1988 4679 2254 4750 justitiee,
2282 4680 2557 4737 auferens
2580 4681 2986 4738 inﬁrmitatem
3038 4683 3332 4740 universae
3362 4688 3547 4739 terrae.
3582 4683 3643 4744 ἵ.

184 4778 447 4831 ctorem
475 4792 681 4832 suum.
715 4777 773 4833 P.
808 4778 875 4833 Et
901 4776 1057 4833 oculi
1082 4777 1211 4847 ejus
1258 4775 1336 4831 ad
1385 4779 1665 4831 sanctum
1703 4774 1886 4834 Israel
1996 4770 2412 4843 Contemplare
2441 4770 2601 4828 viam
2630 4789 2643 4828 :
2668 4772 2938 4829 contorta
2979 4772 3239 4838 lumbos,
3290 4774 3510 4831 robora
3535 4773 3651 4830 vir-

182 4862 563 4934 respicient.
588 4862 654 4924 lt.
680 4864 835 4921 Deus
890 4864 1142 4920 deorum
1173 4861 1462 4919 Dominus
1507 4862 1743 4919 locutus
1773 4870 1886 4937 est,
1992 4863 2182 4915 tutem
2211 4860 2407 4927 valde,
2430 4864 2486 4917 et
2535 4877 2857 4934 properare
2886 4861 2948 4917 in
2975 4863 3247 4919 Adventu
3284 4864 3521 4921 Domini
3548 4866 3652 4922 Dei

179 4952 244 5005 et
312 4956 572 5025 vocavit
614 4956 855 5009 terram.
889 4953 946 5007 P.
972 4955 1039 5009 Et
1080 4950 1237 5008 oculi
1284 4966 1433 5023 ejus.
1471 4951 1531 5013 V.
1586 4951 1799 5021 Gloria,
1826 4957 1885 5011 et
1991 4950 2095 5005 tui.
2123 4950 2183 5007 P.
2238 4952 2321 5015 Et,
2363 4950 2466 5023 qui
2522 4951 2971 5021 augustiamini.
2998 4952 3063 5014 ir.
3109 4951 3322 5010 Gloria.
3358 4958 3415 5011 et
3453 4954 3651 5011 honor

174 5038 411 5097 honor
436 5043 615 5108 Patri,
640 5047 698 5101 et
724 5042 889 5100 Filio.
944 5043 1002 5098 P.
1033 5044 1100 5099 Et
1127 5040 1285 5098 oculi
1314 5040 1464 5113 ejus.
1989 5037 2160 5111 Patri,
2195 5044 2250 5096 et
2275 5039 2438 5107 Filio,
2467 5040 2796 5098 Reiteretur
2819 5051 2883 5112 Βτ.
2915 5040 3257 5100 Confortare
3295 5044 3358 5099 in
3409 5045 3647 5101 Adven-

274 5132 524 5188 Oratio.
558 5131 871 5203 Unigenite
888 5131 991 5188 Dei
1019 5131 1219 5195 Filius,
1241 5131 1413 5202 cujus
1438 5129 1597 5186 oculi
1636 5129 1716 5187 ad
1742 5146 1879 5188 san-
1984 5131 2052 5184 tu
2076 5129 2334 5187 Domini.

163 5230 387 5282 ctum
408 5221 585 5279 Israel
608 5222 959 5295 respiciunt,
1008 5220 1231 5277 inclina
1261 5221 1340 5276 ad
1397 5218 1877 5278 misericordiam
2060 5219 2394 5282 Canticum,
2432 5224 2486 5275 et
2504 5221 2703 5277 omnia
2714 5220 2840 5278 alia
2861 5236 3048 5293 usque
3067 5222 3132 5277 in
3155 5223 3333 5290 ﬁnem
3356 5215 3643 5275 Matutini

156 5320 406 5375 tuam,
430 5310 688 5383 qualiter
717 5312 774 5366 te
808 5308 1097 5367 factorem
1127 5313 1401 5365 nostrum
1431 5307 1739 5381 adspicere
1768 5324 1880 5366 va—
1987 5306 2290 5371 dicantur,
2315 5308 2462 5363 utin
2478 5308 2629 5377 ftria
2649 5316 2869 5380 quarta
2895 5312 3108 5379 prima)
3133 5308 3508 5366 hebdomadas
3528 5305 3638 5374 fol.

150 5406 463 5471 Ieamus,
480 5400 633 5457 dum
646 5398 945 5470 gloriosus
957 5398 1309 5472 apparueris
1326 5398 1386 5457 in
1407 5395 1661 5472 gloriam
1687 5402 1875 5456 tuam.
1992 5400 2049 5451 Η
2077 5402 2131 5452 et
2164 5398 2245 5451 l2.
2278 5396 2551 5466 Excepta
2566 5399 2909 5467 Prophetia,
2932 5414 3064 5470 quae
3088 5398 3321 5453 dicetur
3349 5396 3420 5451 de
3442 5393 3644 5450 Domi-

149 5480 585 5566 Respondeat
613 5486 861 5546 Chorus.
904 5490 1114 5545 Amen.
1422 5476 1429 5484 ’
1990 5485 2127 5542 nico
2144 5486 2572 5558 praeterito/bl.
2601 5488 2770 5545 sua
2793 5490 3163 5559 Vesperos,ut
3187 5484 3524 5557 Νηρηίδι.
3555 5484 3627 5543 12
