4118 6184
546 238 647 294 103

1109 357 1312 414 FERIA
1361 355 1642 420 QUABTA

1105 445 1202 502 Ad
1228 445 1616 502 Matutinum.

609 541 974 610 Antiphona.
1005 540 1069 592 In
1099 540 1152 592 te
1208 532 1454 591 confidit
1490 531 1692 587 anima
1730 542 1882 582 mea.
1918 523 2186 580 Psalmus

538 645 652 687 va.
679 628 891 684 Oratio.
926 623 1198 680 DeusDei
1232 621 1426 686 Filius,
1448 618 1616 689 cujus
1638 617 1697 672 in
1746 619 2031 670 aeternum
2063 626 2185 682 per-

535 722 758 774 manet.
799 718 1034 787 Requzre
1049 714 1162 783 fol.
1192 717 1243 769 3.

607 804 962 874 Antiphona.
996 801 1338 872 Egredietur
1361 799 1529 866 virga
1553 795 1627 852 de
1664 793 1866 849 radice
1899 793 2080 846 Jesse.
2124 791 2179 844 P.

537 897 602 950 Et
621 895 733 950 ﬂos
750 894 825 949 de
853 893 1053 949 radice
1071 892 1200 962 ejus
1231 887 1536 946 ascendet.
1570 886 1630 939 P.
1691 885 1758 939 Et
1789 878 2084 953 judicabit
2121 879 2182 934 in

525 982 751 1054 justitia
779 996 1094 1054 pauperes.
1151 978 1212 1038 if.
1258 976 1498 1046 Virgam
1536 970 1767 1028 virtutis
1807 976 1922 1025 tuae
1961 967 2184 1022 emittet

531 1071 818 1126 Dominus
836 1085 906 1124 ex
939 1068 1111 1124 Sion:
1136 1066 1448 1121 dominare
1469 1061 1528 1116 in
1545 1059 1740 1115 medio
1801 1055 2181 1112 inimicorum

532 1163 796 1214 tuorum.
837 1158 898 1213 P.
938 1159 1003 1211 Et
1030 1154 1143 1210 ﬂos
1173 1153 1246 1208 de
1285 1151 1498 1208 radice.
1532 1148 1591 1208 V.
1661 1145 1873 1211 Gloria,
1908 1149 1964 1200 et
1987 1143 2183 1199 honor

531 1247 708 1303 Patri.
743 1248 805 1301 P.
839 1249 905 1302 Et
958 1242 1270 1316 judicabit.

605 1335 828 1391 Oratio.
855 1337 988 1389 Esto
1005 1331 1205 1399 nobis,
1221 1329 1486 1399 Domine,
1511 1341 1736 1383 corona
1754 1322 1957 1394 gloriae
1987 1322 2175 1388 indie,

530 1423 895 1494 quoveneris
937 1427 1228 1478 saeculum
1273 1418 1542 1490 judicare
1586 1431 1690 1487 per
1718 1414 1939 1485 ignem,
1976 1417 2036 1468 ut
2080 1411 2177 1467 hic

527 1512 694 1583 prius
725 1512 997 1568 vestiaris
1030 1510 1382 1566 indumento
1413 1505 1674 1577 justitiae,
1707 1511 1762 1559 et
1791 1507 1928 1576 post
1953 1500 2173 1573 perfec-

528 1604 587 1657 ta
625 1601 824 1671 gloriae
851 1600 1136 1656 libertate.
1165 1596 1536 1666 Respondeat
1578 1593 1819 1648 Chorus.
1856 1590 2065 1646 Amen.

601 1692 708 1746 Per
732 1687 1203 1745 misericordiam
1239 1691 1421 1749 tuam,
1483 1685 1636 1738 Deus
1665 1685 1886 1736 noster.

600 1778 1013 1848 Antiphonat.
1043 1774 1270 1841 Quibus
1283 1788 1406 1828 non
1419 1777 1507 1827 est
1536 1773 1844 1825 narratum
1866 1767 1939 1822 de
1969 1783 2060 1837 eo,
2088 1767 2171 1823 vi-

529 1867 782 1924 debunt.
811 1865 874 1920 P.
897 1868 980 1932 Et,
1002 1864 1108 1936 qui
1131 1877 1254 1919 non
1275 1861 1610 1924 audierunt,
1637 1856 1982 1927 intelligent:
2012 1859 2174 1911 etas-

528 1955 757 2022 cendet,
782 1954 932 2009 sicut
972 1951 1296 2022 virgultum
1326 1963 1530 2005 coram
1576 1961 1668 2014 eo,
1718 1947 1776 2000 et
1825 1943 1979 1999 sicut
2001 1943 2175 2000 radix

522 2046 598 2103 de
624 2050 778 2102 terra
811 2041 1043 2099 sitienti.
1065 2039 1127 2099 3!.
1156 2043 1220 2095 In
1250 2054 1359 2094 sua
1375 2035 1605 2109 justitia
1623 2032 1922 2105 judicabit
1949 2048 2173 2104 paupe-

521 2151 616 2190 res
630 2133 856 2206 populi,
886 2135 944 2187 et
964 2130 1163 2186 salvos
1194 2127 1369 2184 faciet
1387 2126 1542 2182 filios
1577 2138 1936 2196 pauperum,
1961 2125 2016 2177 et
2053 2121 2169 2177 hu-

519 2222 776 2280 miliabit
803 2218 1321 2277 calumniatorem.
1351 2216 1392 2270 P
1447 2217 1532 2280 Et,
1552 2212 1656 2286 qui
1686 2227 1808 2268 non
1834 2211 2165 2266 audierunt.

519 2311 580 2372 V.
613 2310 827 2374 Gloria,
861 2315 916 2366 et
935 2307 1217 2364 honor.P.
1246 2308 1328 2370 Et,
1352 2304 1454 2376 qui
1483 2317 1604 2358 non
1627 2300 1959 2357 audierunt.

593 2401 815 2458 Oratio.
833 2398 1061 2465 Quibus
1075 2413 1198 2453 non
1211 2399 1298 2452 est
1321 2398 1633 2450 narratum
1645 2391 1719 2446 de
1735 2405 1826 2456 eo,
1842 2387 2126 2444 videbunt
2148 2406 2162 2457 ;

519 2493 594 2560 et,
621 2489 724 2562 qui
745 2486 1222 2550 nonaudierunt,
1259 2481 1620 2552 intelligent;
1643 2479 1787 2552 quia
1821 2477 2165 2551 spesﬁdain

515 2577 648 2650 ipso
664 2592 902 2649 semper
928 2578 1148 2639 manet,
1177 2574 1238 2628 in
1263 2587 1385 2644 quo
1407 2575 1494 2626 est
1514 2567 1776 2641 perfecta
1807 2566 2010 2636 gloriae
2044 2565 2163 2638 ple-

513 2666 742 2722 nitudo.
769 2663 1218 2736 Repleatitaque
1231 2677 1300 2716 os
1327 2663 1602 2714 nostrum
1609 2656 1998 2727 jocunditate,
2027 2657 2087 2710 ut
2105 2658 2162 2710 et

511 2770 631 2810 vox
661 2759 866 2810 nostra
895 2753 1024 2823 ejus
1067 2750 1311 2806 resultet
1363 2746 1698 2820 praeconiis,
1732 2750 1789 2801 et
1836 2744 2158 2817 impleatur

507 2844 713 2900 anima
741 2844 934 2899 donis.
962 2840 1326 2910 Respondeat
1362 2838 1608 2894 Chorus.
1659 2841 1866 2890 Amen.

581 2934 689 2988 Per
720 2930 1196 2987 misericordiam
1224 2933 1409 2984 tuam.

577 3021 924 3089 Antiphona
953 3023 1005 3073 2.
1035 3017 1302 3072 Exultate
1330 3015 1393 3070 in
1417 3012 1621 3069 laetitia
1673 3011 1878 3079 Jacob,
1926 3015 1983 3066 et
2011 3011 2151 3068 inite
2191 3043 2231 3098 ρ

505 3117 712 3164 contra
732 3112 912 3179 caput
940 3106 1228 3176 gentium.
1266 3103 1702 3168 P.Personate,
1748 3100 1956 3171 canite,
1982 3105 2035 3156 et
2065 3099 2149 3155 di-

503 3197 632 3253 cite.
666 3195 943 3261 P.Salva,
978 3193 1244 3258 Domine,
1280 3191 1571 3264 pOpulum
1623 3196 1808 3258 tuum,
1869 3188 2148 3260 reliquias

502 3286 700 3342 Israel.
734 3285 795 3346 ἲν.
818 3285 1040 3341 Sumite
1070 3283 1395 3355 psalmum,
1451 3285 1507 3336 et
1553 3279 1687 3335 date
1736 3285 2097 3350 tympanum
2131 3299 2145 3334 :

497 3374 847 3447 psalterium
873 3372 1208 3444 joeundum
1235 3387 1370 3426 cum
1409 3369 1658 3425 cithara.
1713 3367 1777 3422 P.
1805 3371 2142 3434 Personate,

496 3465 704 3526 eanite.
740 3463 801 3524 ἣν.
835 3461 1030 3518 Gloria
1053 3465 1110 3516 et
1127 3460 1337 3516 honor.
1367 3459 1430 3514 P.
1459 3457 1655 3528 Salva,
1697 3457 1962 3513 Domine.

569 3553 793 3608 Oratio.
817 3551 955 3617 Fac,
979 3565 1116 3621 nos,
1149 3547 1415 3612 Domine,
1435 3547 1611 3618 juste,
1637 3545 1836 3602 sobrie
1876 3550 1933 3602 et
1960 3545 2051 3616 pie
2081 3546 2142 3600 in

493 3639 609 3697 hoc
639 3639 856 3696 saeculo
873 3639 1090 3705 vivere,
1111 3641 1492 3710 expectantes
1504 3634 1922 3692 beatamillam
1947 3650 2139 3707 spem,

493 3734 551 3785 et
575 3728 910 3784 Adventum
939 3726 1219 3784 claritatis
1243 3725 1702 3796 magnificentiae
1744 3729 1856 3780 tuae
1905 3740 1919 3780 :
1961 3728 2018 3779 et
2055 3722 2140 3778 sic

491 3831 597 3889 per
627 3817 870 3873 semitas
896 3815 1136 3886 justitiae
1162 3829 1494 3879 curramus,
1530 3818 1592 3868 ut
1613 3812 1821 3868 merito
1856 3810 2139 3867 accedere

491 3905 569 3962 ad
599 3911 886 3962 aeternam
947 3902 1334 3960 hereditatem
1382 3903 1712 3974 possimus.
1765 3900 2138 3970 Respondeat

491 3995 736 4052 Chorus.
767 3998 967 4051 Amen.

565 4085 675 4156 3'7
713 4085 823 4139 Per
844 4080 1314 4138 misericordiam
1330 4083 1516 4145 tuam,
1567 4080 1720 4136 Deus
1735 4082 1953 4136 noster.

559 4185 622 4242 ἣν.
655 4171 983 4239 Placabilis,
1037 4169 1421 4233 Hierusalem,
1476 4166 1703 4224 veniam
1730 4167 1790 4223 in
1833 4167 2133 4224 montibus

485 4263 602 4319 tuis
635 4266 728 4318 :et
748 4259 1065 4330 exultabis,
1093 4258 1235 4331 quia
1282 4256 1409 4314 dies
1459 4256 1692 4313 Domini
1744 4257 1982 4313 venient
2004 4255 2127 4313 tibi.

487 4355 692 4422 Surge,
725 4351 863 4408 Sion
890 4369 903 4419 ;
933 4353 1271 4406 convertere
1322 4347 1398 4403 ad
1430 4348 1617 4402 Deum
1651 4347 2132 4417 tuum.Gaude,et

480 4440 701 4507 laetare,
725 4439 929 4495 Jacob.
957 4439 1026 4494 P.
1071 4436 1221 4503 Quia
1245 4436 1319 4492 de
1350 4435 1538 4492 medio
1565 4435 1829 4504 gentium
1869 4434 2132 4492 salvator

483 4534 620 4585 tuus
642 4529 882 4600 prodiit.
908 4526 968 4588 Ὶίν.
1003 4529 1335 4592 Revertere,
1367 4525 1491 4580 tilia
1520 4523 1657 4580 Sion
1693 4529 2018 4583 :revertere
2050 4523 2129 4580 ad

480 4619 747 4675 civitates
779 4622 930 4673 tuas:
985 4621 1296 4681 revertere,
1330 4614 1494 4684 virgo
1543 4612 1738 4669 Israel.
1767 4614 1846 4670 P.
1875 4612 2024 4678 Quia
2053 4613 2127 4668 de

477 4707 698 4764 medio.
730 4705 790 4767 il.
817 4706 1010 4762 Gloria
1037 4711 1094 4761 et
1125 4705 1318 4760 honor
1337 4702 1511 4759 Patri.
1553 4703 1881 4760 Reiteretur
1901 4713 1963 4772 Bg.
2002 4702 2129 4759 Pla-

479 4794 699 4863 cabilis,
742 4793 1127 4851 Hierusalem.

552 4884 755 4940 Omnia
783 4885 910 4940 alia
928 4885 1186 4955 asquein
1212 4882 1386 4953 ﬁnem
1407 4880 1699 4937 Matutini
1721 4879 2026 4946 dicantur,
2060 4884 2126 4934 ut

476 4972 539 5027 in
571 4979 740 5028 sexta
753 4972 914 5041 feria
943 4973 1157 5041 prima:
1188 4969 1554 5027 hebdomadw
1588 4969 1700 5038 fol.
1740 4970 1827 5024 13.
1852 4968 2124 5037 Excepta

473 5060 816 5130 Prophetia,
835 5076 964 5131 qum
977 5067 1060 5118 est
1079 5060 1336 5117 dicenda
1350 5059 1420 5116 de
1430 5059 1633 5130 quinto
1649 5056 1956 5113 Do-minino
1965 5071 2121 5126 prae-

474 5150 643 5206 terito
669 5149 784 5219 fol.
824 5150 912 5205 34.

543 5250 605 5310 Br.
641 5240 786 5294 Ecce
807 5238 1092 5309 majestas
1111 5237 1212 5294 Dei
1236 5237 1389 5292 venit
1409 5251 1514 5308 per
1534 5235 1708 5303 viam,
1725 5251 1861 5308 quae
1888 5233 2122 5307 respicit

470 5329 549 5386 ad
575 5329 863 5386 orientem
895 5346 907 5382 :
943 5332 1000 5384 et
1031 5327 1308 5398 voxejus,
1343 5326 1492 5382 sicut
1520 5343 1635 5383 vox
1660 5340 1957 5398 aquarum
1972 5325 2122 5381 mul-

468 5421 686 5476 tarum.
708 5417 774 5473 P.
808 5420 876 5473 Et
900 5421 1054 5474 terra
1083 5413 1386 5488 splenduit
1414 5431 1449 5471 a
1475 5413 1739 5471 claritate
1770 5413 2026 5470 Domini.
2054 5410 2119 5474 ἡ.

469 5507 700 5573 Audite,
726 5505 1050 5577 insulae;et
1091 5503 1396 5575 attendite,
1422 5503 1630 5576 populi
1669 5521 1682 5559 :
1715 5502 2119 5575 obstupescite

2253 0 2264 2 ν
2283 0 2836 18 --τ--σ-ἣηὴῌ
2867 14 2950 20 Ἠκ-
2985 18 2990 20 _

1800 217 2256 280 BHEVIARIUM
2295 218 2686 280 GOTHICUM.
3813 234 3891 293 104

2219 346 2262 398 Α
2296 347 2352 400 et
2384 344 2771 404 admiramini
2802 365 2815 404 :
2840 353 3075 407 montes
3101 349 3266 406 enim
3295 353 3822 429 commovebuntur,
3849 368 3898 421 et

2296 436 2708 493 concutientur
2745 436 3141 496 fundamenta
3184 445 3371 497 terras.
3405 440 3546 497 P.Et
3567 447 3711 501 terra
3733 446 3895 519 splen-

2293 522 2438 579 duit.
2460 524 2522 584 ἲν.
2551 523 2764 591 Gloria,
2793 531 2848 584 et
2877 527 3089 585 honor.
3125 529 3453 586 Reiteretur
3479 531 3894 603 Responsorium.

2293 613 2438 667 Ecce
2468 613 2768 684 majestas.

2363 698 2424 758 ἲν.
2449 698 2684 758 Clamor
2707 701 2897 758 factus
2911 708 3019 760 est:
3049 720 3182 761 ecce
3197 720 3457 778 sponsus
3488 708 3661 765 venit.
3688 711 3739 768 P.
3766 713 3898 770 Exite

2291 787 2530 844 obviam
2563 791 2633 846 ei.
2675 791 2735 852 ἲν.
2798 792 3167 864 Benedictus,
3217 795 3321 867 qui
3378 797 3538 852 venit
3591 798 3650 853 in
3701 801 3900 859 nomine

2293 875 2554 944 Domini,
2583 894 2684 934 rex
2718 879 2917 938 Israel.
2939 882 2997 934 P.
3020 882 3196 937 Exite.
3227 882 3288 942 V.
3313 882 3522 950 Gloria,
3555 886 3792 945 ethonor
3813 893 3903 949 Pa-

2291 966 2623 1023 Reiteretar
2665 967 3143 1038 Responsorium.
3180 963 3418 1029 Clamor
3441 972 3633 1030 factus
3672 981 3762 1033 est.

2355 1065 2416 1120 av.
2451 1057 2595 1110 Ecce
2625 1057 2912 1113 Dominus
2943 1058 3221 1116 ascendet
3253 1077 3434 1132 super
3469 1063 3693 1120 nubem
3717 1065 3898 1126 levem.

2291 1139 2355 1194 P.
2393 1144 2456 1197 Et
2502 1143 2866 1213 ingredietur
2911 1150 3257 1219 Aigyptum,
3286 1155 3361 1217 et,
3395 1156 3458 1206 ut
3487 1167 3590 1207 rex
3629 1152 3796 1222 fortis,
3817 1157 3905 1214 do-

2289 1229 2618 1288 minabitur
2641 1235 2866 1290 cunctis
2906 1235 3281 1304 gentibusJV.
3325 1239 3478 1295 Deus
3518 1242 3904 1303 manifesteve-

2287 1319 2409 1376 niet
2433 1323 2488 1376 et
2515 1337 2634 1376 non
2654 1322 2864 1379 silebit.
2897 1324 2956 1377 P.
3007 1327 3072 1380 Et
3106 1325 3489 1398 ingredietur.
3513 1329 3574 1389 Y.
3633 1332 3820 1400 Gloria,
3853 1341 3901 1394 et

2285 1407 2496 1465 honor.
2533 1413 2590 1465 P.
2617 1413 2680 1467 Et
2717 1411 3097 1483 ingredietur.

2355 1497 2416 1558 tr.
2451 1500 2595 1555 Ecce
2644 1501 2932 1557 Dominus
2993 1503 3201 1570 veniet,
3231 1508 3285 1560 et
3333 1520 3454 1562 non
3514 1509 3822 1567 mentietur.
3844 1514 3900 1573 P.

2285 1587 2425 1653 Et,si
2444 1605 2675 1645 moram
2690 1590 2909 1661 fecerit,
2924 1597 3170 1665 excepta
3185 1591 3352 1650 illum
3367 1614 3380 1663 ;
3397 1597 3683 1668 quoniam
3704 1601 3893 1668 veniet,

2205 1693 2250 1747 Β
2287 1681 2341 1732 et
2366 1692 2486 1733 non
2511 1678 2782 1734 tardabit.
2812 1679 2872 1740 ἢν.
2903 1681 3011 1746 Qui
3048 1682 3256 1740 emittit
3287 1683 3594 1758 eloquium
3620 1690 3787 1755 terrae,
3815 1705 3904 1746 ve-

2285 1764 2486 1822 lociter
2516 1769 2694 1824 currit
2724 1785 2920 1825 sermo
2950 1770 3099 1841 ejus.
3124 1774 3182 1826 P.
3215 1774 3297 1839 Et,
3331 1773 3380 1828 si
3424 1790 3674 1843 moram,
3702 1777 3899 1836 fecerit.

2284 1853 2344 1914 ἲν.
2375 1855 2584 1921 Gloria,
2615 1862 2671 1912 et
2695 1856 2888 1913 honor
2926 1859 3074 1915 Patri
3115 1863 3171 1916 P.
3201 1862 3282 1933 Et,
3312 1861 3359 1916 si
3388 1878 3641 1919 moram.

2355 1943 2414 2004 ἢν.
2450 1946 2676 2001 Orietur
2698 1946 3038 2002 timentibus
3079 1950 3262 2005 Deum
3295 1950 3384 2006 sol
3403 1949 3668 2022 justitiae,
3692 1958 3741 2010 et
3760 1955 3908 2012 sani-

2287 2036 2374 2087 tas
2404 2032 2463 2088 in
2487 2033 2697 2105 pennis
2715 2034 2937 2105 ejus.V.
2961 2035 3263 2093 Orieturin
3302 2037 3512 2095 diebus
3533 2041 3902 2113 ejusjustitia,

2283 2123 2338 2176 et
2363 2121 2734 2179 abundantia
2764 2123 2927 2194 pacis
2958 2141 2970 2180 :
3001 2124 3194 2182 donec
3231 2127 3544 2184 extollatur
3569 2129 3727 2187 luna.
3753 2133 3818 2188 P.
3841 2135 3908 2191 Et

2281 2209 2524 2266 sanitas.
2548 2210 2610 2272 ἲν.
2639 2210 2849 2278 Gloria,
2879 2217 2933 2268 et
2953 2213 3146 2271 honor
3193 2215 3371 2281 Patri,
3401 2222 3458 2274 et
3482 2217 3647 2290 Filio,
3665 2225 3717 2277 et
3742 2221 3906 2294 Spiri-

2279 2298 2363 2354 tui
2395 2299 2628 2356 Sancto.
2649 2301 2718 2355 P.
2751 2301 2815 2356 Et
2861 2302 3101 2358 sanitas.

2345 2388 2456 2446 Ad
2493 2389 2768 2459 Vesperos
2799 2389 3062 2464 dicatur,
3111 2399 3176 2448 ut
3213 2393 3275 2450 in
3295 2394 3454 2464 feria
3497 2402 3666 2454 sexta
3698 2399 3905 2468 prima

2278 2475 2675 2536 hebdomadam

2825 2571 3034 2626 FERIA
3079 2571 3363 2637 QUINTA.

2833 2661 2931 2716 Ad
2981 2660 3348 2719 Matutinum

2341 2746 2700 2810 Antiphona.
2725 2747 2992 2816 Domine,
3017 2749 3165 2822 quid
3187 2751 3555 2824 multiplicati
3575 2757 3736 2810 sunt?
3767 2754 3908 2813 Cum

2267 2851 2376 2892 sua
2389 2836 3031 2908 OrationeMultiplicati
3056 2841 3908 2914 sunt,Domine,Requirefot.8.

2337 2925 2673 2994 Antz'pliona
2699 2927 2750 2980 i.
2784 2928 2926 2982 Ecce
2954 2927 3240 2983 Dominus
3286 2930 3571 2987 ascendet
3602 2947 3778 3004 super
3801 2949 3914 2989 nu-

2262 3011 2401 3068 bem
2435 3013 2643 3069 levem.
2669 3015 2738 3070 P.
2767 3017 2833 3070 Et
2861 3016 3225 3086 ingredietur
3252 3019 3594 3091 Egyptum.
3621 3019 3684 3076 P.
3719 3020 3911 3095 Et,:ut

2259 3117 2360 3156 rex
2401 3101 2586 3171 fortis,
2618 3102 3026 3160 dominabitur
3046 3105 3276 3162 cunctis
3309 3107 3603 3176 gentibus.
3633 3107 3694 3169 ἡ.
3751 3112 3908 3166 Deus

2258 3191 2567 3247 manifeste
2595 3193 2808 3260 veniet,
2833 3193 2986 3249 Deus
3007 3199 3243 3262 noster;
3273 3202 3328 3252 et
3350 3212 3470 3252 non
3497 3196 3706 3253 silebit.
3733 3199 3790 3252 P.
3840 3202 3908 3254 Et

2256 3277 2638 3349 ingredietur.
2659 3279 2720 3342 ῆν.
2759 3280 2970 3348 Gloria,
3003 3289 3056 3337 et
3098 3284 3292 3340 honor
3339 3284 3513 3356 Patri,
3564 3290 3621 3342 et
3652 3285 3811 3342 Filio.
3841 3289 3904 3343 P.

2255 3369 2338 3433 Et,
2369 3372 2433 3423 ut
2452 3385 2553 3425 rex
2573 3368 2761 3435 fortis,
2804 3369 3234 3428 dominabitur.

2326 3458 2550 3516 Oratio.
2585 3461 2724 3515 Ecce
2751 3459 3165 3532 supernubem
3201 3466 3256 3517 te
3275 3462 3594 3518 Dominum
3622 3479 3918 3520 ascensu-

2251 3562 2384 3602 rum
2418 3547 2842 3620 Prophetarum
2867 3549 3148 3607 vaticinia
3178 3551 3579 3623 praedixerunt
3613 3568 3626 3607 :
3658 3558 3717 3609 et
3766 3553 3914 3612 ideo

2251 3639 2305 3691 te
2330 3641 2788 3706 queesumus,ut,
2813 3637 2917 3710 qui
2931 3638 3073 3694 olim
3087 3640 3148 3694 in
3162 3655 3338 3696 carne
3352 3641 3913 3706 nasciturus,mun-

2249 3722 2395 3781 dum
2438 3724 2832 3798 uliqueistum
2858 3726 3200 3798 ingrediens
3215 3744 3319 3784 rex
3344 3728 3533 3795 fortis,
3563 3729 3924 3789 dominium

2248 3828 2353 3885 per
2373 3813 2552 3870 ﬁdem
2581 3814 2888 3872 obtinuisti
2919 3815 2979 3871 in
3013 3817 3320 3889 gentibus;
3355 3819 3522 3890 pium
3557 3822 3610 3874 te
3638 3819 3704 3874 in
3728 3820 3926 3877 nobis

2247 3903 2551 3968 ostendas,
2579 3919 2717 3960 eum
2765 3907 3110 3978 apparueris
3158 3906 3476 3979 gloriosus.
3528 3908 3920 3980 Respondeat

2249 3992 2499 4049 Chorus.
2534 3994 2743 4049 Amen.

2313 4082 2418 4136 Per
2445 4080 2915 4138 misericordiam
2945 4087 3132 4153 tuam,
3171 4083 3325 4138 Deus
3355 4088 3577 4140 noster.

2311 4169 2648 4239 Antiphona
2671 4173 2722 4225 2.
2750 4173 2894 4228 Ecce
2925 4171 3211 4228 Dominus
3260 4172 3477 4242 veniet,
3503 4179 3560 4229 et
3584 4189 3712 4229 non
3736 4189 3930 4232 men-

2242 4256 2430 4314 tietur.
2467 4257 2535 4316 P.
2571 4261 2657 4325 Et,
2673 4258 2722 4314 si
2741 4275 2972 4316 moram
3004 4259 3222 4324 fecerit,
3257 4265 3504 4333 expecta
3527 4261 3933 4336 illum;quo—

2240 4345 2402 4402 niam
2427 4346 2667 4402 veniens
2701 4347 2911 4413 veniet,
2946 4353 3003 4405 et
3031 4364 3154 4404 non
3184 4348 3465 4407 tardabit.
3487 4348 3548 4409 ἲν.
3581 4352 3699 4416 Qui
3721 4352 3931 4410 mittit

2239 4432 2545 4506 eloquium
2579 4451 2755 4491 suum
2779 4441 2966 4504 terrae,
3007 4437 3282 4494 velociter
3301 4438 3482 4494 currit
3502 4453 3708 4495 sermo
3742 4441 3930 4511 ejus.

2238 4523 2296 4576 P.
2322 4525 2404 4590 Et,
2440 4523 2490 4578 si
2527 4539 2781 4582 moram.
2821 4522 2864 4585 v
2889 4524 3179 4590 Gloria,et
3211 4525 3405 4581 honor
3436 4526 3610 4592 Patri,
3649 4532 3709 4584 et
3735 4528 3941 4598 Filio,

2238 4617 2294 4668 et
2326 4611 2563 4684 Spiritui
2588 4614 2822 4670 Sancto.
2844 4614 2900 4667 P.
2927 4616 3014 4682 Et,
3049 4614 3098 4670 si
3152 4630 3388 4670 moram
3413 4614 3632 4672 fecerit.

2311 4701 2536 4758 Oratio.
2551 4704 2946 4774 Expectamus
2964 4708 3037 4770 te,
3057 4704 3626 4777 Domine,quoniam
3642 4705 3955 4763 veniens

2235 4790 2456 4846 venies.
2477 4793 2877 4862 Nunctamen,
2907 4792 3052 4864 quia
3075 4807 3328 4863 regnum
3360 4799 3529 4848 tuum
3568 4809 3775 4866 supra
3808 4800 3963 4852 ter-

2234 4878 2434 4935 minos
2457 4884 2624 4936 terree
2670 4881 3011 4952 agnoscitur
3043 4898 3056 4948 ;
3089 4896 3212 4937 non
3243 4886 3297 4937 te
3329 4883 3644 4937 mentitum
3674 4881 3957 4950 fuisse,

2234 4967 2548 5024 inﬁrmitas
2579 4973 2782 5026 nostra
2798 4970 3181 5042 conqueritur
3214 4989 3227 5028 :
3253 4972 3320 5026 Et
3339 4970 3474 5026 ideo
3491 4978 3959 5043 expectamus

2233 5063 2288 5114 te
2313 5057 2604 5115 desiderio
2635 5059 2907 5127 humiles,
2927 5065 3012 5128 ut,
3051 5075 3189 5115 cum
3224 5059 3481 5125 veneris,
3516 5059 3765 5117 efﬁcias
3797 5078 3970 5120 nos

2235 5147 2338 5204 tibi
2355 5147 2479 5204 sine
2499 5147 2616 5204 ﬁne
2650 5152 2974 5205 consortes.
3009 5148 3377 5218 Respondeat
3401 5149 3640 5204 Chorus.
3673 5155 3974 5212 Amen-

2303 5237 2412 5293 Per
2448 5237 2908 5294 misericordiam
2947 5242 3131 5303 tuam,
3177 5239 3333 5292 Deus
3365 5241 3584 5294 noster.

2301 5329 2634 5398 Antiphona
2660 5333 2711 5384 3.
2747 5329 2973 5385 Orietur
2996 5328 3342 5384 timentibus
3370 5329 3559 5384 Deum
3588 5328 3700 5384 Sol
3733 5330 3994 5401 justi-

2231 5417 2344 5473 tiae.
2376 5418 2414 5469 Ρ
2437 5419 2502 5474 Et
2531 5417 2754 5474 sanitas
2782 5418 2842 5473 in
2875 5417 3086 5490 pennis
3114 5418 3261 5489 ejus.
3285 5416 3349 5479 ἲν.
3400 5417 3631 5474 Orietur
3665 5419 3747 5474 in
3802 5419 4018 5478 die-

2231 5504 2338 5561 bus
2351 5505 2400 5577 ej
2414 5522 2478 5562 us
2485 5505 2504 5578 j
2515 5506 2794 5579 ustitia,et
2804 5505 3168 5565 abundantia
3180 5505 3551 5579 paeis:donee
3565 5507 3944 5566 extollatu
3955 5529 4020 5569 ιι
