4118 6184
589 303 680 356 111

1831 278 2283 344 BREVIARIUM
2323 278 2690 334 GOTHICUM
2705 321 2716 334 .

3842 286 3926 339 112

649 423 880 479 Lauda.
901 421 1185 489 Universi,
1215 433 1318 491 qui
1348 420 1402 473 te
1433 420 1763 489 expectant.
1805 413 2068 470 Alleluia.
2097 411 2225 464 Non
2257 405 2299 459 A
2333 407 2552 460 terram
2589 408 2682 470 ,et
2703 403 2845 460 dicit
2875 402 2952 459 ad
2982 401 3141 491 Sion.
3167 401 3243 456 P.
3269 400 3460 491 Quare
3477 415 3732 459 maerore.
3753 404 3805 463 ir.
3825 405 3930 463 Glo-

581 488 1658 574 confundentur.__Alleluia.P.Quiatu
1674 520 1736 560 es
1765 507 1916 558 Deus
1952 495 2225 554 salutaris
2336 493 2442 560 ria,
2476 497 2533 547 et
2560 492 2769 547 honor.
2805 491 2873 548 P.
2902 490 3052 556 Quia
3074 488 3422 544 incurvavit.

580 615 777 656 meus.
805 598 1074 663 Alleluia,
1093 595 1347 659 alleluia,
1407 594 1662 650 alleluia.
1719 591 2114 660 v.Dirigeme
2167 585 2228 638 in

580 688 823 744 veritate
853 694 982 741 tua:
1013 685 1196 741 edoce
1220 699 1336 749 me,
1391 683 1536 754 quia
1572 686 1634 737 tu
1659 697 1724 738 es
1756 683 1909 736 Deus
1959 675 2228 732 Salvator

581 791 773 832 meus.
799 777 866 830 P.
897 775 1048 840 Quia
1078 780 1158 829 tu.
1185 772 1249 832 v.
1313 770 1527 837 Gloria,
1569 773 1626 826 et
1665 769 1859 826 honor
1894 765 2068 831 Patri,
2119 769 2226 816 etc-

582 865 646 918 P.
691 863 842 928 Quia
863 867 926 918 tu
957 877 1019 918 es
1059 864 1230 917 Deus.

659 951 889 1010 Oratio.
930 949 1266 1014 Consolare,
1313 947 1581 1011 Domine,
1625 944 2082 1017 expectantium.
2131 940 2231 994 Re-

586 1041 757 1111 quire
789 1039 902 1106 fol.
934 1037 1024 1092 40.

877 1164 1034 1217 πτειωι
1083 1176 1326 1217 SECUNDA
1359 1176 1550 1216 sane
1573 1173 1944 1215 BEBDOHADE.

1154 1276 1244 1331 Ad
1271 1276 1658 1332 Matutinum.

660 1402 1031 1472 Antiphona.
1064 1401 1330 1464 Domine,
1355 1399 1502 1472 quid
1540 1395 1911 1470 multiplicati
1935 1401 2071 1449 sunt
2101 1394 2128 1449 ?

665 1492 892 1546 Oratio.
931 1488 1288 1560 Multiplicati
1317 1495 1471 1553 sunt,
1499 1486 1765 1542 Domine.
1787 1482 2146 1554 Requirefol.
2177 1481 2230 1533 8.

660 1578 1176 1647 AntiphonaEcce
1188 1591 1299 1646 ego
1316 1575 1616 1631 adducam
1628 1573 1818 1629 ﬁlium
1831 1587 2023 1626 meum
2039 1570 2236 1626 Orien-

590 1673 730 1732 tem,
755 1667 893 1722 dicit
916 1665 1453 1730 I)ominus.P.Quia
1480 1664 1842 1734 lapis,quem
1864 1659 1999 1715 dedi
2033 1673 2236 1714 coram

590 1758 752 1824 Jesu,
772 1761 998 1826 septem
1024 1754 1084 1808 in
1100 1768 1171 1808 eo
1193 1751 1346 1808 oculi
1379 1757 1534 1808 sunt.
1562 1751 1623 1811 ὴ.
1675 1752 1881 1805 Manus
1920 1746 2079 1802 enim
2104 1761 2240 1802 mea
2270 1754 2313 1807 B

592 1843 975 1900 auxiliabitur
1003 1849 1077 1908 et,
1103 1844 1160 1897 et
1181 1839 1493 1896 brachium
1514 1853 1716 1894 meum
1730 1835 2235 1893 confortabitcum

591 1935 654 1988 P.
689 1933 838 1997 Quia
872 1930 1046 2002 lapis,
1072 1945 1274 2002 quem.
1308 1929 1370 1988 77.
1397 1927 1608 1994 Gloria,
1641 1933 1697 1982 et
1728 1927 1922 1982 honor
1950 1923 2120 1980 Patri.
2155 1925 2235 1981 P.

599 2020 747 2085 Quia
767 2019 938 2090 lapis,
966 2033 1168 2090 quem.

665 2107 779 2180 42
813 2107 1039 2163 Oratio.
1083 2108 1234 2162 Deus
1263 2106 1435 2162 Pater
1455 2105 1559 2177 qui
1588 2104 1796 2159 Filium
1830 2109 1997 2158 tuum
2044 2101 2241 2156 Domi-

595 2211 741 2252 num
763 2200 1035 2252 nostrum
1058 2196 1260 2250 Jesum
1275 2194 1569 2250 Christum
1596 2193 1732 2248 oriri
1763 2191 1952 2247 fecisti
1980 2192 2042 2246 in
2063 2205 2239 2247 carne

593 2291 860 2358 tempore
885 2283 1314 2339 lncarnationis
1341 2299 1498 2338 suae:
1528 2280 1788 2337 concede
1820 2279 2018 2344 nobis,
2063 2282 2128 2334 ut
2179 2279 2241 2334 in

594 2376 723 2447 ejus
751 2373 994 2440 visione,
1013 2387 1150 2427 cum
1177 2371 1254 2427 ad
1271 2371 1564 2442 judicium
1579 2369 1824 2435 venerit,
1847 2384 1950 2424 cor
1966 2371 2241 2423 nostrum

592 2463 888 2526 reﬂoreat,
915 2459 1413 2517 etconsolationis
1439 2459 1667 2515 donum
1688 2458 1762 2514 de
1801 2457 2049 2513 visionis
2111 2456 2240 2527 ejus

595 2551 830 2622 gaudiis
855 2550 1242 2621 adipiscatur.
1284 2560 1346 2618 Bg.
1380 2551 1587 2603 Amen.

665 2641 773 2695 Per
799 2637 1264 2694 misericordiam
1287 2641 1472 2702 tuam,
1509 2638 1662 2691 Deus
1692 2639 1916 2690 noster.

662 2726 1026 2797 Antiphona.
1047 2725 1224 2788 Quasi
1243 2724 1502 2780 diluculo
1512 2726 1887 2795 praeparatus
1901 2725 1992 2778 est
2005 2720 2235 2777 Adven-

591 2820 684 2871 tus
711 2813 1042 2870 Domini.P.
1080 2815 1144 2868 Et
1159 2813 1354 2868 veniet
1383 2812 1578 2882 nobis,
1607 2810 1990 2882 quasiimber
2010 2813 2238 2881 tempo-

587 2919 824 2968 raneus,
851 2900 1238 2958 etserotinus.
1258 2901 1320 2959 ἲν.
1351 2901 1570 2956 Omnes
1583 2904 1807 2970 gentes,
1831 2899 2098 2970 plaudite
2113 2913 2237 2953 ma-

589 2992 766 3047 nibus
800 3008 813 3045 :
839 2989 1089 3060 juhilate
1116 2992 1234 3044 Deo
1259 2989 1320 3044 in
1369 3003 1515 3044 voce
1579 2988 1977 3045 exultationis.
2038 2989 2112 3044 P.
2170 2989 2238 3042 Et

588 3079 786 3134 veniet
809 3077 1003 3134 nobis.
1032 3077 1093 3135 in
1124 3077 1338 3139 Gloria,
1363 3081 1420 3131 et
1445 3077 1640 3132 honor
1674 3077 1844 3140 Patri,
1899 3080 2007 3132 etc.
2049 3077 2112 3131 P.
2173 3077 2238 3130 Et
2276 3096 2316 3152 ρ

589 3167 804 3222 veniet.

661 3254 875 3310 Oratio.
902 3252 1170 3308 Diluculo
1183 3267 1489 3323 egressum
1507 3257 1699 3316 tuum,
1716 3253 1939 3308 Christe
1965 3253 2232 3318 Domine,

588 3345 991 3413 praeparatum
1005 3340 1189 3396 fuisse
1228 3338 1681 3411 cognoscimus:
1708 3339 1843 3394 ideo
1856 3343 1910 3394 te
1923 3354 2232 3410 rogamus,

590 3433 670 3496 ut,
711 3429 815 3500 qui
835 3428 1026 3484 imber
1064 3433 1506 3499 temporaneus,
1529 3429 1590 3485 et
1611 3427 1906 3483 serotinus
1953 3432 2118 3483 ortus
2169 3443 2232 3483 es

587 3516 778 3583 terris,
808 3520 1024 3572 terram
1045 3514 1242 3571 cordis
1263 3515 1448 3571 nostri
1491 3514 1971 3571 indeﬁcientibus
2025 3515 2234 3586 irriges

588 3603 808 3674 pluviis
839 3609 952 3659 tute
986 3603 1453 3671 benedictionis;
1487 3608 1570 3674 ut,
1592 3603 1696 3675 qui
1725 3603 1905 3675 primi
1929 3603 2235 3659 Adventus

589 3693 672 3746 tui
693 3690 908 3748 festum
927 3692 1137 3748 devote
1157 3692 1796 3764 suscipimus,secundi
1827 3691 2130 3748 Adventus
2149 3691 2233 3747 tui

587 3780 1063 3836 manifestatione
1095 3781 1418 3837 salvemur.
1448 3792 1511 3848 Βι.
1540 3784 1748 3835 Amen.

657 3868 767 3923 Per
796 3867 1260 3924 misericordiam
1284 3873 1473 3936 tuam,
1502 3871 1654 3924 Deus
1693 3873 1915 3931 uoster,
1964 3872 2074 3923 etc.

656 3957 1027 4026 Antiphona.
1059 3959 1120 4012 3.
1159 3956 1771 4013 SuscitavitDominus
1792 3956 1870 4013 ab
1899 3957 2122 4013 oriente
2145 3957 2235 4026 ju-

587 4049 763 4101 stum.
793 4043 1132 4100 P.Dabitin
1158 4045 1624 4116 conspectuejus
1641 4046 1871 4102 Gentes.
1899 4045 2044 4100 P.Et
2061 4059 2232 4114 reges

583 4133 930 4190 abstinebit.
968 4132 1029 4192 ἢν.
1058 4135 1304 4201 Magnus
1333 4132 1620 4188 Dominus
1663 4138 1884 4199 noster,
1917 4138 1973 4189 et
2010 4148 2234 4201 magna

584 4223 770 4279 virtus
802 4223 951 4293 ejus,
984 4225 1041 4278 et
1064 4221 1373 4293 sapientiae
1393 4221 1523 4291 ejus
1553 4237 1677 4278 non
1716 4227 1803 4277 est
1830 4238 2141 4286 numerus,
2167 4223 2229 4276 P.

584 4313 757 4369 Dabit
783 4313 844 4369 in
873 4315 1216 4385 conspectu.
1251 4311 1317 4371 v.
1359 4310 1574 4383 Gloria,
1603 4316 1661 4368 et
1694 4313 1890 4369 honor
1927 4313 2097 4384 Patri,
2119 4316 2230 4370 etc.

581 4400 650 4459 P.
680 4401 752 4457 Et
775 4415 966 4472 reges.

655 4491 877 4547 Oratio.
901 4490 1055 4546 Deus
1070 4487 1373 4560 Pater,qui
1390 4488 1468 4545 ab
1489 4489 1713 4545 oriente
1734 4491 1760 4544 J
1767 4493 1969 4546 ustum
2003 4490 2230 4547 exusci-

581 4585 672 4636 tas
701 4597 713 4635 :
738 4579 819 4636 da
837 4578 1033 4647 nobis,
1057 4582 1122 4633 ut
1138 4578 1199 4633 in
1225 4578 1354 4648 ejus
1386 4578 1882 4650 amplexu,quem
1901 4579 1980 4635 ad
1995 4580 2227 4637 redem-

577 4669 846 4741 ptionem
856 4671 1122 4724 nostram
1135 4666 1343 4722 misisti
1372 4671 1588 4723 nostrae
1612 4666 1818 4722 animm
1831 4667 2186 4725 reviviscant
2210 4686 2223 4733 ;

579 4762 642 4815 ut
661 4759 689 4812 J
700 4757 830 4828 usti,
849 4757 953 4830 qui
980 4755 1108 4812 sine
1140 4755 1386 4813 alterius
1409 4755 1648 4827 justitiw
1679 4755 2227 4827 participationeest

576 4848 792 4915 Justus,
821 4844 1140 4918 participes
1169 4860 1317 4913 esse,
1349 4848 1402 4901 te
1449 4843 1726 4917 propitio,
1769 4859 2126 4900 mereamur.
2159 4858 2221 4906 Ην.

577 4933 786 4989 Amen.

644 5021 754 5078 Per
777 5021 1246 5079 misericordiam
1271 5027 1456 5078 tuam.

647 5122 712 5179 It.
745 5111 1110 5169 Hierusalem
1149 5109 1260 5166 cito
1310 5109 1508 5166 veniet
1554 5109 1717 5166 salus
1761 5113 1885 5167 tua.
1917 5112 1978 5164 P.
2033 5112 2226 5177 Quare

574 5214 828 5256 maerore
847 5198 1215 5255 consumeris
1235 5199 1264 5254 Ἰ
1287 5197 1588 5271 numquid
1600 5213 1701 5254 rex
1718 5213 1839 5255 non
1852 5199 2056 5255 esttibi
2075 5199 2104 5253 ?
2124 5203 2226 5257 aut

570 5288 940 5346 consiliarius
957 5291 1092 5344 tuus
1113 5287 1324 5360 periit?
1343 5287 1408 5341 P.
1429 5287 1580 5352 Quia
1604 5286 1938 5345 incurvavit
1955 5292 2009 5344 te
2030 5287 2219 5353 dolor,

569 5378 719 5434 sicut
739 5377 1197 5450 parturientem,
1218 5375 1553 5442 salvabote,
1597 5377 1968 5434 etinnovabo
1984 5381 2035 5434 te
2053 5397 2068 5449 ;
2098 5377 2221 5434 noli

568 5483 802 5539 pavere.
833 5467 897 5526 V.
915 5469 1060 5523 Ecce
1090 5464 1322 5522 vocabo
1353 5481 1588 5522 servum
1613 5482 1835 5533 meum,
1888 5471 1944 5522 et
1993 5481 2220 5538 ponam

566 5555 754 5612 verba
782 5571 918 5614 mea
942 5555 1005 5612 in
1034 5570 1136 5614 ore
1157 5554 1307 5627 ejus,
1336 5558 1399 5612 ut
1428 5553 1654 5627 plantet
1691 5555 1897 5618 caelos,
1929 5557 1987 5611 et
2011 5553 2222 5614 fundet

2264 4447 2308 4501 D

2411 580 2634 635 Oratio.
2666 582 2819 635 Deus
2841 580 2940 633 Dei
2968 577 3166 644 Filius,
3193 577 3299 648 qui
3323 577 3598 633 auditum
3657 580 3838 636 faciens
3862 583 3928 639 ab

2338 668 2615 724 extremis
2643 672 2826 734 terrae,
2841 667 3071 723 mundo
3097 666 3429 738 apparuisti
3440 667 3502 722 in
3521 683 3691 725 carne
3697 689 3714 740 ;
3729 672 3931 728 restitue

2338 757 2592 828 teipsum
2623 757 2960 814 mercedem
2985 755 3124 811 fidei
3140 759 3392 810 nostrai:
3415 760 3495 819 ut,
3518 756 3622 828 qui
3646 773 3774 830 opus
3788 765 3934 816 tuum

2339 845 2609 902 mirabile
2633 845 3056 918 praedicamus,
3087 843 3360 900 mercede
3394 844 3513 910 illa,
3549 862 3680 918 quae
3698 864 3864 905 coram
3886 855 3933 908 te

2339 938 2444 1005 est,
2476 934 2817 1007 opulentius
2846 948 3250 990 muneremur.
3293 944 3358 1002 Ην.
3390 938 3598 990 Amen.

2411 1027 2516 1079 Per
2543 1023 3011 1080 misericordiam
3043 1028 3232 1094 tuam,
3251 1023 3404 1078 Deus
3446 1029 3665 1079 noster.

2414 1113 2627 1169 Omm‘a
2641 1115 2788 1181 alia,
2803 1129 2927 1183 qua"
2966 1117 3297 1184 sequuntur
3323 1127 3500 1182 usque
3519 1117 3581 1168 in
3595 1115 3753 1181 ﬁnem
3771 1117 3937 1173 Matu-

2343 1201 2460 1256 tim‘
2482 1201 2851 1268 dicantmgut
2877 1203 2938 1257 in
2960 1201 3219 1257 secunda
3226 1201 3389 1271 feria
3398 1203 3606 1270 prima?
3618 1203 3939 1264 hebdomade

2338 1289 2454 1358 fol.
2483 1291 2798 1359 ἆρχε-θρῖα
2819 1287 3296 1360 ρνομὴειίᾰ,ᾳακ
3312 1289 3533 1345 dicitur
3564 1292 3636 1348 de
3677 1295 3939 1352 Dominico

2342 1384 2507 1434 sexto
2524 1380 2850 1447 praeterito.
2873 1380 2987 1447 fol.
3028 1379 3117 1433 40.
3150 1378 3244 1433 Ad
3305 1379 3602 1451 Vesperos,
3631 1386 3691 1436 ut
3715 1397 3869 1454 supra
3886 1386 3942 1440 in

2343 1468 2603 1524 secunda
2627 1467 2797 1537 feria.

2583 1556 2653 1610 IN
2692 1557 2945 1611 VIGILIA
2976 1555 3407 1612 NATIVITATIS
3439 1556 3696 1612 DOMINI.

2918 1642 3015 1696 Ad
3068 1643 3436 1698 Matutinum

2418 1739 3350 1810 Antiphona.Lavame,Domine,
3385 1739 3463 1795 ab
3523 1740 3794 1810 injustitia
3807 1759 3959 1801 mea:

2349 1833 2407 1884 et
2439 1844 2475 1884 a
2505 1829 2764 1899 peccatis
2792 1828 2935 1883 meis
2953 1828 3185 1883 munda
3207 1843 3310 1884 cor
3329 1844 3558 1884 meum.
3596 1829 3801 1890 Psalm.
3824 1850 3896 1903 L.,

2429 1917 2655 1973 Oratio.
2678 1919 2851 1988 Deus,
2887 1916 2989 1972 Dei
3018 1915 3220 1972 Filius.
3254 1917 3497 1987 Require
3515 1919 3700 1986 [01.3.

2422 2005 2782 2076 Antiphona.
2809 2003 2969 2060 Exiet
2990 2004 3158 2076 virga
3180 2003 3253 2059 de
3297 2005 3510 2061 Radice
3535 2008 3691 2064 Jesse
3710 2008 3768 2062 P.
3790 2012 3851 2066 Et
3870 2009 3982 2068 ﬂos

2351 2093 2426 2148 de
2451 2093 2648 2149 radice
2673 2095 2802 2164 ejus
2831 2093 3130 2158 ascendet,
3147 2097 3204 2148 et
3229 2093 3556 2164 requiescet
3576 2095 3637 2150 in
3653 2111 3718 2151 eo
3739 2097 3981 2168 Spiritus

2354 2182 2606 2247 Domini,
2639 2182 2878 2254 spiritus
2901 2181 3211 2253 sapientiae
3248 2181 3628 2252 septiformis.
3662 2184 3721 2242 in
3761 2186 3989 2256 Virgam

2353 2270 2580 2326 virtutis
2609 2276 2722 2326 tuae
2755 2270 2980 2325 emittet
3005 2271 3291 2324 Dominus
3311 2285 3382 2325 ex
3395 2271 3574 2326 Sion:
3607 2272 3900 2331 dominare
3925 2277 3993 2333 in

2352 2359 2550 2414 medio
2581 2359 2956 2414 inimicorum
2991 2362 3252 2413 tuorum.
3284 2358 3344 2417 )7.
3389 2361 3450 2414 Et
3473 2359 3585 2416 ﬂos
3614 2360 3686 2416 de
3707 2363 3988 2423 radiceﬁ’.

2351 2447 2566 2516 Gloria,
2590 2453 2646 2502 et
2675 2448 2870 2504 honor
2890 2447 3072 2510 Patri,
3109 2451 3214 2502 etc.
3242 2448 3307 2500 P.
3341 2450 3408 2503 Et
3423 2446 3555 2504 ﬂos.

2422 2537 2640 2592 Oratio.
2663 2539 2741 2590 Ex
2766 2536 2967 2591 radice
2987 2537 3148 2590 Jesse
3193 2536 3394 2591 exiens
3437 2537 3626 2606 virga,
3657 2539 3992 2597 credentem

2348 2627 2454 2682 tibi
2479 2625 2771 2698 populum
2795 2625 3336 2696 salva,etspiritum
3363 2625 3771 2697 septiformem
3799 2629 3860 2684 in
3895 2631 3988 2686 eis

2347 2716 2594 2773 infunde
2623 2733 2635 2770 :
2669 2720 2754 2784 ut,
2781 2715 2886 2788 qui
2909 2715 2969 2770 in
3030 2715 3284 2771 salutem
3305 2715 3520 2771 venisti
3565 2719 3896 2774 nasciturus
3930 2721 3996 2777 in

2347 2806 2538 2874 terris,
2570 2805 2898 2875 gloriosum
2919 2819 3141 2860 nomen
3171 2809 3342 2860 tuum
3372 2808 3434 2860 in
3461 2806 3566 2872 eis,
3591 2807 3692 2879 qui
3711 2811 3762 2863 te
3784 2808 4000 2880 depre~

2347 2899 2576 2962 cantur,
2606 2893 2909 2950 ostendas.
2933 2903 2994 2961 Ri.
3041 2897 3247 2947 Amen.

2417 2986 2521 3037 Per
2541 2981 3008 3036 misericordiam
3037 2985 3224 3047 tuam,
3271 2984 3422 3036 Deus
3452 2987 3669 3040 noster.

2416 3069 3095 3140 Antiphona.Attendite,
3115 3071 3345 3134 Gentes,
3361 3075 3418 3125 et
3433 3071 3718 3136 audite,et
3747 3075 4010 3132 auribus

2345 3159 2626 3231 percipite
2660 3175 2672 3213 :
2697 3157 2902 3213 audiat
2929 3163 3098 3225 terra,
3129 3165 3186 3213 et
3209 3157 3515 3230 plenitudo
3531 3159 3712 3225 orbis,
3732 3167 3790 3217 et
3817 3179 4015 3221 omne

2345 3262 2589 3317 germen
2602 3247 2749 3317 ejus.
2765 3246 2999 3311 P.Quia
3010 3247 3295 3302 Dominus
3315 3247 3797 3305 Salvatornoster
3818 3254 4018 3310 venit.

2345 3335 2411 3395 1V.
2439 3338 2656 3393 Omnes
2687 3338 2915 3400 Gentes,
2957 3334 3212 3406 plaudite
3254 3336 3562 3392 manibus:
3591 3337 3849 3407 jubilate
3886 3344 4020 3398 Deo

2343 3426 2404 3480 in
2426 3441 2569 3480 voce
2611 3423 2983 3479 cxultationis
3009 3424 3077 3478 P.
3115 3424 3262 3489 Quia
3299 3425 3582 3480 Dominus
3611 3427 3912 3485 Salvator.
3953 3432 4024 3490 \".

2346 3514 2559 3580 Gloria,
2587 3518 2642 3568 et
2664 3513 2858 3568 honor
2878 3513 3050 3576 Patri,
3106 3518 3161 3567 et
3188 3512 3344 3583 Filio,
3378 3518 3488 3569 etc.
3523 3515 3588 3569 P.
3622 3516 3777 3580 Quia
3811 3518 4030 3574 Domi-

2345 3617 2459 3656 nus
2482 3601 2767 3657 Salvator.

2417 3690 2650 3746 Oratz’o.
2689 3689 2935 3744 Domine
2947 3691 3079 3744 Jesu
3103 3689 3342 3760 Christe,
3361 3689 3454 3745 fac
3476 3706 3585 3746 nos
3607 3693 3915 3749 accedere
3939 3696 4031 3751 ad

2346 3784 2399 3834 te
2424 3797 2437 3834 :
2468 3779 2660 3834 tribue
2681 3778 2854 3834 nobis
2875 3778 3105 3834 donum
3138 3778 3557 3834 misericordiae
3601 3786 3720 3836 tuae
3750 3799 3765 3847 ;
3803 3788 3894 3850 ut,
3914 3787 4034 3856 qui

2346 3868 2514 3924 faciei
2546 3871 2670 3924 ture
2711 3867 3125 3938 praestolamur
3171 3869 3568 3940 praesentiam,
3617 3871 4042 3943 meritorum,

2344 3960 2686 4013 nostrorum
2708 3957 3036 4012 evadamus
3062 3960 3376 4013 tormenta.
3402 3969 3466 4027 13;.
3494 3962 3707 4014 Amen.

2416 4049 2519 4101 Per
2536 4045 3002 4124 misericordiam
3030 4051 3194 4100 tuam
3223 4048 3376 4102 Deus
3394 4050 3613 4103 noster.

2413 4135 2770 4203 Antiphona.
2797 4136 2942 4189 Ecce
2959 4134 3238 4205 procedet
3254 4133 3504 4190 verbum
3524 4135 3597 4190 de
3623 4135 3893 4194 Throno
3910 4141 4052 4196 Dei.

2342 4223 2705 4280 conﬁtemini
2726 4223 3072 4287 Domino,et
3108 4222 3350 4278 laudem
3373 4223 3542 4280 dicite
3594 4224 3706 4280 illi.
3739 4227 3821 4281 P.
3875 4230 4051 4294 Quo

2339 4312 2504 4368 niam
2545 4312 2786 4377 venit,et
2815 4311 2942 4367 dies
2958 4311 3191 4367 Domini
3224 4316 3532 4382 magna,et
3567 4313 3896 4385 praeclara
3919 4319 4052 4374 val

2339 4401 2414 4457 de
2442 4401 2623 4466 inQui
2644 4400 2855 4456 emittit
2878 4401 3131 4457 verbum
3153 4418 3351 4466 suum,
3385 4406 3440 4458 et
3472 4401 3803 4474 liquefacit
3857 4421 4038 4464 eam

2337 4491 2503 4548 ﬂavit
2535 4489 2774 4562 spiritus
2809 4491 2959 4562 ejus,
2993 4494 3050 4546 et
3073 4491 3260 4546 ﬂuent
3279 4507 3474 4562 aquae.
3502 4491 3928 4558 P.Quoniam
3949 4513 4051 4553 ve

2337 4579 2442 4636 nit.
2483 4578 2545 4639 il.
2576 4577 2789 4646 Gloria,
2839 4582 2894 4634 et
2921 4578 3133 4635 honor.
3161 4579 3228 4634 P.
3261 4580 3556 4644 Quoniam
3602 4582 3812 4638 venit.

2408 4667 2546 4740 43.
2582 4668 2806 4724 Oratio.
2833 4666 3164 4723 Procedens
3185 4666 3258 4722 de
3279 4667 3512 4724 Throno
3526 4668 3629 4723 Dei
3655 4668 3882 4726 Patris
3914 4676 4052 4729 uni

2337 4773 2474 4812 cum
2499 4755 2938 4822 verbum,salva
2956 4755 3110 4812 ﬁlios
3137 4755 3454 4812 hominum
3483 4774 3494 4811 :
3527 4761 3612 4824 ut,
3639 4759 4050 4818 conﬁtente

2335 4845 2441 4902 tibi
2475 4845 2840 4916 laudemque
2867 4844 3152 4907 dicentes,
3185 4860 3323 4900 cum
3353 4861 3578 4916 magna
3603 4845 3750 4902 dies
3771 4847 3903 4905 illa
3941 4851 4056 4906 Ad

2335 4939 2544 4991 ventus
2562 4934 2644 4990 tui
2668 4933 2990 5002 advenerit,
3015 4950 3120 5006 per
3134 4934 3250 4990 hoc
3279 4935 3447 5007 quod
3471 4934 3546 4991 de
3577 4939 3636 4991 te
3667 4937 3902 4994 modo
3934 4955 4054 4995 cr:

2337 5024 2554 5089 dimus,
2605 5024 2684 5080 ab
2747 5024 2982 5079 aeternis
3047 5027 3182 5080 tunc
3231 5023 3539 5096 suppliciis
3586 5041 3939 5084 eruamur
4027 5043 4056 5090 ι

2336 5113 2547 5169 Amen.

2406 5202 2516 5256 Per
2543 5199 3019 5258 misericordiam
3050 5206 3240 5257 tuam.

2408 5300 2474 5356 Βι.
2507 5291 2651 5345 Ecce
2681 5289 2903 5346 orietur
2931 5289 3108 5348 nobis
3149 5289 3433 5362 Princeps
3455 5288 3531 5346 de
3562 5291 3836 5347 semine
3875 5293 4053 5349 Jud

2333 5381 2388 5434 et
2404 5377 3004 5450 apparebitomnium
3025 5379 3300 5435 Gentium
3318 5378 3644 5434 Dominus:
3672 5379 3754 5435 in
3771 5380 4051 5439 excels

2330 5466 2688 5524 revelabitur
2723 5467 2959 5524 claritas
2989 5467 3158 5538 regni
3179 5469 3310 5536 ejus
3323 5467 3401 5524 ad
3421 5469 3940 5526 conterendam
3981 5489 4042 5527 ν

2329 5559 2518 5614 tutem
2570 5556 2955 5615 inimicorum
2978 5572 3248 5616 suorum.
3312 5557 3374 5612 P.
3401 5565 3457 5614 et
3501 5557 3690 5615 dabit.
3743 5561 4048 5631 requie
