4118 6184
222 214 326 271 113

1418 212 1488 269 IN
1526 212 1642 267 DIE
1678 209 2123 270 NATIVITATIS
2164 215 2445 272 DOMINI.

3564 227 3665 280 114

219 336 512 395 omnibus
544 333 896 391 timentibus
912 348 993 390 se.
1028 335 1089 396 if.
1118 338 1240 407 Ego
1270 337 1502 394 locutus
1524 352 1681 402 sum,
1710 341 1765 391 et
1791 351 1896 392 vo-
1928 339 1975 393 A
2006 354 2253 395 munere
2284 330 2661 411 indulgentiae
2701 343 3051 401 sentiamus.
3081 355 3143 412 13,.
3178 346 3387 403 Amen.

219 426 355 482 cavi
379 442 545 493 eum,
579 429 637 480 et
674 422 902 480 adduxi
936 438 1096 482 eum.
1123 424 1188 479 P.
1226 427 1292 482 Et
1323 425 1491 483 dabit
1513 425 1799 498 requiem.
1830 425 1892 484 Ῠ.

222 514 441 581 Gloria,
476 519 532 569 et
558 514 773 568 honor.
811 512 877 566 P.
910 514 975 567 Et
1005 512 1191 568 dabit.

293 603 527 659 Oratio.
556 604 633 657 Te
657 602 849 655 Deum
876 600 1335 673 Redemptorem
1354 607 1625 660 nostrum
1650 602 1894 659 benedi-

224 692 445 752 cimus,
467 691 569 763 qui
583 704 655 744 ex
676 689 909 744 semine
934 688 1093 745 Juda
1112 691 1277 747 nasci
1296 691 1574 762 dignatus
1592 707 1688 747 es:
1715 697 1771 746 et
1792 707 1893 762 pe-

226 782 411 837 timus
430 799 449 851 ;
468 785 527 833 ut
543 777 707 833 nullo
723 776 1039 833 obstaculo
1057 793 1093 833 a
1110 784 1211 835 tuo
1226 781 1653 851 prohibeamur
1669 780 1891 835 ofﬁcio.

2075 427 2186 482 Per
2216 429 2686 487 misericordiam
2716 437 2905 488 tuam.

2078 516 2415 587 Canticum,
2439 524 2492 575 et
2509 521 2707 576 omnia
2726 520 2870 587 alia,
2903 537 3037 591 quae
3052 529 3384 593 sequuntur
3402 540 3585 596 usque
3595 527 3657 583 in

2001 606 2175 672 ﬁnem
2208 607 2494 663 Matutinz‘
2517 610 2815 675 dicantur,
2845 616 2912 664 ut
2936 612 2993 664 in
3019 617 3240 681 quarta
3259 614 3421 681 feria
3448 614 3659 682 prima

2004 693 2385 751 hebdomada?
2411 698 2483 753 de
2508 698 2786 754 Adventu
2810 698 3067 767 Domini,
3100 700 3208 768 fol.
3246 703 3330 763 11,
3353 708 3410 755 et
3439 703 3525 766 l2,
3558 718 3654 758 ecc-

2002 790 2171 851 cepta
2191 785 2797 853 Prop/zetz'a,l.ocutus
2818 792 2903 842 est
2922 787 3208 843 Dominus
3227 788 3304 844 ad
3325 790 3652 855 Achaz,etc.

228 870 599 941 Quicumque
622 882 771 924 vero
804 873 879 936 te,
908 868 1176 934 Domine,
1201 870 1574 934 conﬁtemur,
1594 869 1768 927 ditari
1790 874 1890 926 tuo
2000 886 2130 942 qua
2150 872 2370 928 dicitur
2399 874 2472 930 de
2493 880 2653 930 sexto
2694 876 3003 932 Dominico
3049 878 3353 945 prmterito
3395 878 3514 945 fol.
3561 882 3650 935 40.

889 1181 975 1251 ΙΝ
1029 1181 1555 1253 NATIVITATE
1606 1179 1917 1253 DOMINI
1973 1178 2290 1252 NOSTRI
2342 1181 2547 1255 JESU
2590 1181 2965 1255 CHRISTI.

757 1382 895 1454 45.
938 1384 1025 1438 Ad
1063 1385 1358 1453 Vesperos.

274 1470 660 1542 Antiphonti.
694 1473 901 1527 Paravi
924 1472 1232 1528 lucernam
1260 1472 1485 1529 Christo
1503 1487 1657 1529 meo.
1682 1470 1879 1526 lnimi-

1913 1383 1954 1435 Β
1989 1388 2162 1439 vatus
2193 1400 2229 1441 a
2250 1384 2400 1441 coelo
2417 1400 2666 1441 causam
2680 1387 3106 1443 lncarnationis
3123 1390 3267 1454 tuae;
3288 1388 3521 1459 ut,quia
3541 1404 3639 1444 no-

1987 1470 2081 1527 bis
2114 1488 2267 1544 Opus
2296 1473 2424 1537 fuit,
2459 1478 2512 1530 te
2560 1473 2869 1530 hominem
2900 1475 3029 1531 ﬁeri
3060 1492 3072 1530 :
3106 1480 3277 1531 tuum
3306 1476 3642 1532 habeamus

202 1577 307 1616 cos
335 1561 385 1630 ej
400 1560 737 1615 usinduam
756 1560 1131 1618 confusione.
1153 1562 1223 1616 P.
1248 1564 1436 1633 Super
1454 1561 1656 1634 ipsum
1677 1566 1877 1617 autem
1988 1560 2366 1631 suffragium,
2400 1564 2503 1635 qui
2535 1566 2587 1619 te
2614 1563 2923 1619 hominem
2954 1565 3328 1629 conﬁtemur,
3355 1567 3411 1620 et
3433 1565 3639 1619 Deum.

196 1648 850 1706 ﬂorebitsanctiﬁcatio
868 1666 1024 1705 mea.
1047 1650 1110 1709 V.
1133 1650 1359 1707 Juravit
1384 1650 1673 1706 Dominus
1692 1648 1877 1705 David
1987 1662 2055 1719 BI.
2092 1654 2307 1706 Amen.

194 1738 256 1794 in
284 1738 560 1803 veritate,
589 1742 647 1792 et
670 1752 795 1793 non
826 1737 1126 1794 auferetur
1151 1738 1229 1795 ab
1260 1755 1329 1795 eo
1362 1756 1375 1793 :
1405 1738 1478 1794 de
1501 1738 1696 1794 fructu
1728 1753 1873 1793 ven-

195 1826 303 1881 tris
335 1826 423 1881 tui
440 1840 671 1897 ponam
694 1827 1087 1898 supersedem
1112 1842 1331 1883 meam.
1352 1830 1411 1882 P.
1432 1829 1620 1899 Super
1644 1827 1867 1898 ipsum.

194 1915 253 1973 V.
273 1917 342 1970 Et
355 1928 472 1983 ego
494 1913 665 1969 illum
680 1930 907 1987 ponam
927 1914 1393 1987 primogenitum
1419 1915 1722 1971 excelsum
1746 1931 1869 1986 prae

192 2002 446 2073 regibus
478 2009 667 2058 terrae.
691 2004 764 2058 P.
806 2005 992 2075 Super
1022 2004 1241 2075 ipsum.
1276 2004 1337 2063 ἲν.
1373 2007 1437 2060 Et
1466 2019 1567 2060 ero
1596 2004 1649 2058 ei
1678 2004 1738 2059 in
1768 2018 1870 2075 pa‘

192 2098 369 2155 trem,
407 2098 465 2147 et
497 2091 625 2163 ipse
653 2091 765 2147 erit
790 2092 935 2147 mihi
980 2092 1039 2147 in
1073 2092 1279 2150 tilium.
1334 2094 1398 2148 P.
1434 2092 1862 2165 Superipsum.

266 2180 504 2237 Oratio.
538 2180 901 2252 Vespertinis
931 2181 1212 2238 laudibus
1233 2184 1360 2253 jam
1394 2182 1735 2254 praemissis,
1760 2184 1868 2237 Do-

194 2268 386 2332 mine,
422 2284 711 2339 paramus
761 2268 1067 2325 lucernam
1100 2270 1324 2326 Christo
1359 2276 1459 2325 tuo
1484 2269 1757 2339 Domino,
1796 2285 1867 2324 ac

196 2360 317 2413 Deo
341 2362 561 2412 nostro
587 2374 601 2411 :
632 2362 701 2412 ut
740 2356 932 2412 fructu
979 2358 1222 2426 justitiaa
1270 2358 1609 2431 repleamur
1636 2357 1713 2414 ad
1739 2373 1870 2428 gra-

195 2446 341 2502 tiam
372 2465 388 2515 ;
422 2451 483 2502 et
507 2445 761 2502 verbum
795 2445 922 2500 vita:
951 2445 1369 2504 contineamus
1397 2447 1476 2504 ad
1501 2446 1772 2516 gloriam.
1802 2457 1866 2513 1t.

200 2540 417 2590 Amen.

268 2622 387 2677 Per
413 2621 908 2677 misericordiam.

2055 1738 2164 1794 Per
2192 1739 2673 1807 misericordiam,
2714 1745 2803 1795 ctc
2817 1782 2831 1797 .

2051 1827 2409 1896 Antiphona.
2440 1830 2672 1892 Rorate,
2692 1827 2844 1894 C(BIl,
2860 1827 3134 1899 desuper,
3156 1827 3416 1884 etnubes
3434 1826 3641 1899 pluant

1974 1915 2208 1984 justum
2244 1916 2582 1987 :aperiatur
2622 1921 2795 1982 terra,
2825 1921 2880 1972 et
2911 1916 3203 1985 germinet
3237 1915 3628 1973 Salvatorem.

1977 2003 2120 2059 P.Et
2136 2004 2367 2074 justitia
2387 2003 2612 2061 oriatur
2633 2004 2945 2074 simul,ego
2965 2005 3253 2061 Dominus
3269 2004 3634 2061 creavieum.

1975 2092 2040 2151 ἴ.
2068 2092 2206 2150 ϐωΙὶ
2232 2098 2513 2150 enarrant
2543 2094 2795 2163 gloriam
2838 2094 2959 2159 Dei,
3007 2099 3063 2149 et
3108 2109 3291 2164 opera
3339 2108 3637 2149 manuum

1976 2182 2106 2251 ejus
2136 2181 2451 2237 annuntiat
2478 2181 2945 2238 ﬁrmamentum.
2972 2182 3035 2238 P.
3058 2184 3121 2237 Et
3135 2182 3367 2253 justitia
3393 2182 3636 2238 oriatur.

1978 2282 2040 2341 Β».
2077 2269 2296 2335 Gloria,
2328 2274 2383 2326 et
2412 2270 2607 2327 honor
2626 2271 2798 2336 Patri,
2832 2275 2946 2327 etc.
2982 2271 3044 2326 P.
3067 2273 3130 2327 Et
3144 2271 3372 2343 justitia
3390 2270 3632 2326 oriatur.

2050 2360 2277 2416 Lauda.
2312 2360 2579 2416 Potestas
2613 2361 2782 2431 ejus;
2816 2365 2871 2416 et
2900 2376 3017 2432 pax
3040 2361 3168 2431 ejus
3198 2376 3319 2416 non
3352 2359 3457 2416 erit
3478 2358 3633 2413 ﬁnis.

1975 2447 2241 2504 Alleluia.
2274 2447 2340 2506 P.
2376 2450 2564 2521 Super
2585 2449 2867 2506 thronum
2882 2447 3071 2505 David
3098 2448 3343 2515 sedebit,
3370 2452 3433 2503 ut
3459 2446 3636 2503 corri-

1978 2540 2080 2605 gat
2098 2553 2259 2593 eum.
2290 2538 2353 2593 P.
2378 2542 2445 2594 Et
2464 2538 2693 2594 sedebit
2707 2539 2767 2593 in
2783 2538 3026 2594 veritate
3040 2553 3229 2610 usque
3246 2537 3307 2593 in
3319 2542 3630 2593 aeternum.

1976 2623 2246 2690 Alleluia,
2278 2625 2532 2682 alleluia.
2579 2626 2647 2685 νῦν.
2696 2628 2945 2696 Magnus
2989 2626 3276 2681 Dominus
3315 2628 3533 2691 noster,
3579 2630 3637 2682 et

265 2712 459 2767 Sono.
490 2714 553 2765 In
581 2710 1003 2783 splendoribus
1035 2714 1406 2777 sanctorum;
1431 2725 1504 2767 ex
1526 2714 1691 2767 utero
1730 2714 1867 2765 ante
1907 2735 1948 2791 ρ
1977 2726 2203 2781 magna
2226 2713 2411 2768 virtus
2435 2714 2564 2783 ejus
2589 2729 2600 2767 :
2630 2718 2685 2768 et
2707 2712 3154 2784 sapientiaeejus
3174 2727 3298 2767 non
3319 2717 3408 2766 est
3427 2728 3635 2767 nume-

197 2801 523 2858 luciferum
546 2801 723 2872 genui
746 2805 822 2856 te.
852 2801 1117 2858 Alleluia.
1142 2802 1202 2861 V.
1229 2801 1455 2858 iuravit
1478 2801 1784 2865 Dominus,
1814 2804 1871 2856 et

196 2907 323 2947 non
358 2889 674 2962 paenitebit
696 2906 833 2945 eum
866 2908 878 2945 :
905 2896 966 2946 tu
987 2907 1050 2945 es
1081 2890 1369 2946 Sacerdos
1389 2890 1449 2945 in
1472 2892 1762 2946 aeternum
1784 2905 1870 2945 se-

198 2979 476 3035 cundum
503 2978 777 3035 ordinem
794 2978 1245 3035 Melchisedech.
1264 2978 1327 3039 V.
1355 2979 1643 3034 Dominus
1665 2994 1701 3034 a
1724 2978 1868 3034 dex-

195 3069 307 3124 tris
344 3069 461 3123 tuis
494 3066 778 3137 confregit
796 3068 860 3123 in
890 3068 1102 3124 dieiras
1124 3084 1246 3124 suae
1270 3083 1459 3139 reges.
1487 3066 1783 3124 Judicabit
1807 3067 1869 3123 in

189 3156 578 3221 nationibus,
608 3155 880 3228 implebit
909 3158 1117 3213 ruinas
1144 3175 1156 3211 :
1204 3156 1637 3229 conquassabit
1674 3156 1872 3229 capita

192 3245 393 3302 multa
425 3245 490 3300 in
533 3250 689 3301 terra
710 3245 977 3317 copiosa.
1019 3249 1098 3302 De
1144 3250 1397 3302 torrente
1438 3245 1501 3301 in
1544 3245 1642 3301 via
1681 3245 1865 3302 vivit:

190 3340 525 3407 propterea
557 3334 836 3392 exaltavit
861 3340 1061 3408 caput.

258 3424 646 3493 Antiphonti.
667 3423 897 3489 Audite,
921 3424 1139 3479 domus
1157 3424 1337 3480 David
1361 3442 1373 3479 :
1400 3423 1684 3479 Dominus
1702 3422 1869 3479 dabit

190 3512 371 3567 vobis
400 3511 670 3581 signum.
701 3513 779 3568 P.
810 3515 955 3568 Ecce
987 3512 1155 3581 virgo
1187 3512 1499 3584 concipiet,
1519 3516 1574 3566 et
1594 3510 1784 3583 pariet
1804 3511 1868 3565 ﬁ-

188 3600 367 3667 lium,
400 3606 460 3656 et
487 3600 775 3657 vocabitis
806 3616 1026 3656 nomen
1066 3601 1197 3671 ejus
1247 3598 1619 3656 Emmanuel.
1655 3600 1715 3659 ἣν.
1754 3601 1866 3654 Au-

192 3691 317 3746 dite
336 3689 493 3756 haec,
522 3705 734 3746 omnes
764 3693 974 3747 Gentes
999 3708 1010 3746 :
1036 3690 1284 3746 auribus
1304 3690 1608 3762 percipite,
1639 3689 1743 3761 qui
1763 3689 1866 3746 ha-

189 3778 399 3835 bitatis
427 3778 660 3835 orbem.
694 3780 767 3836 P.
814 3781 954 3835 Ecce
1001 3781 1166 3849 virgo
1210 3779 1521 3851 concipiet.
1550 3778 1610 3839 ἣν.
1648 3777 1862 3845 Gloria,

191 3876 242 3923 et
271 3869 484 3924 honor
516 3867 695 3936 Patri,
723 3872 833 3923 etc.
866 3868 929 3922 P.
959 3870 1103 3923 Ecce
1142 3868 1314 3937 Virgo
1337 3867 1649 3939 concipiet.

260 3957 503 4012 Oratio.
538 3956 804 4022 Domine,
829 3956 930 4027 qui
958 3959 1180 4011 Domus
1205 3955 1391 4010 David
1414 3955 1588 4024 signo
1609 3954 1866 4011 admira-

185 4045 293 4100 bili
326 4043 547 4099 salutis
580 4058 911 4115 properans
948 4044 1179 4113 Virgine
1209 4048 1419 4099 natum
1453 4042 1531 4098 ob
1576 4042 1864 4098 auxilium
1894 4084 1939 4138 Β

186 4132 458 4189 humani
487 4133 717 4201 generis
748 4132 1058 4188 destinasti
1086 4150 1096 4188 :
1133 4132 1309 4188 nobis
1341 4144 1574 4201 annue;
1615 4136 1674 4186 ut
1721 4132 1861 4200 vita,

185 4239 331 4295 qua:
346 4221 548 4276 Mariae
569 4225 746 4293 partu
766 4222 993 4291 prolata
1006 4227 1110 4291 est,
1130 4221 1532 4277 Ecclesiaetuae
1554 4219 1864 4277 sitaeterna

185 4310 536 4381 redemptio
562 4327 574 4364 :
601 4315 681 4374 ut,
712 4326 896 4382 quem
916 4310 1019 4367 illa
1032 4314 1232 4367 ventre
1266 4309 1536 4381 gestavit,
1562 4314 1860 4381 partuque

189 4400 366 4465 fudit,
416 4400 698 4455 eumdem
734 4415 847 4455 nos
880 4400 1057 4456 corde
1084 4399 1522 4471 concipiamus,
1556 4414 1626 4454 ac
1657 4401 1860 4454 nostro

193 4503 444 4560 semper
473 4485 853 4559 proferamus
882 4504 954 4543 ex
985 4503 1103 4543 ore.
1143 4500 1204 4557 BI.
1240 4488 1448 4543 Amen.

259 4581 377 4633 Per
405 4576 882 4632 misericordiam
904 4580 1097 4633 tuam.

258 4666 646 4735 Antz'phona.
672 4665 906 4721 Elevate
928 4665 1167 4736 signum
1186 4664 1263 4721 ad
1282 4664 1534 4738 populos
1555 4683 1567 4721 :
1590 4668 1734 4720 Ecce
1753 4665 1860 4719 Do-

197 4758 402 4813 minus
434 4754 711 4811 auditum
740 4754 873 4811 fecit
892 4755 952 4810 in
980 4755 1256 4811 extremis
1281 4758 1447 4810 terras
1481 4772 1493 4809 :
1528 4754 1703 4809 dicite
1724 4752 1861 4808 ﬁliae

197 4846 355 4901 Sion.
391 4848 449 4899 P.
487 4846 633 4899 Ecce
676 4843 942 4899 Salvator
976 4846 1110 4898 tuus
1159 4842 1336 4910 venit,
1380 4848 1435 4898 et
1472 4857 1701 4898 merces
1732 4841 1861 4911 ejus

196 4949 334 4990 cum
357 4950 451 4989 eo.
487 4932 548 4991 ἡ.
577 4934 799 4988 Omnes
821 4930 1032 4987 Gentes
1058 4931 1323 5003 plaudite
1346 4931 1628 4987 manibus
1658 4948 1670 4985 :
1706 4929 1860 5002 jubi-

199 5021 307 5077 late
341 5024 463 5078 Deo
488 5022 549 5076 in
582 5037 725 5077 voce
756 5020 1151 5077 exultationis.
1187 5021 1248 5076 P.
1270 5023 1412 5076 Ecce
1435 5020 1701 5076 Salvator
1723 5024 1858 5074 tuus

200 5114 375 5167 venit.
406 5111 469 5170 ἲν.
502 5110 724 5177 Gloria,
762 5113 817 5165 et
856 5109 1049 5165 honor
1094 5109 1271 5174 Patri,
1321 5114 1428 5164 etc.
1472 5111 1538 5164 P.
1571 5111 1711 5163 Ecce
1742 5106 1860 5161 Sal-

203 5205 372 5254 vator
401 5208 541 5255 tuus
574 5198 756 5254 venit.

274 5288 494 5345 Oratio.
522 5288 774 5345 Domine
803 5288 940 5341 Jesu
968 5286 1215 5352 Christe,
1249 5286 1353 5358 qui
1384 5285 1710 5343 Nativitatis
1748 5288 1860 5339 tuae

200 5384 395 5433 ortum
418 5377 632 5435 sideris
654 5375 1495 5440 indicioinuotuisti,el,erecto
1509 5373 1644 5429 ﬁdei
1667 5374 1858 5442 signo,

202 5474 467 5527 extrema
486 5474 660 5526 terrae
674 5466 1016 5543 conspicere
1040 5464 1325 5521 monuisti
1346 5481 1358 5521 :
1375 5465 1605 5539 respice
1612 5463 1739 5538 jam
1754 5461 1864 5518 ele-

1976 2817 2099 2856 rus.
2134 2801 2202 2855 P.
2233 2803 2417 2872 Super
2444 2801 2726 2856 thronum
2758 2799 2960 2856 David.
2995 2799 3061 2859 V.
3104 2799 3320 2863 Gloria,
3358 2803 3413 2855 et
3440 2799 3635 2855 honor

1978 2890 2153 2957 Patri,
2180 2895 2288 2948 etc.
2315 2890 2376 2945 P.
2410 2892 2474 2946 Et
2499 2889 2753 2946 sedebit.

2657 2979 2956 3047 Hymnus.

2227 3068 2394 3129 Veni.
2423 3067 2787 3139 Redemptor
2815 3065 3114 3134 Gentium,

2156 3156 2413 3215 Ostende
2451 3161 2696 3229 partum
2728 3154 2985 3226 Virginis
3013 3173 3027 3224 ;

2153 3246 2384 3303 Miretur
2404 3260 2585 3301 omne
2617 3242 2906 3300 saeculum
2936 3261 2948 3299 :

2153 3334 2309 3391 Talis
2335 3334 2504 3390 decet
2535 3339 2741 3406 partus
2784 3333 2992 3387 Deum.

2224 3427 2351 3481 Non
2378 3441 2450 3479 ex
2479 3423 2629 3479 virili
2660 3422 2903 3491 semine,

2155 3513 2269 3570 Sed
2299 3513 2551 3584 mystico
2583 3511 2906 3583 spiramine

2154 3601 2413 3657 Verbum
2439 3601 2538 3657 Dei
2570 3599 2794 3656 factum
2826 3612 2987 3664 caro,

2153 3691 2517 3761 Fructusque
2547 3687 2767 3743 ventris
2794 3686 3011 3742 ﬂoruit.

2222 3777 2402 3833 Alvus
2432 3776 2710 3833 tumescit
2740 3775 3013 3847 Virginis,

2154 3865 2420 3923 Claustra
2450 3864 2693 3937 pudoris
2727 3867 3117 3936 permanent:

2152 3954 2371 4010 Vexilla
2400 3954 2689 4009 virtutum
2714 3954 2941 4007 micant
2968 3969 2981 4008 :

2151 4042 2430 4098 Versatur
2459 4042 2520 4097 in
2550 4040 2771 4113 templo
2798 4041 2971 4095 Deus.

2221 4130 2554 4187 Procedens
2584 4130 2659 4185 de
2685 4129 2949 4186 thalamo
2971 4143 3100 4193 suo,

2153 4220 2403 4276 Pudoris
2424 4218 2565 4275 aula
2590 4219 2755 4289 regia

2149 4308 2412 4365 Geminaa
2443 4309 2611 4379 gigas
2632 4305 3002 4375 substantias,

2150 4397 2375 4454 Alacris
2400 4402 2464 4454 ut
2490 4396 2883 4453 curratviam.

2221 4490 2504 4557 Egressus
2534 4486 2663 4557 ejus
2691 4501 2727 4541 a
2747 4486 2950 4552 Patre;

2148 4575 2264 4649 46
2305 4578 2627 4645 Regressus
2657 4574 2787 4645 ejus
2818 4572 2895 4631 ad
2930 4572 3199 4638 Patrem;

2150 4668 2447 4720 Excursus
2470 4679 2655 4735 usque
2680 4662 2759 4718 ad
2788 4660 3030 4726 inferos,

2149 4756 2440 4809 Recursus
2464 4753 2541 4808 ad
2566 4751 2771 4808 sedem
2800 4750 2922 4807 Dei.

2218 4840 2481 4913 {Equalis
2510 4843 2745 4897 {Eterno
2774 4838 2928 4894 Patri

2148 4930 2350 4987 Carnis
2380 4930 2652 5001 trophaeo
2684 4928 2993 4998 accingere
3019 4943 3031 4990 ;

2148 5019 2401 5075 lnﬁrma.
2417 5018 2602 5073 nostri
2624 5018 2893 5089 corporis

2147 5107 2365 5161 Virtute
2394 5105 2641 5160 ﬁrmans
2682 5104 2994 5176 perpetim.

2223 5197 2485 5264 Praesepe
2511 5193 2639 5262 jam
2678 5194 2864 5263 fulget
2904 5198 3093 5249 tuum.

2152 5284 2492 5353 Lumenque
2515 5298 2635 5337 nox
2666 5283 2849 5354 spirat
2883 5298 3130 5346 novum,

2150 5371 2315 5437 Quod
2353 5371 2518 5428 nulla
2544 5387 2663 5429 nox
2687 5370 3039 5444 interpollet,

2149 5460 2408 5535 Fideque
2436 5461 2567 5532 jugi
2588 5461 2800 5517 luceat.
