4118 6184
449 219 553 280 115

697 345 878 399 Fceno
902 341 1100 412 jacere
1129 341 1410 413 pertulit:

625 433 900 502 Praesepe
928 446 1052 486 non
1079 429 1386 488 abhorruit
1417 450 1430 488 :

629 523 936 592 Parvoque
965 518 1117 576 lacte
1145 525 1356 592 pastus
1384 524 1490 590 est,

628 611 740 666 Per
765 623 947 681 quem
977 623 1087 663 nec
1115 607 1238 664 ales
1271 611 1473 666 esurit.

702 696 930 752 Gaudet
959 696 1178 752 chorus
1206 698 1560 765 cwlestium,

628 785 694 840 Et
715 783 917 857 Angeli
943 789 1167 841 canunt
1205 789 1323 841 Deo
1343 805 1356 854 ;

630 872 959 944 Palamque
984 873 1050 929 ﬁt
1069 875 1409 944 pastoribus

631 962 858 1025 Pastor,
894 962 1132 1016 Creator
1151 962 1443 1018 omnium.

703 1049 901 1104 Gloria
930 1049 1055 1113 tibi,
1085 1049 1354 1116 Domine,

635 1136 741 1201 Qui
763 1139 940 1190 natus
975 1151 1039 1191 es
1070 1135 1144 1191 de
1175 1137 1428 1208 Virgine,

635 1225 784 1279 Cum
808 1223 998 1290 Patre,
1033 1228 1089 1281 et
1115 1225 1330 1281 Sancto
1357 1224 1573 1298 Spiritu

635 1314 700 1368 In
729 1312 1091 1384 sempiterna
1116 1314 1350 1371 saecula.

706 1418 916 1473 Amen.

527 1523 919 1593 Supplicatio.
941 1526 1190 1580 Oremus
1212 1525 1315 1580 Dei
1341 1525 1523 1583 Patris
1546 1524 1982 1598 Omnipotentis
2004 1523 2112 1580 mi—

459 1612 878 1680 sericordiam;
904 1613 1202 1685 supplices
1234 1615 1646 1686 imploremus,
1676 1620 1740 1670 ut
1784 1629 1896 1670 nos
1926 1613 2114 1684 gratia

461 1701 670 1756 Christi
701 1701 812 1766 sui,
845 1701 1083 1757 Domini
1108 1703 1296 1759 nostri
1320 1706 1457 1760 Jesu
1478 1704 1688 1760 Christi
1709 1702 2000 1776 propitius
2023 1703 2092 1773 ju

462 1790 718 1846 stiﬁcare
749 1789 1046 1859 dignetur.

530 1899 766 1965 Praesta,
797 1899 1046 1960 Eterne,
1069 1898 1460 1969 Omnipotens
1477 1898 1852 1970 Deus.Kyrie,
1873 1896 2114 1954 eleison.

461 1998 523 2055 Βε.
551 1986 793 2052 Christe,
825 1986 1063 2043 eleison.
1099 1989 1292 2060 Kyrie,
1324 1988 1567 2048 eleison.

536 2093 1741 2167 Capitula.Rorate,Coeli,desuper,utique
1757 2096 2120 2168 prophetan-

462 2181 536 2238 do
551 2181 929 2251 Christum,et
944 2183 1136 2243 nubes
1151 2183 1612 2254 pluantjustum;
1630 2184 1774 2240 dum
1794 2185 1982 2241 sancti
1997 2201 2121 2240 om-

460 2285 569 2327 nes
594 2271 723 2340 ejus
744 2274 1164 2341 praaconantur
1178 2272 2116 2345 adventum.Aperiaturterra,ut,

462 2359 683 2429 Angelo
700 2359 925 2415 scilicet
953 2359 1310 2432 alloquente,
1337 2361 1510 2431 Virgo
1523 2363 1839 2433 concipiat,
1859 2367 1915 2418 et
1929 2363 2123 2434 pariat

466 2449 855 2506 Salvatorem.
878 2450 980 2504 Hic
1014 2449 1192 2519 igitur
1228 2465 1345 2515 ros,
1379 2451 1483 2523 qui
1507 2450 1616 2508 abs
1647 2456 1700 2508 te
1726 2455 1815 2507 est
1841 2452 2123 2522 Omnipo-

464 2544 598 2594 tens
627 2540 816 2602 Pater,
844 2552 1152 2606 rogamus,
1183 2543 1239 2594 et
1258 2540 1536 2610 petimus,
1567 2544 1632 2595 ut
1657 2540 1760 2596 ﬁat
1787 2541 2012 2596 sanitas
2036 2540 2124 2595 in-

464 2624 779 2680 ﬁrmorum
804 2624 1048 2690 ;et,haec
1069 2625 1275 2697 pluvia
1290 2627 1549 2682 Matutini
1572 2629 1879 2700 temporis,
1896 2627 2120 2700 praebe,

465 2713 650 2769 nostri
680 2712 966 2784 temporis
983 2712 1260 2769 infundat
1281 2717 1941 2787 arentem,quae,infusa
1959 2721 2122 2773 tanta

465 2800 676 2870 gratia,
709 2799 1074 2870 praeteritum
1100 2800 1331 2857 facinus
1349 2803 1572 2866 abluat,
1602 2810 1658 2860 et
1683 2809 1973 2860 aeternum
1995 2820 2119 2860 cre-

463 2887 744 2943 dentibus
769 2887 1008 2958 justitiae
1038 2888 1240 2945 lumen
1258 2890 1563 2963 infundat;
1585 2908 1819 2949 necnon
1849 2893 2120 2964 ejusdem

466 2977 587 3033 Filii
610 2976 693 3031 tui
723 2976 957 3031 Domini
982 2977 1169 3038 nostri
1211 2978 1525 3035 indemnes
1565 2983 1946 3052 praesentiam
1979 2998 2118 3038 con-

465 3069 713 3131 tuentes,
730 3069 908 3136 atque
926 3081 1065 3121 cum
1085 3067 1366 3122 coelicolis
1387 3070 1563 3125 θωῐυὶ
1585 3071 1712 3140 ejus
1734 3071 1794 3125 in
1815 3071 2005 3141 jubilo
2021 3087 2118 3127 oc-

466 3156 791 3218 currentes,
823 3152 938 3207 hoc
955 3153 1255 3209 canticum
1281 3155 1493 3212 laetitiae
1517 3159 1918 3228 praecinamus
1938 3176 2120 3215 ovan~

467 3246 554 3296 ter
581 3258 594 3296 :
635 3237 1000 3310 Benedictus,
1022 3241 1126 3313 qui
1155 3242 1318 3298 venit
1341 3244 1402 3300 in
1428 3245 1673 3301 nomine
1692 3247 1948 3314 Domini,
1967 3249 2120 3304 Deus

466 3329 774 3396 Dominus,
798 3335 855 3386 et
874 3330 1063 3386 illuxit
1092 3331 1302 3400 nobis;
1326 3333 1498 3404 cujus
1519 3350 1628 3391 nos
1645 3335 1938 3392 adventus
1956 3337 2120 3393 rede-

466 3419 594 3483 mit,
623 3422 680 3474 et
706 3418 990 3474 Nativitas
1020 3418 1332 3476 illustravit
1366 3443 1377 3474 :
1410 3423 1514 3488 Qui
1539 3424 1787 3480 veniens
1808 3426 2120 3497 requisivit

466 3507 756 3579 perditos,
787 3511 842 3562 et
873 3506 1231 3564 illuminavit
1259 3510 1319 3564 in
1340 3511 1592 3567 tenebris
1615 3513 1982 3570 constitutos.
2005 3514 2120 3569 Tri-

466 3595 586 3649 bue
613 3609 754 3664 ergo
777 3596 1164 3667 Omnipotens
1176 3600 1364 3664 Pater,
1389 3604 1454 3654 ut
1472 3600 1631 3656 diem
1650 3602 1975 3658 Nativitatis
1993 3603 2120 3674 ejus

471 3681 890 3751 ita_devotione
920 3685 1194 3755 piissima
1221 3687 1614 3760 celebremus,
1641 3694 1707 3746 ut
1726 3691 1933 3761 judicii
1959 3691 2121 3747 diem

472 3769 862 3826 mitissimum
893 3773 1222 3830 sentiamus
1247 3791 1261 3831 :
1296 3781 1380 3843 ut,
1407 3779 1578 3848 cujus
1603 3777 2038 3850 benignitatem
2060 3780 2122 3835 in

470 3859 878 3932 redemptione
911 3864 1320 3932 cognovimus,
1350 3866 1474 3937 ejus
1504 3867 1786 3938 pietatem
1812 3868 1873 3924 in
1897 3868 2122 3939 judicio

471 3952 850 4004 mansuetam
881 3950 1228 4006 sentiamus.

542 4036 713 4092 Pater
736 4041 962 4094 noster.
1004 4040 1262 4098 Liberati
1289 4059 1326 4098 a
1355 4043 1536 4100 malo.
1570 4045 1822 4116 Require
1857 4047 1970 4114 fol.
2000 4050 2050 4110 2,

542 4144 905 4201 Benedictio.
936 4147 1256 4204 Benedicat
1283 4164 1392 4204 vos
1421 4149 1706 4205 Dominus
1733 4153 1932 4207 noster
1954 4154 2126 4208 Jesus

474 4231 753 4298 Christus,
778 4233 883 4304 qui
909 4234 1126 4291 olimin
1143 4236 1255 4292 hac
1279 4239 1373 4293 die
1399 4239 1738 4310 pastoribus
1756 4239 1817 4294 in
1834 4242 2126 4313 praesepio

473 4319 750 4390 apparuit
780 4322 1093 4391 gloriosus.
1127 4336 1188 4393 Βι.
1223 4330 1435 4385 Amen.
1465 4327 1592 4398 lpse
1623 4342 1733 4383 nos
1764 4327 1824 4383 in
1845 4329 2128 4386 omnibus

471 4412 764 4478 protegat,
797 4425 866 4464 ac
888 4409 1186 4477 defendat,
1203 4414 1307 4485 qui
1332 4429 1440 4485 pro
1461 4416 1636 4471 nobis
1659 4417 1991 4473 misericors
2013 4419 2126 4474 hu-

473 4510 718 4550 manam
747 4499 1004 4570 suscepit
1030 4500 1360 4558 infantiam.
1385 4514 1447 4571 ἢ.
1467 4508 1672 4559 Amen.
1692 4505 1801 4568 Qui
1832 4511 2129 4562 nosterest

474 4582 784 4652 Dominus,
814 4591 869 4641 et
891 4587 1266 4660 Redemptor,
1295 4591 1422 4663 ipse
1454 4608 1564 4647 nos
1593 4593 1653 4648 in
1675 4598 1962 4651 aeternum
1995 4610 2129 4666 pro-

473 4672 649 4742 pitius
670 4689 1024 4732 conservare
1048 4677 1339 4749 dignetur.
1373 4692 1434 4748 It».
1464 4687 1673 4737 Amen.

543 4765 648 4817 Per
676 4764 1149 4822 misericordiam
1179 4768 1365 4840 ipsius
1400 4771 1499 4826 Dei
1530 4772 1737 4827 nostri.

547 4869 767 4926 Lauda.
783 4873 1112 4944 Antequam
1127 4875 1329 4932 ﬁrmos
1342 4883 1573 4948 pararet
1589 4879 1808 4934 montes
1829 4878 1939 4932 sub
1954 4879 2123 4935 coelo:

474 4971 611 5011 cum
633 4973 702 5012 eo
729 4974 891 5016 eram
915 4976 1283 5034 componens
1301 4967 1505 5023 omnia
1531 4983 1542 5030 ;
1568 4967 1913 5036 gratulabar
1925 4973 2126 5024 autem

472 5045 614 5101 orbe
650 5048 928 5118 perfecto.
965 5054 1021 5106 P.
1048 5055 1166 5123 Ego
1198 5071 1352 5126 sum,
1382 5057 1475 5112 cui
1505 5056 1676 5112 Pater
1707 5057 2127 5126 congaudebat

469 5135 752 5206 quotidie.
779 5137 1044 5205 Alleluia,
1075 5143 1340 5201 Alleluia.
1375 5146 1437 5204 ἲν.
1478 5147 1637 5200 Tunc
1669 5145 1789 5201 dixi
1819 5164 1830 5201 :
1863 5149 2005 5202 Ecce
2031 5164 2126 5202 ve-

465 5223 567 5279 nio
597 5241 610 5292 ;
644 5225 701 5280 in
717 5229 912 5298 capite
933 5229 1063 5285 libri
1091 5235 1379 5304 scriptum
1407 5237 1491 5291 est
1521 5234 1593 5291 de
1616 5251 1711 5290 me
1736 5255 1752 5306 ;
1783 5239 1845 5291 ut
1868 5235 2124 5292 facerem

464 5313 835 5371 voluntatem
857 5321 1043 5373 tuam.
1091 5319 1149 5371 P.
1204 5321 1322 5390 Ego
1351 5338 1507 5387 sum,
1542 5322 1636 5378 cui
1686 5326 1867 5380 Pater.
1896 5323 1955 5384 if.
1989 5325 2123 5381 Glo-

462 5400 568 5464 ria,
603 5407 658 5458 et
683 5403 877 5461 honor
916 5408 1091 5464 Patri.
1127 5413 1181 5464 et
1221 5408 1382 5475 Filio,
1430 5415 1538 5465 etc.
1576 5411 1642 5465 P.
1683 5410 1804 5484 Ego
1839 5429 1992 5480 sum,
2029 5414 2121 5470 cui

463 5488 650 5545 Pater.

1727 209 2191 273 BRDVIABIUM
2230 210 2621 272 GOTHICUM.

2134 339 2179 394 A
2282 339 2505 397 Oratio.
2542 339 2815 404 Benedic,
2836 335 3108 403 Domine,
3142 345 3453 391 coronam.
3486 327 3742 400 Require
3770 325 3868 383 hic

3758 201 3870 259 116

2209 428 2399 497 infra.

2779 517 2873 571 Ad
2909 512 3298 572 Matutinum.

2282 605 2656 675 Antiphona.
2685 604 2923 662 Domini
2953 606 3039 658 est
3061 600 3221 657 salus
3251 615 3265 654 :
3294 601 3350 653 et
3371 611 3554 669 super
3573 595 3873 668 populum

2213 696 2404 759 tuum,
2440 694 2685 750 Domine
2710 691 3046 750 benedictio
3067 695 3189 746 tua.
3218 687 3378 744 Psal.
3406 701 3488 742 111.

2287 783 2512 838 Oratio.
2544 783 2629 839 Tu
2661 799 2744 849 es,
2790 781 3058 844 Domine,
3092 778 3271 842 salus,
3303 780 3360 832 et
3399 780 3500 832 tua
3531 778 3622 831 est
3644 773 3807 830 salus
3851 789 3867 829 :

2214 873 2371 928 hanc
2399 872 2736 941 gaudemus
2766 871 2828 926 in
2853 869 3026 926 nobis
3060 867 3339 937 largitam
3367 883 3379 920 :
3413 864 3571 920 hanc
3596 878 3787 935 usque
3807 863 3873 919 in

2215 960 2397 1015 ﬁnem
2437 965 2552 1016 ate
2577 961 2835 1032 petimus
2859 956 3235 1028 largiendam
3267 975 3280 1014 ;
3325 952 3584 1018 effunde,
3624 968 3870 1024 quaesu-

2217 1064 2373 1112 mus,
2402 1064 2580 1119 super
2607 1048 2900 1120 populum
2928 1050 3105 1106 tuum
3128 1043 3608 1102 benedictionem
3659 1047 3827 1097 tuam
3853 1057 3869 1105 ;

2219 1141 2284 1192 ut
2307 1137 2570 1208 privetur
2598 1137 2932 1194 maledictio
2962 1151 3176 1208 paenae,
3219 1138 3276 1190 et
3303 1132 3550 1188 ditescat
3598 1131 3658 1187 in
3693 1129 3876 1187 nobis

2218 1224 2443 1282 fructus
2469 1225 2733 1295 justitiaa,
2761 1230 2939 1296 atque
2958 1224 3190 1280 laetitiae.
3223 1234 3286 1293 Βι.
3309 1225 3521 1278 Amen.

2291 1317 2402 1370 Per
2432 1315 2903 1371 misericordiam
2924 1318 3089 1370 tuam
3117 1313 3271 1368 Deus
3301 1313 3523 1366 noster.

2291 1403 2656 1472 Antiphona.
2678 1405 2743 1459 In
2759 1404 2853 1458 die
2876 1400 3128 1472 insignis
3153 1398 3544 1456 solemnitatis
3563 1396 3881 1452 nostrte.P.

2223 1491 2477 1548 Benedic
2511 1493 2663 1548 Deus
2708 1508 2995 1549 coronam
3034 1490 3176 1546 anni
3219 1486 3608 1557 benignitatis
3646 1489 3781 1550 tuae,
3816 1489 3887 1541 ut

2224 1581 2420 1652 campi
2447 1581 2529 1636 tui
2554 1581 2894 1653 repleantur
2919 1582 3206 1636 ubertate.
3234 1578 3297 1638 ν.
3319 1580 3393 1632 Te
3417 1575 3586 1631 decet
3611 1576 3890 1646 Hymnus

2093 1664 2116 1740 ξ
2147 1678 2192 1732 Β
2224 1669 2381 1724 Deus
2407 1671 2467 1724 in
2503 1669 2678 1735 Sion;
2712 1675 2770 1726 et
2802 1670 2905 1725 tibi
2951 1668 3232 1725 reddetur
3260 1670 3470 1722 votum
3510 1665 3572 1719 in
3599 1664 3886 1719 Hierusa-

2223 1758 2367 1816 lem.
2404 1759 2470 1814 P.
2513 1759 2755 1814 Benedic
2800 1763 2971 1814 Deus.
3013 1759 3074 1818 ἲν.
3117 1757 3333 1820 Gloria,
3379 1759 3434 1811 et
3476 1755 3670 1811 honor
3697 1753 3880 1817 Patri,

2227 1853 2281 1903 et
2305 1847 2467 1913 Filio,
2498 1852 2606 1904 etc.
2637 1851 2696 1903 P.
2721 1848 2978 1904 Benedic
3005 1849 3181 1903 Deus.

2301 1937 2516 1993 Oratio.
2551 1937 2820 2003 Benedic,
2846 1937 3115 2005 Domine,
3132 1945 3418 1991 coronam
3439 1930 3581 1987 anni
3599 1928 3884 1998 benigni—

2228 2025 2364 2080 tatis
2393 2030 2543 2091 tuaa;
2573 2030 2635 2080 ut
2657 2030 2712 2081 et
2743 2030 2969 2081 mentes
2999 2024 3174 2096 copia
3203 2016 3493 2079 Doctrina:
3523 2018 3879 2088 refulgeant,

2230 2118 2287 2169 et
2321 2115 2518 2186 campi
2557 2114 2856 2170 donorum
2896 2119 3134 2170 tuorum
3167 2112 3432 2168 ubertate
3463 2109 3881 2181 pinguescant.

2232 2204 2360 2268 Quo
2383 2204 2464 2259 ita
2493 2203 2666 2259 nobis
2699 2203 3031 2259 substantia
3057 2219 3193 2258 cum
3221 2207 3323 2258 tua
3345 2201 3536 2272 gratia
3555 2197 3844 2268 largiatur
3868 2212 3886 2264 ;

2229 2296 2295 2348 ut
2314 2298 2369 2348 et
2400 2308 2537 2347 caro
2565 2292 2857 2364 frugibus,
2886 2298 2941 2348 et
2959 2293 3162 2348 anima
3177 2290 3394 2347 divinis
3416 2293 3587 2362 pasta
3612 2285 3888 2344 conlaite-

2231 2385 2324 2436 tur
2349 2381 2680 2437 virtutibus.
2715 2392 2783 2450 Βι.
2820 2383 3026 2437 Amen.

2304 2473 2410 2526 Per
2438 2471 2909 2528 misericordiam
2932 2477 3117 2527 tuam.

2302 2562 2654 2630 Antiphona.
2674 2561 3284 2632 Aspiciebam,etecce
3297 2560 3455 2616 enim
3469 2557 3736 2614 nubibus
3749 2553 3888 2611 caeli

2233 2648 2342 2720 47
2379 2649 2556 2720 quasi
2575 2649 2730 2704 ﬁlius
2750 2651 3008 2706 hominis
3032 2650 3324 2706 veniebat.
3348 2649 3410 2703 P.
3436 2651 3500 2703 Et
3520 2646 3698 2703 datus
3720 2650 3809 2701 est
3832 2645 3887 2700 ei

2231 2738 2622 2809 principatus,
2647 2740 2988 2804 ethonor,et
3003 2755 3256 2810 regnum
3280 2757 3292 2803 ;
3309 2743 3364 2794 et
3383 2738 3576 2795 omnis
3597 2734 3882 2809 populus,

2231 2827 2517 2891 tribus,ac
2538 2827 2756 2897 linguae
2775 2828 2887 2900 ipsi
2918 2829 3198 2886 serviunt.
3224 2831 3282 2886 P.
3307 2827 3571 2884 Potestas
3595 2826 3746 2896 ejus,
3775 2839 3887 2896 po-

2231 2919 2406 2971 testas
2436 2920 2676 2986 teterna,
2709 2933 2845 2989 quze
2872 2933 2994 2974 non
3024 2919 3351 2981 auferetur;
3374 2921 3429 2972 et
3448 2927 3698 2985 regnum
3725 2914 3884 2984 ejus,

2150 3027 2191 3084 ρ
2230 3005 2393 3076 quod
2424 3021 2542 3061 non
2574 3011 3005 3079 corrumpetur.
3042 3007 3101 3067 τ’.
3131 3009 3196 3062 Et
3227 3003 3634 3063 dominabitur
3661 3021 3698 3060 a
3729 3002 3888 3058 mari

2230 3107 2424 3165 usque
2463 3095 2540 3151 ad
2571 3109 2756 3160 mare,
2783 3099 2888 3151 eta
2905 3096 3154 3152 ﬂumine
3178 3109 3367 3167 usque
3393 3094 3471 3151 ad
3492 3093 3773 3150 terminos
3795 3107 3890 3148 or-

2227 3182 2321 3237 bis
2360 3186 2670 3239 terrarum.
2703 3184 2766 3240 P.
2795 3185 2858 3240 Et
2878 3185 3053 3241 datus
3075 3189 3163 3241 est
3191 3185 3263 3241 ei.
3287 3183 3352 3244 ἠν.
3380 3183 3594 3250 Gloria,
3619 3185 3675 3238 et
3693 3181 3892 3238 honor

2230 3271 2401 3335 Patri,
2431 3277 2487 3328 et
2517 3273 2680 3340 Filio,
2713 3279 2820 3330 etc.
2857 3275 2917 3329 P.
2954 3275 3214 3331 Potestas
3243 3275 3392 3345 ejus,
3422 3279 3700 3346 potestas.

2304 3361 2528 3417 Oratio.
2566 3362 2888 3433 Unigenite,
2925 3365 3025 3419 Fili
3057 3364 3158 3420 Dei
3190 3363 3403 3432 Patris,
3426 3362 3529 3435 qui
3563 3360 3889 3434 aspiciente

2229 3449 2522 3521 Propheta
2541 3449 2602 3505 in
2631 3451 3036 3508 ccelinubibus
3050 3451 3221 3508 Filius
3241 3451 3502 3509 hominis
3528 3449 3884 3516 declararis;

2232 3537 2324 3591 cui
2358 3537 2527 3593 Pater
2556 3538 2758 3612 utique
2788 3540 3189 3613 principatum
3220 3546 3275 3596 et
3301 3555 3552 3610 regnum
3579 3535 3878 3606 attribuit;

2231 3626 2378 3681 dum
2404 3626 2608 3682 omnia
2633 3630 2907 3699 potestati
2939 3634 3051 3684 tuae
3097 3628 3348 3702 subjecit
3379 3646 3391 3684 :
3436 3627 3527 3685 {ac
3575 3643 3708 3692 nos,
3751 3641 3884 3682 esse

2231 3729 2484 3784 regnum
2513 3721 2700 3784 tuum,
2735 3717 2995 3773 tribuens
3023 3718 3197 3774 nobis
3216 3717 3651 3788 municipatum
3673 3729 3888 3787 perpe-

2235 3809 2424 3870 tuum,
2459 3806 2884 3878 coeeternisque
2911 3823 3146 3879 semper
3187 3807 3492 3863 desideriis
3537 3804 3891 3861 anhelantes

2234 3893 2416 3948 futuri
2475 3894 2661 3965 regni,
2729 3911 3067 3952 mercamur
3109 3897 3357 3952 existere
3410 3892 3749 3951 coheredes.
3809 3905 3882 3963 Βι.

2236 3983 2445 4038 Amen.

2309 4069 2418 4125 Per
2449 4070 2917 4129 misericordiam
2951 4078 3138 4129 tuam.

2307 4160 2675 4229 Antiphona.
2706 4161 2848 4217 Ecce
2880 4162 3171 4218 annuntio
3204 4161 3376 4218 vobis
3397 4161 3686 4232 gaudium
3716 4175 3893 4230 mag-

2238 4263 2405 4311 num,
2433 4248 2590 4319 quod
2623 4250 2728 4305 erit
2756 4252 3034 4307 universo
3086 4249 3311 4323 populo
3346 4269 3357 4305 :
3388 4249 3565 4307 hodie
3599 4253 3775 4305 natus
3805 4255 3898 4304 est

2240 4335 2505 4394 nobis.P.
2521 4338 2794 4394 Salvator
2818 4338 3048 4408 mundi,
3072 4339 3548 4412 quiestChristus
3565 4337 3855 4394 Dominus
3877 4349 3902 4408 ;

2237 4425 2298 4480 in
2329 4425 2562 4482 civitate
2595 4426 2783 4483 David
2814 4427 3108 4497 regnabit,
3133 4434 3188 4484 et
3219 4429 3458 4500 sapiens
3485 4427 3613 4492 erit,
3643 4431 3698 4482 et
3727 4425 3902 4496 regni

2239 4517 2289 4586 ej
2304 4532 2368 4570 us
2395 4532 2513 4571 non
2537 4517 2646 4572 erit
2684 4517 2841 4572 finis.
2873 4517 2936 4577 ἲν.
2969 4518 3272 4590 Lapidem,
3299 4533 3480 4589 quem
3528 4513 3903 4587 reprobave-

2239 4609 2375 4660 runt
2402 4605 2763 4662 {editicantes
2799 4650 2811 4673 ,
2846 4607 2938 4662 hic
2969 4607 3159 4663 factus
3190 4612 3276 4661 est
3305 4606 3363 4661 in
3391 4609 3571 4677 caput
3601 4601 3898 4676 anguli.P.

2241 4692 2508 4750 Salvator
2534 4694 2872 4767 mundi,qui
2896 4700 2981 4751 est
3004 4695 3285 4751 Christus.
3312 4693 3593 4759 V.Gloria,
3620 4696 3674 4749 et
3695 4693 3898 4748 honor

2240 4782 2417 4848 Patri,
2452 4788 2507 4840 et
2540 4784 2698 4849 Filio,
2725 4790 2832 4840 etc.
2861 4788 2915 4840 P.
2941 4784 3207 4841 Salvator
3229 4783 3457 4850 mundi,
3483 4783 3587 4856 qui
3613 4787 3703 4838 est
3733 4780 3901 4838 Chri-

2240 4877 2384 4927 stus.

2310 4964 2528 5018 Oratio.
2576 4966 2667 5028 Te,
2709 4964 2974 5033 Domine,
3002 4963 3251 5028 favente,
3291 4963 3687 5019 annuncietur
3715 4960 3901 5016 nobis

2240 5053 2425 5107 sancti
2458 5053 2662 5123 Angeli
2691 5053 3018 5108 ministerio
3059 5052 3350 5124 gaudium
3382 5065 3692 5121 magnum,
3727 5050 3902 5121 quod

2239 5141 2461 5212 populo
2489 5142 2559 5198 sit
2590 5140 2910 5199 christiano
2941 5141 3001 5197 in
3038 5146 3158 5197 toto
3177 5143 3305 5212 jam
3333 5140 3587 5196 mundo.
3629 5131 3903 5193 Christus

2237 5231 2396 5285 enim
2423 5231 2709 5286 Dominus
2726 5232 2905 5287 hodie
2924 5237 3098 5286 natus
3118 5236 3203 5286 est
3223 5231 3499 5286 omnibus
3522 5226 3899 5300 salus,atque

2239 5321 2506 5375 Salvator
2524 5325 2775 5375 aeternus
2793 5320 2851 5376 in
2871 5321 3103 5376 civitate
3121 5319 3465 5392 David,quze
3483 5323 3570 5374 est
3590 5315 3858 5372 Ecclesia
3883 5335 3896 5384 ;

2235 5409 2292 5463 in
2327 5426 2396 5464 ea
2418 5426 2658 5482 quoque
2693 5410 2821 5466 sine
2842 5411 2960 5466 fine
2982 5409 3423 5479 regnabit,dum
3444 5423 3578 5463 eam
3605 5421 3797 5478 usque
3814 5405 3899 5463 ad

2233 5500 2416 5555 tinem
2431 5499 2780 5572 custodit,ac
2791 5501 2937 5570 regit
2965 5517 2976 5556 :
3011 5502 3227 5558 Praesta
3241 5503 3617 5571 ergo,uteam
3631 5511 3897 5568 regnum
