4118 6184
232 240 337 296 11⁵7
1430 240 1502 295 ΙΝ
1544 236 1663 297 DIE
1703 234 1841 293 NAT

1961 236 2149 297 FATIS
2191 240 2474 301 DOMINI.
3564 251 3664 309 118

228 381 415 422 suum
434 379 512 425 ex
540 365 664 421 toto
694 361 936 430 efﬁciat.
969 362 1118 421 dum
1134 362 1197 423 in
1210 367 1332 425 toto
1349 365 1579 425 mundo
1591 364 1818 429 dilatat,
1847 366 1904 420 et
1935 364 1977 419 A
2018 364 2120 437 qui
2153 370 2292 425 tunc
2322 369 2383 426 in
2408 369 2698 429 faciendis
2727 370 2906 427 rebus
2929 372 3141 430 aderas
3188 372 3505 446 institutor,
3524 378 3661 451 pius

228 454 564 513 scelestium
596 450 913 508 aeternitati
944 452 1070 510 sine
1090 452 1209 512 ﬁne
1253 455 1536 515 associat.
1574 467 1635 525 Ri.
1688 454 1898 513 Amen.
2012 468 2307 527 appareas
2336 458 2397 514 in
2440 459 2614 516 nobis
2661 460 3097 517 retributor:et
3133 462 3275 535 quia
3336 450 3661 538 antequam

296 544 407 599 Per
427 540 912 597 misericordiam
946 546 1133 600 tuam.
2007 545 2271 601 mundus
2285 549 2657 605 constaretin
2700 547 3059 606 sublimitate
3092 554 3147 607 te
3187 548 3492 610 habitasse
3530 572 3660 628 per-

298 644 362 702 3;.
392 628 768 686 Hierusalem
784 629 965 685 hodie
991 636 1173 687 natus
1206 636 1293 689 est
1319 633 1424 690 tibi
1468 632 1739 704 Princeps
1778 631 1896 687 Sal-
2005 633 2348 702 pendimus,
2376 653 2411 693 a
2439 639 2654 693 nostris
2674 638 3103 694 colluvionibus
3124 638 3290 695 liberi
3306 643 3652 711 existamus;

227 728 399 781 vetor
421 721 700 778 omnium
720 740 737 791 ;
757 720 834 776 ad
848 721 1353 794 cujusimperium
1370 722 1772 779 movebuntur
1785 722 1894 777 vir-
2004 724 2068 775 ut
2087 722 2160 777 ad
2185 723 2585 795 instarlegalis
2615 727 2908 783 columnae
2936 744 3117 799 super
3141 745 3327 802 quam
3370 730 3655 789 thronum

230 818 384 871 tutes
413 811 737 869 crelorum:
762 810 1037 881 regnabit
1068 812 1129 867 in
1157 817 1539 881 aeternum,et
1558 813 1747 883 gloria
1764 814 1891 883 ejus
2002 812 2172 865 tuum
2202 815 2547 885 apparuisse
2573 816 2923 881 denuncias,
2958 832 3079 873 non
3108 816 3317 873 itidem
3361 818 3653 890 supplices

230 918 371 958 cum
402 906 567 958 terrae
588 915 759 972 pace.
792 901 864 955 P.
888 900 953 955 In
988 900 1236 957 excelsis
1251 902 1329 958 ab
1359 902 1598 973 Angelis
1628 901 1890 957 declara-
2000 903 2133 954 tuos
2154 916 2260 972 per
2290 904 2493 959 omnia
2515 904 2735 960 similes
2757 906 2998 975 reddas,
3026 923 3148 979 quo
3174 907 3248 963 de
3268 912 3517 980 utroque
3531 926 3652 963 mu-

228 995 342 1049 tur.
392 991 450 1052 ἴ.
486 990 777 1046 Dominus
816 991 1105 1061 regnavit,
1144 990 1423 1048 decorem
1448 991 1670 1049 induit:
1695 991 1888 1047 induit
1997 1002 2136 1043 nere
2165 989 2331 1045 laetos
2363 993 2620 1057 effectos,
2653 1010 2791 1049 cum
2814 995 3032 1051 sanctis
3064 996 3176 1052 tuis
3204 995 3389 1053 facias
3417 1012 3651 1069 perma-

224 1080 520 1138 Dominus
550 1078 980 1145 fortitudinem,
1013 1083 1070 1135 et
1088 1081 1399 1152 prmeinxit
1417 1097 1500 1137 se.
1526 1082 1591 1137 P.
1618 1082 1682 1137 In
1699 1080 1885 1136 excel-
1993 1090 2134 1132 nere
2162 1078 2402 1135 illaesos.
2437 1092 2501 1151 av.
2531 1082 2738 1137 Amen.

219 1169 331 1229 sis.
374 1170 441 1231 ἵ.
464 1168 757 1224 Mirabiles
791 1167 1081 1225 elationes
1102 1169 1307 1233 maris,
1331 1170 1619 1226 mirabilis
1654 1169 1715 1226 in
1751 1168 1883 1225 altis
2066 1165 2177 1220 Per
2200 1168 2680 1226 misericordiam.

217 1257 550 1321 Dominus,
573 1256 645 1312 P.
675 1255 760 1311 Ab
784 1255 1044 1327 Angelis.
1078 1256 1138 1318 ἡ.
1174 1257 1388 1323 Gloria,
1417 1262 1473 1314 et
1500 1258 1692 1314 honor
1705 1258 1877 1325 Patri,
2064 1256 2433 1324 Antiphone.
2467 1260 2613 1313 Ante
2644 1260 2821 1314 colles
2844 1276 2954 1331 ego
3003 1259 3412 1331 parturiebar:
3446 1261 3644 1319 adhuc

210 1350 273 1402 et
310 1346 473 1411 Filio,
505 1349 614 1401 etc.
638 1344 701 1402 P.
732 1347 797 1402 In
819 1344 1090 1402 excelsis.
1991 1345 2206 1398 terram
2230 1360 2351 1399 non
2382 1345 2621 1401 fecerat.
2663 1347 2727 1402 P.
2755 1348 3005 1412 Quando
3038 1347 3217 1403 ccelos
3243 1349 3641 1421 praeparebat,

284 1434 519 1490 Oratio.
554 1435 667 1490 Fac
695 1449 829 1497 nos,
854 1434 1319 1501 Domine,beatee
1341 1435 1495 1491 illius
1513 1436 1877 1493 Hierusalem
1987 1430 2269 1487 aderam:
2305 1432 2446 1490 dum
2490 1434 2736 1490 vallaret
2793 1436 2943 1492 mari
2984 1435 3285 1503 terminos,
3338 1440 3394 1493 et
3446 1437 3641 1508 legem

203 1522 729 1588 visionelaetari,et
742 1523 804 1577 in
818 1523 1045 1592 gremio
1057 1523 1185 1593 ejus
1214 1531 1499 1595 perpetua
1506 1524 1839 1595 jocunditat

1984 1524 2231 1589 poneret
2258 1522 2571 1593 aquis,ego
2602 1539 2784 1578 eram.
2820 1524 2886 1583 Ψ.
2926 1527 3085 1579 Tunc
3103 1524 3245 1579 dixi:
3279 1540 3414 1580 ecce
3438 1526 3637 1594 venio,

204 1611 497 1675 attollimt
516 1612 577 1668 in
600 1611 773 1681 cujus
794 1611 1021 1681 gremio
1039 1617 1387 1668 sanctorum
1402 1613 1719 1669 multitudo
1736 1630 1872 1670 con-
1982 1605 2043 1661 in
2066 1609 2255 1678 capite
2282 1608 2415 1664 libri
2448 1612 2737 1682 scriptum
2757 1617 2842 1667 est
2868 1612 2941 1667 de
2963 1616 3149 1679 me,ut
3164 1614 3420 1669 facerem
3442 1614 3641 1669 volun-

204 1699 467 1766 sistit;in
484 1701 617 1770 ejus
638 1715 883 1771 quoque
897 1715 1010 1755 nos
1031 1700 1170 1755 sinu
1187 1716 1317 1756 esse
1331 1707 1635 1773 compotes
1648 1718 1872 1759 merea-
1900 1724 1942 1778 B
1982 1698 2162 1752 tatem
2195 1702 2378 1755 tuam.
2412 1702 2471 1753 Ρ.
2502 1700 2755 1764 Quando
2778 1700 2977 1756 caalos.
3001 1701 3061 1762 )7.
3087 1700 3305 1768 Gloria,
3347 1705 3403 1757 et
3443 1701 3639 1759 honor

202 1805 379 1847 mur:
401 1794 466 1845 ut
486 1788 835 1860 Unigenitus
854 1794 990 1844 tuus
1012 1790 1290 1862 princeps
1313 1790 1515 1863 utique
1531 1793 1841 1848 etomniun

1980 1784 2157 1853 Patri,
2187 1790 2241 1840 et
2274 1786 2431 1850 Filio,
2460 1794 2574 1842 etc.
2616 1788 2658 1841 P
2711 1788 2962 1853 Quando
3011 1788 3192 1844 cmlos
3236 1790 3631 1860 praeparabat.

202 1878 501 1942 Salvator,
536 1878 614 1934 ad
641 1878 813 1949 cujus
835 1878 1155 1950 imperium
1173 1879 1563 1936 movebuntur
1579 1881 1867 1937 calorum
2052 1872 2277 1929 Oratio.
2309 1874 2585 1930 Doctrina
2610 1875 2732 1943 Dei,
2762 1876 3065 1947 Sapientia
3096 1876 3299 1942 Patris,
3333 1876 3438 1948 qui
3495 1882 3632 1933 ante

202 1967 475 2033 virtutes,
520 1966 605 2022 sic
648 1967 711 2021 in
750 1966 925 2022 nobis
946 1968 1103 2023 mitis
1130 1983 1365 2039 semper
1404 1973 1746 2039 conregnet,
1806 1974 1868 2026 ιιι
1977 1958 2237 2023 colles,et
2264 1961 3057 2028 montiummoles,necdum
3074 1963 3271 2019 adhuc
3289 1968 3631 2037 terramqua

198 2054 521 2127 sapientia:
549 2070 674 2110 suae
708 2069 817 2111 ora
834 2057 1130 2111 nostrain
1179 2056 1415 2112 laudem
1461 2058 1553 2112 sui
1604 2058 1864 2114 nominis

198 2148 399 2215 aptet:
427 2142 707 2215 qualiter,
741 2147 802 2198 et
836 2143 932 2199 hic
957 2144 1093 2214 pius
1140 2149 1450 2201 succurrat
1486 2145 1738 2213 miseris,
1806 2152 1863 2203 et

194 2238 333 2303 post
352 2232 420 2288 in
454 2247 646 2302 regno
662 2247 774 2288 suo
792 2247 1152 2303 permanens
1174 2233 1247 2289 sit
1264 2233 1327 2289 in
1340 2233 1620 2289 solatium
1634 2234 1862 2291 redem-

191 2322 330 2393 ptis,
373 2321 771 2390 Respondeat.
798 2322 1009 2378 Amen.

256 2411 374 2467 Per
400 2410 880 2466 misericordiam
901 2414 1063 2467 tuam
1087 2413 1239 2466 Deus
1254 2413 1769 2469 noster.Dominus
1786 2413 1858 2468 sit

189 2514 433 2570 semper
455 2498 796 2554 vobiscum.
817 2510 883 2569 Br.
911 2502 977 2554 Et
1005 2516 1163 2555 cum.

248 2588 637 2657 Antiphona.
672 2590 794 2644 Vox
822 2588 1059 2644 Domini
1085 2589 1388 2645 reddentis
1401 2590 1850 2647 retributionem

184 2676 443 2733 inimicis
457 2676 585 2732 suis
606 2696 617 2735 :
636 2681 965 2748 antequam
982 2678 1555 2751 parturiret,peperit
1572 2696 1585 2745 ;
1619 2684 1675 2735 et
1690 2684 1853 2737 ante-

184 2781 375 2837 quam
392 2766 622 2822 veniret
653 2771 863 2837 partus
895 2766 1045 2837 ejus,
1077 2767 1307 2838 peperit
1346 2768 1851 2834 masculum.Quis

184 2853 417 2910 audivit
432 2853 651 2909 talem!
693 2858 797 2909 aut
817 2855 954 2926 quis
980 2854 1277 2911 vidithuic
1305 2856 1667 2914 similemlP.
1696 2860 1852 2913 Nun-

183 2943 338 3014 quid
358 2943 461 3014 qui
505 2941 655 2998 alios
669 2958 880 3015 parere
893 2942 1068 3009 facio,
1102 2944 1233 3016 ipse
1257 2961 1380 3001 non
1418 2946 1652 3018 pariam
1670 2945 1697 3000 ?
1712 2946 1873 3003 dicit

182 3032 637 3096 Dominus:0ui
650 3032 1098 3101 generationem
1135 3034 1362 3090 caeteris
1390 3034 1605 3101 tribuo,
1640 3035 1850 3090 sterilis

1972 2047 2142 2104 lance
2164 2047 2374 2105 librata
2403 2051 2797 2115 constabat,et
2814 2051 2940 2122 jam
2972 2052 3143 2108 Pater
3162 2050 3422 2125 populos
3453 2069 3627 2126 para-

1970 2136 2237 2192 batzcum
2256 2138 2383 2207 jam
2428 2139 2620 2210 utique
2649 2144 2710 2195 tu
2742 2140 2856 2195 illic
2885 2140 3119 2208 aderas,
3151 2140 3399 2212 quando
3446 2142 3625 2198 etiam

1968 2225 2122 2280 mari
2144 2227 2431 2282 terminos
2452 2232 2580 2284 rata
2626 2228 2917 2284 soliditate
2966 2230 3253 2298 vallabat,
3308 2230 3623 2303 legemque

1969 2313 2142 2384 aquis
2165 2315 2562 2381 constitueret,
2592 2316 2651 2371 in
2678 2319 2853 2372 unius
2877 2318 3113 2373 Deitatis
3132 2322 3347 2374 natura
3398 2323 3461 2373 tu
3489 2318 3620 2390 ipse

1967 2416 2125 2457 eras:
2145 2404 2348 2458 adesto
2375 2403 2745 2476 supplicibus
2774 2406 2887 2460 tuis
2914 2424 2927 2474 ;
2956 2410 3020 2461 ut
3065 2406 3254 2461 moles
3296 2405 3618 2461 criminum

1965 2490 2449 2557 commissorum,
2482 2493 2701 2563 quibus
2732 2493 2930 2548 acrius
2955 2496 3308 2565 premimur,
3341 2497 3459 2550 tuae
3490 2495 3616 2566 pie-

1962 2578 2706 2635 tatisdexteraadnihilum
2738 2581 3108 2649 redigantur:
3143 2586 3197 2636 et
3217 2581 3301 2637 ita
3328 2582 3388 2637 in
3431 2582 3614 2653 hujus

1963 2664 2165 2719 saeculi
2195 2682 2376 2721 amne
2414 2668 2845 2735 navigantibus
2901 2670 3034 2724 vela
3074 2673 3192 2723 ture
3231 2670 3613 2739 protectionis

1960 2753 2276 2822 dirigas,ut
2294 2760 2666 2810 transeuntes
2696 2772 2859 2811 mare
2873 2756 2951 2811 ad
2976 2772 3238 2826 superna
3250 2772 3359 2810 nos
3373 2772 3613 2827 semper

1958 2858 2065 2915 per
2081 2842 2199 2913 lign
2211 2859 2310 2898 um
2340 2848 2457 2898 tua;
2475 2844 2672 2899 Crucis
2686 2843 2980 2899 sustollas.
2996 2844 3604 2913 Respondeat.Amen.

2032 2938 2142 2994 Per
2166 2938 2658 2995 misericordiam.

2031 3040 2095 3096 It.
2125 3028 2317 3084 lnista
2342 3027 2436 3083 die
2464 3027 2681 3101 prodiit
2743 3026 3013 3083 Salvator
3056 3027 3253 3094 Israel,
3312 3032 3377 3083 ut
3406 3027 3611 3084 liberet

180 3135 282 3177 eno
310 3122 340 3178 τ)
361 3121 453 3177 ait
482 3091 766 3178 Dominus
792 3121 945 3178 Deus
968 3127 1190 3181 noster.
1224 3124 1293 3183 ἰν.
1343 3126 1465 3179 Vox
1506 3091 1741 3181 Domini
1787 3125 1849 3181 in
1879 3091 1921 3148 Ο
1960 3132 2171 3173 omnes
2199 3115 2478 3189 captivos,
2503 3133 2694 3172 caecos
2717 3115 3091 3181 illuminavit,
3115 3121 3173 3173 et
3204 3116 3419 3173 surdos
3472 3116 3607 3175 fecit

176 3209 422 3275 virtute,
459 3224 570 3265 vox
600 3209 835 3265 Domini
859 3209 919 3265 in
947 3210 1414 3280 magniﬁcentia.
1458 3212 1523 3266 P.
1547 3211 1849 3283 Numquid

179 3298 277 3369 qui
322 3298 483 3354 alios
506 3314 715 3369 parere
749 3298 921 3354 facio.
942 3299 1002 3358 ii.
1038 3298 1250 3365 Gloria,
1285 3305 1339 3356 et
1366 3301 1561 3356 honor
1578 3301 1757 3366 Patri,
1790 3304 1848 3357 et

180 3386 344 3449 Filio,
388 3389 504 3441 etc.
536 3386 603 3440 P.
630 3386 931 3458 Numquid
961 3387 1066 3459 qui
1103 3386 1274 3445 alios.

247 3476 483 3530 Oratio.
510 3477 667 3529 Deus
701 3474 872 3530 Pater
903 3475 1434 3549 Omnipotens,qui
1450 3492 1596 3533 voce
1619 3476 1843 3533 tuaini-

176 3563 355 3620 micis
373 3562 599 3620 animos
612 3566 829 3619 nostra;
853 3563 1049 3620 reddis
1089 3564 1563 3632 retributionem,
1592 3570 1649 3622 et
1680 3571 1845 3621 ante-

178 3667 371 3722 quam
385 3667 461 3706 ex
486 3655 543 3706 te
565 3650 815 3706 verbum
838 3656 1158 3718 eructares,
1203 3653 1331 3723 jam
1390 3654 1586 3725 ipsum
1638 3655 1842 3727 utique

178 3740 439 3795 verbum
462 3754 626 3796 nova
646 3740 1052 3811 parturitionis
1070 3742 1217 3796 serie
1236 3744 1600 3814 parturieras
1622 3763 1633 3800 :
1660 3749 1715 3800 et
1738 3760 1840 3802 an-

175 3832 430 3901 tequam
452 3832 662 3899 partus
688 3828 773 3883 tui
798 3829 1082 3884 terminus
1130 3831 1454 3897 adveniret,
1499 3834 1837 3890 masculum

172 3918 383 3991 utique
406 3918 905 3986 generaras.0uis
928 3918 1149 3974 etenim
1171 3919 1285 3975 tale
1299 3920 1505 3976 audire
1521 3937 1833 3992 umquam,

170 4022 229 4062 se
251 4007 487 4061 diceret
517 4006 847 4077 aliquando
869 4007 896 4062 ?
917 4012 1019 4063 aut
1043 4023 1104 4062 se
1120 4008 1346 4063 vidisse
1360 4010 1498 4064 huic
1534 4009 1729 4065 simile
1757 4011 1839 4067 fa-

168 4099 332 4151 ctum
356 4094 808 4166 putaret?cum
825 4096 1007 4150 Deum
1042 4096 1318 4165 genuisse
1369 4099 1574 4161 Deum,
1633 4097 1837 4157 lumen

166 4183 485 4255 peperisse
504 4182 708 4238 lumen
727 4184 1174 4255 comprobaret:
1195 4187 1394 4241 Presta
1422 4185 1598 4241 nobis
1614 4187 1836 4245 inﬁmis

170 4272 354 4329 servis
386 4271 527 4333 tuis,
568 4275 636 4328 ut
660 4272 797 4344 quis
819 4271 948 4328 aliis
974 4272 1037 4327 in
1058 4273 1346 4344 pariendo
1382 4274 1834 4332 fcecunditatem

169 4366 451 4432 praestas,
483 4361 615 4432 ipse
645 4361 707 4415 in
729 4360 907 4416 nobis
935 4366 1260 4432 conceptus
1289 4363 1492 4432 gratim
1512 4364 1709 4435 parias
1736 4384 1748 4421 :
1777 4369 1838 4421 ut

1960 3206 2199 3263 audire:
2226 3210 2477 3272 montes,
2504 3209 2558 3262 et
2586 3221 2795 3261 omnes
2823 3206 3004 3262 colles
3045 3205 3490 3275 germinabunt.
3521 3206 3602 3263 P.

1959 3298 2025 3350 Et
2046 3295 2147 3367 qui
2172 3295 2233 3349 in
2263 3292 2523 3350 tenebris
2556 3294 2785 3360 sedent,
2809 3292 3252 3361 exclamabant,
3277 3300 3333 3349 et
3375 3294 3606 3349 dicent:

1958 3384 2230 3449 Domine,
2255 3398 2547 3455 appareas
2572 3399 2751 3455 super
2779 3399 2910 3450 nos,
2935 3381 3217 3451 splendor
3242 3381 3598 3450 gloriastuus.

1954 3472 2017 3536 ΣΤ.
2042 3473 2325 3545 Populus,
2351 3472 2451 3543 qui
2484 3471 2724 3527 sedebat
2774 3471 2835 3525 in
2880 3468 3156 3535 tenebris,
3208 3468 3355 3523 vidit
3400 3465 3607 3524 lumen

1955 3577 2247 3635 magnum
2275 3580 2287 3620 :
2320 3559 2732 3615 habitantibus
2763 3560 2821 3613 in
2840 3558 3080 3626 regione
3104 3556 3333 3613 umbras
3372 3557 3599 3626 mortis,

1952 3649 2055 3706 lux
2086 3655 2215 3705 orta
2245 3650 2348 3707 eis.
2376 3650 2445 3703 P.
2470 3652 2536 3703 Et
2565 3648 2682 3720 qui.
2714 3648 2771 3706 3‘.
2805 3646 3025 3715 Gloria,
3084 3651 3140 3703 et
3180 3646 3400 3704 honor.
3439 3645 3503 3702 P.
3538 3640 3603 3703 Et

1953 3754 2078 3811 qui.

2026 3824 2441 3883 0ratio.Hodie
2474 3825 2675 3880 lumen
2708 3824 3156 3897 mundiprodiit
3192 3823 3399 3881 :hodie
3439 3822 3602 3881 salus

1951 3916 2060 3975 aevi
2091 3912 2367 3970 emicuit:
2390 3912 2570 3969 hodie
2597 3914 2863 3970 Salvator
2893 3913 3069 3969 lsrael
3095 3914 3167 3969 de
3182 3913 3415 3969 climate
3469 3908 3601 3968 caeli

1949 4003 2274 4069 descendit,
2309 4008 2367 4058 ut
2390 4009 2559 4058 eruat
2579 4020 2788 4058 omnes
2810 4004 3098 4075 captivos,
3142 4019 3295 4075 quos
3317 4001 3600 4074 antiquus

1948 4094 2136 4150 hostis
2165 4092 2370 4163 prme
2384 4107 2486 4162 per
2499 4092 2950 4163 primihominis
2970 4091 3246 4147 delictum
3269 4090 3605 4163 captivave-

1946 4186 2071 4237 rat:
2097 4185 2151 4236 et
2173 4184 2235 4235 ut
2264 4181 2433 4235 caecis
2463 4180 2766 4237 mentibus
2795 4180 3019 4244 lumen,
3065 4178 3255 4236 surdis
3304 4179 3597 4245 auditum,

1949 4270 2139 4339 gratia
2159 4269 2573 4340 praeveniente,
2598 4270 2967 4324 restitueret:
3001 4268 3079 4324 ob
3103 4268 3271 4323 istius
3310 4268 3453 4324 tanti
3475 4284 3599 4341 my—

1950 4360 2107 4414 sterii
2138 4358 2430 4415 beneﬁcia
2458 4364 2776 4422 montes,et
2797 4358 2977 4414 colles
2994 4356 3600 4431 tripudiant,ipsaque

170 4449 616 4520 sterilitas,quae
635 4465 710 4505 ex
726 4450 1411 4508 nostroinfaacunditatis
1446 4453 1583 4508 vitio
1628 4453 1837 4519 oritur,
1868 4441 1913 4494 Ι)
1950 4447 2158 4504 mundi
2189 4446 2481 4502 elementa
2506 4446 2793 4504 inetlabili
2815 4446 3034 4515 gaudio
3075 4446 3185 4502 ista
3215 4445 3274 4501 in
3302 4444 3395 4501 die
3415 4442 3601 4500 melos

171 4542 269 4594 tua
292 4538 973 4609 cooperante,gratia,in
995 4555 1109 4595 nos
1128 4540 1513 4613 multiplicius
1529 4542 1838 4609 redundet,

174 4637 236 4695 ἢ.
272 4629 495 4685 Amen.

240 4719 349 4771 Per
376 4714 857 4771 misericordiam
882 4720 1067 4772 tuam.

240 4803 607 4874 Antiphone.
638 4806 759 4872 Ego
780 4804 1213 4876 primogenitus
1241 4805 1393 4861 exivi
1412 4811 1549 4863 ante
1594 4823 1838 4863 omnem

177 4898 513 4949 creaturam
538 4893 610 4949 P.
641 4894 761 4961 Ego
792 4892 924 4947 fecit
962 4894 1018 4947 in
1043 4893 1297 4960 cmlis,ut
1317 4894 1567 4951 oriretur
1611 4896 1835 4951 lumen.

180 4983 294 5050 Ego
320 4983 383 5036 in
413 4980 549 5035 altis
572 4978 782 5034 habito
801 4998 812 5035 :
830 4985 886 5035 et
914 4980 1166 5036 thronus
1181 4998 1349 5037 meus
1363 4983 1423 5037 in
1438 4983 1719 5039 columna
1733 5000 1838 5038 nu-

178 5067 265 5122 bis
296 5068 638 5141 apparebit.
676 5067 737 5126 v.
767 5069 1051 5125 Dominus
1070 5070 1211 5126 dixit
1238 5070 1314 5126 ad
1338 5071 1637 5126 me:Filius
1668 5088 1838 5128 meus

183 5171 245 5210 es
272 5162 353 5222 tu,
393 5173 508 5227 ego
530 5157 713 5213 hodie
743 5159 922 5227 genui
954 5164 1027 5214 te.
1056 5161 1133 5216 P.
1168 5162 1285 5229 Ego
1314 5160 1425 5215 feci
1454 5160 1513 5216 in
1542 5162 1727 5218 cmlis.

252 5246 641 5302 Fratio.Vera
674 5246 773 5300 Dei
796 5248 1083 5318 sapientia
1101 5248 1422 5321 Patris,qui
1441 5256 1575 5306 ante
1594 5267 1838 5307 omnem

184 5338 517 5389 creaturam
563 5334 771 5389 existis
797 5351 868 5389 ex
900 5335 1001 5391 illa
1030 5336 1344 5391 invisibilis
1396 5338 1686 5395 Genitoris
1719 5339 1838 5411 48

184 5426 399 5493 arce,te
419 5422 647 5481 etenim
670 5422 878 5479 fecisse
918 5424 979 5480 in
1020 5424 1183 5481 caelis
1236 5425 1362 5481 fore
1412 5427 1734 5496 credimus,
1776 5434 1842 5484 ut

186 5511 434 5569 oriretur
461 5512 673 5569 lumen
702 5511 1079 5587 rhompheali
1109 5513 1394 5577 ﬂammea
1408 5515 1706 5577 dimicans
1731 5536 1743 5577 :
1780 5521 1840 5578 ut

1949 4536 2302 4592 decantant:
2336 4534 2414 4591 ob
2435 4535 2548 4590 hoc
2576 4535 2952 4604 gemebunda
2973 4551 3143 4607 prece
3158 4534 3236 4607 pii
3252 4533 3601 4605 Redempto-

1951 4625 2031 4680 ris
2053 4625 2429 4681 clementiam
2471 4623 2812 4696 suppliciter
2837 4628 3244 4680 exoremuszut
3267 4621 3600 4695 nos,quiin

1950 4714 2209 4771 tenebris
2240 4719 2625 4785 peccatorum
2658 4717 2997 4769 nostrorum
3046 4712 3425 4777 involvimur,
3495 4727 3601 4783 per

1950 4802 2651 4859 cordisacclamationem
2683 4802 2956 4874 protinus
2981 4803 3307 4874 explemur,
3342 4805 3403 4855 ut
3426 4798 3602 4857 illoin

1949 4891 2125 4947 nobis
2145 4896 2488 4962 apparente,
2522 4895 2578 4945 et
2603 4890 2885 4963 splendor
2916 4890 3117 4960 gloriae
3141 4889 3486 4961 jocundius,
3531 4907 3601 4947 ac

1948 4980 2331 5051 multiplicius
2363 4980 2580 5036 nostris
2600 4980 2658 5034 in
2687 4980 3037 5051 praecordiis
3064 4980 3283 5052 vigeat,
3313 4985 3369 5036 et
3396 4981 3599 5037 salutis

1949 5070 2170 5140 gaudia
2192 5070 2319 5125 sine
2340 5070 2457 5125 fine
2489 5070 2852 5125 dulcescunt.
2875 5082 2935 5141 [tu
2961 5072 3170 5127 Amen.

2020 5160 2128 5214 Per
2161 5160 2651 5227 misericordiam,
2686 5165 2800 5215 etc.

2017 5251 2061 5303 Α
2075 5249 2545 5317 ιιιφήοηαΛηίθ
2572 5266 2813 5305 omnem
2838 5255 3169 5308 creaturam
3184 5266 3293 5320 ego
3308 5266 3375 5304 ex
3392 5263 3489 5302 ore
3508 5244 3595 5301 A1—

1950 5338 2161 5395 tissimi
2176 5340 2818 5411 processizpriusquam
2841 5341 3065 5397 Lucifer
3082 5342 3467 5403 oi'iretur,ego
3488 5333 3592 5389 fui:

1948 5428 2302 5501 priusquam
2328 5429 2387 5484 in
2415 5430 2659 5502 planitie
2686 5436 3085 5504 prosterneret
3116 5441 3381 5497 campos,
3418 5428 3475 5479 et
3536 5422 3597 5480 in

1951 5518 2138 5579 altum
2164 5518 2414 5591 erigeret
2441 5525 2698 5592 montes,
2731 5536 2842 5591 ego
2874 5518 3137 5577 eram.P.
3165 5512 3268 5570 Cui
3293 5510 3599 5584 adgaude-
