4118 6184
238 299 327 354 ,εί
1441 312 1510 367 IN
1549 310 1668 368 DIE
1698 311 2144 373 NATIVITATIS
2185 321 2464 385 DOMINI.

303 426 425 480 Non
455 423 761 481 auferetur
777 429 1079 499 sceptrum
1102 429 1175 488 de
1200 434 1225 488 ,Ι
1234 433 1369 502 uda,
1400 436 1539 491 'nec
1557 436 1680 492 dux
1709 438 1783 493 de
1804 438 1887 494 te-
1914 439 1961 491 A

235 512 498 569 moribus
532 514 686 585 ejus,

301 601 497 658 Donec
529 603 731 659 veniat
751 605 856 676 qui
887 606 1213 665 mittendus
1253 618 1356 677 est,
1394 616 1407 629 '
1433 614 1624 685 etipse
1657 616 1760 672 erit
1791 632 1884 672 ex-

238 693 484 762 pectatio
518 693 816 748 Gentium.

309 779 519 849 Ligans
543 781 620 836 ad
656 782 893 837 vineam
917 785 1148 854 pullum
1186 805 1380 854 suum,
1413 794 1426 807 '
1449 796 1505 847 et
1534 792 1611 846 ad
1637 793 1832 858 vitem,
1850 810 1884 847 0

241 868 317 922 ﬁli
342 870 440 933 mi,
473 870 710 926 asinam
742 887 939 927 suam.

313 959 549 1014 Lavabit
570 960 628 1015 in
651 960 862 1016 vinum
879 962 1098 1020 stolam
1120 982 1315 1032 suam,
1347 971 1363 985 '
1379 973 1433 1025 et
1450 970 1511 1026 in
1528 973 1885 1043 sanguinem

246 1062 365 1100 uvae
391 1045 637 1116 pallium
661 1064 860 1104 suum.

311 1135 422 1205 50
452 1135 830 1194 Pulchriores
871 1141 1026 1197 oculi
1049 1144 1179 1213 ejus
1212 1145 1408 1212 vino,‘
1429 1147 1698 1204 etdentes
1738 1149 1885 1206 lacte

240 1223 636 1280 candidiores.

311 1311 578 1367 Zabulon
601 1313 660 1368 in
687 1313 876 1371 littore
897 1318 1083 1374 maris
1113 1320 1429 1391 habitabit,
1457 1327 1470 1340 '
1493 1329 1546 1380 et
1570 1325 1886 1382 stationem

242 1400 483 1454 navium
516 1402 852 1472 pertingens
895 1421 1086 1477 usque
1117 1409 1194 1463 ad
1251 1410 1558 1467 Sidonem.

311 1488 604 1552 Issachar,
630 1492 836 1546 asinus
853 1493 1407 1554 fortisaccubansin
1424 1501 1760 1557 terminos.‘
1801 1503 1889 1558 Vi-

242 1575 320 1630 dit
334 1577 595 1647 requiem
613 1580 776 1650 quod
796 1583 1127 1641 essetbona
1145 1591 1221 1642 :et
1237 1592 1444 1644 terram
1457 1591 1620 1660 quod
1635 1591 1881 1661 optima:

297 1666 358 1718 Et
393 1669 713 1737 supposuit
743 1669 1063 1728 humerum
1102 1691 1279 1731 suum
1309 1680 1328 1699 ⁸
1355 1677 1432 1733 ad
1457 1679 1842 1750 portandum,
1865 1684 1884 1701 '

234 1751 545 1825 factusque
568 1761 656 1810 est
675 1757 898 1814 tributo
930 1762 1210 1818 serviens.

300 1844 424 1985 Dlan
443 1843 748 1912 judicabit
789 1848 1080 1919 populum
1112 1868 1288 1906 suum
1330 1859 1394 1908 ut
1444 1853 1560 1910 alia
1590 1855 1774 1911 tribus
1806 1860 1885 1912 ls-

300 1947 361 1985 e.

232 1946 361 1986 1'38].

300 2021 419 2076 Fiat
455 2024 582 2077 Dan
613 2023 933 2081 coluberin
960 2027 1070 2093 via,
1100 2030 1434 2086 cerastesin
1470 2032 1700 2099 semita,
1726 2049 1884 2091 mor-

233 2110 369 2163 dens
416 2109 679 2181 ungulas
711 2113 868 2183 equi,
903 2116 922 2134 '
946 2119 1008 2170 ut
1029 2117 1204 2172 cadat
1234 2133 1517 2176 ascensor
1546 2121 1674 2191 ejus
1703 2128 1878 2179 retro.

235 2197 500 2253 Salutare
530 2204 698 2254 tuum
732 2203 1082 2272 expectabo,
1122 2205 1391 2263 Domine.

295 2287 442 2351 Gad,
461 2289 1135 2362 accinctusprzeliabitur
1156 2299 1290 2351 ante
1317 2312 1454 2351 eum
1481 2298 1526 2351 :'
1559 2303 1611 2353 et
1641 2298 1767 2370 ipse
1789 2315 1883 2355 ac-

230 2376 499 2444 cingetur
522 2383 873 2436 retrorsum.

291 2467 465 2534 Aser,
501 2467 741 2538 pinguis
774 2470 945 2540 panis
991 2472 1140 2542 ejus,
1164 2477 1183 2496 '
1241 2476 1296 2528 et
1325 2473 1612 2544 praebebit
1646 2476 1881 2532 delicias

228 2554 492 2623 regibus.

295 2644 661 2716 Nephtalim,
684 2662 891 2702 cervus
924 2650 1200 2720 emissus,
1225 2652 1312 2706 'et
1332 2651 1482 2707 dans
1505 2652 1882 2724 eloquiapul-

233 2732 600 2789 chritudinis.

301 2823 486 2879 Filius
517 2838 866 2882 accrescens
898 2829 1135 2900 Joseph,
1183 2829 1339 2885 ﬁlius
1363 2846 1731 2902 accrescens,
1757 2834 1772 2848 '
1827 2835 1882 2887 et

236 2911 486 2967 decorus
510 2919 762 2983 aspectu
790 2931 803 2968 :

306 3001 460 3056 Filias
485 3001 895 3059 discurrerunt
915 3020 1098 3076 supra
1123 3010 1412 3062 murum.‘
1445 3006 1556 3063 Sed
1578 3022 1885 3076 exaspera~

243 3095 447 3202 vernat
480 3105 634 3155 eum,
660 3097 717 3147 et
731 3092 955 3163 jurgati
978 3098 1133 3162 sunt,
1153 3093 1580 3151 invidentesilli
1597 3095 1887 3150 habentes
1920 3129 1960 3183 Ο
2069 3133 2153 3186 Ad
2179 3092 2903 3202 BenedictusAmi’phona.

225 3176 458 3248 jacula.

302 3267 470 3323 Sedit
499 3267 560 3321 in
587 3266 718 3323 forti
737 3285 910 3325 arcus
933 3271 1084 3340 ejus,
1109 3274 1165 3326 et
1186 3270 1474 3327 dissoluta
1495 3277 1632 3327 sunt
1653 3271 1888 3327 vincula

229 3355 621 3412 brachiorum
644 3359 770 3427 ejus
783 3363 837 3414 et
863 3373 1156 3415 manuum
1179 3359 1332 3415 illius
1356 3377 1457 3432 per
1475 3377 1661 3416 manu
1683 3366 1888 3432 poten-

228 3446 296 3499 tis
324 3445 549 3500 Jacob:
577 3451 595 3468 '
623 3446 764 3501 inde
786 3452 989 3519 pastor
1009 3463 1281 3517 egressus
1307 3455 1411 3514 est,
1437 3453 1645 3520 pastor
1683 3448 1882 3505 Israel.

295 3535 451 3590 Deus
479 3535 672 3590 Patris
714 3537 795 3591 tui
825 3536 932 3592 erit
955 3537 1195 3608 adjutor
1212 3540 1394 3603 tuus,‘
1437 3539 1884 3610 etomnipotens

225 3621 543 3680 benedicet
574 3623 707 3680 tibi.

299 3713 826 3768 Benedictionibus
847 3714 973 3770 caeli
1028 3714 1310 3786 desuper,
1365 3715 1885 3771 benedictionibus

233 3799 430 3873 abyssi
453 3802 716 3872 jacentis
738 3802 1041 3872 deorsum,
1057 3804 1072 3820 '
1094 3803 1616 3859 benedictionibus
1634 3804 1888 3860 uberum

233 3896 280 3942 et
319 3890 544 3944 vulvae.

301 3979 759 4034 Benedictiones
781 3979 971 4034 Patris
1002 3979 1086 4034 tui
1119 3979 1465 4035 confortataa
1487 3988 1625 4034 sunt
1653 3979 1892 4035 benedi-

237 4068 546 4122 ctionibus
575 4068 767 4122 Patris
808 4069 969 4137 ejus:
1013 4071 1027 4085 '
1055 4067 1247 4124 donec
1277 4067 1499 4123 veniret
1525 4067 1888 4123 desiderium

237 4156 482 4211 collium
516 4163 877 4212 aeternorum
923 4173 933 4211 :

308 4246 481 4300 Fiant
505 4246 566 4300 in
602 4247 792 4318 capite
824 4246 1063 4318 Joseph,
1090 4247 1104 4262 '
1135 4253 1189 4300 et
1236 4245 1296 4300 in
1319 4244 1596 4300 verticem
1632 4245 1893 4301 Nazaraei

237 4333 390 4389 inter
415 4335 628 4389 fratres
659 4351 820 4390 suos.

307 4428 426 4480 Ben
427 4424 630 4495 jamin
659 4424 839 4495 lupus
855 4439 1062 4496 rapax,
1085 4428 1103 4446 '
1121 4439 1297 4480 mane
1316 4423 1587 4480 comedet
1604 4422 1892 4495 praedam,

237 4517 291 4568 et
318 4521 499 4570 nocte
531 4513 755 4569 dividet
783 4513 995 4585 spolia.

305 4604 370 4657 P.
404 4606 474 4658 Et
505 4603 683 4674 quasi
705 4602 954 4658 catulus.

311 4690 542 4755 Gloria,
575 4698 632 4746 et
659 4692 854 4746 honor
876 4691 1049 4761 Patri,
1077 4691 1266 4745 etc.P.
1305 4689 1546 4745 Catulus
1576 4687 1785 4744 leonis.

306 4782 644 4847 0ratio.Te,
670 4781 893 4836 Christe
914 4779 1452 4845 Domine,catulum
1478 4779 1666 4834 leonis
1687 4776 1896 4833 domui

236 4870 387 4927 Juda
406 4870 655 4926 affuisse
679 4870 1093 4940 cognovimus,
1158 4884 1335 4941 quem
1371 4868 1502 4922 totis
1549 4867 1895 4939 praecordiis

235 4960 650 5029 postulamus;
689 4959 876 5030 utqui
905 4957 1233 5030 apparuisti
1262 4958 1321 5012 in
1351 4973 1550 5024 carne,
1583 4956 1656 5010 de
1707 4971 1895 5010 manu

238 5047 400 5102 fortis
424 5049 674 5119 capiens
689 5046 1366 5119 praedam,adjudiciuin
1395 5047 1654 5111 veniens,
1677 5044 1895 5099 miseri-

242 5138 505 5193 cordiam
540 5153 842 5209 praeroges
868 5135 1143 5191 ﬁdelibus
1161 5134 1891 5206 repromissain.nv.Amen.

310 5227 416 5283 Per
451 5227 932 5282 misericordiam
963 5231 1150 5281 tuam.

307 5319 405 5371 Ad
419 5317 755 5372 Canticum.
773 5313 1438 5386 Antiphona.Exultavit
1451 5313 1702 5384 Spiritus
1720 5326 1890 5366 meus

234 5404 290 5459 in
323 5406 449 5461 Deo
472 5405 717 5460 salutari
746 5419 900 5460 meo.
931 5405 1079 5469 Quia
1101 5401 1360 5473 respexit
1379 5401 1774 5456 humilitatem
1792 5414 1894 5454 an-

233 5493 380 5549 cillae
419 5509 544 5549 sua:
569 5512 582 5561 ;
617 5509 754 5549 ecce
776 5493 935 5548 enim
948 5507 1019 5549 ex
1041 5493 1155 5548 hoc
1179 5491 1418 5547 beatam
1433 5505 1527 5545 me
1555 5489 1750 5544 dicent
1768 5503 1892 5544 om-

231 5598 336 5638 nes
369 5583 816 5654 generationes.

3537 339 3638 395 122

2529 455 2846 514 Canticum
2871 458 3066 529 (Lucae
3097 458 3157 528 1).

2064 553 2394 624 Magniﬁcat
2425 561 2439 576 ‘
2471 562 2675 618 anima
2703 578 2838 619 mea
2876 563 3194 619 Dominum

2065 641 2126 693 Et
2152 645 2689 720 exultavitspiritus
2722 668 2891 708 meus
2912 654 2926 670 '
2951 652 3013 707 in
3041 653 3159 708 Deo
3193 652 3436 708 salutari
3468 670 3627 710 meo.

2065 730 2480 805 Quiarespexit
2508 739 2899 796 humilitatem
2949 739 3176 796 ancillae
3217 756 3368 795 suae:
3435 743 3449 758 '
3497 758 3630 797 ecce

1993 819 2150 873 enim
2165 837 2234 875 ex
2251 823 2363 878 hoc
2384 825 2624 883 beatam
2644 845 2736 884 me
2753 829 2950 885 dicent
2967 845 3175 884 omnes
3193 829 3627 899 generationes.

2067 909 2213 972 Quia
2238 911 2372 968 fecit
2395 915 2540 971 mihi
2572 933 2795 987 magna
2823 918 2924 989 qui
2946 921 3153 989 potens
3171 917 3345 973 θεῖε*
3397 922 3452 972 et
3499 933 3630 973 san-

1994 1001 2155 1052 ctum
2184 1014 2406 1057 nomen
2419 1005 2599 1076 ejus:

2064 1087 2128 1139 Et
2147 1088 2556 1149 misericordia
2584 1094 2710 1164 ejus
2749 1109 2784 1149 a
2821 1092 3104 1164 progenie
3143 1093 3205 1147 in
3235 1092 3582 1164 progeniem
3608 1096 3628 1114 ⁸

1993 1171 2344 1231 timentibus
2370 1194 2527 1234 eum.

2065 1262 2216 1318 Fecit
2245 1267 2570 1334 potentiam
2596 1267 2915 1324 inbrachio
2947 1283 3083 1325 suo:
3109 1267 3130 1288 '
3163 1266 3445 1338 dispersit
3460 1283 3626 1338 supe-

1991 1348 2102 1404 bos
2131 1357 2327 1407 mente
2354 1355 2549 1408 cordis
2577 1355 2687 1410 sui.

2062 1438 2340 1509 Deposuit
2360 1446 2628 1511 potentes
2643 1443 2716 1498 de
2748 1443 2908 1510 sede,
2939 1445 3022 1498 'et
3068 1441 3628 1498 exaltavithumiles.

2065 1528 2398 1584 Esurientes
2427 1529 2692 1603 implevit
2748 1532 2922 1587 bonis
2980 1550 2991 1587 :
3031 1534 3049 1553 ‘
3081 1536 3137 1587 et
3167 1531 3378 1586 divites
3411 1530 3633 1586 dimisit

1990 1630 2216 1671 ιηᾶηθε.

2068 1705 2334 1776 Suscepit
2356 1708 2530 1762 Israel
2560 1723 2814 1778 puerum
2840 1724 3035 1773 suum,
3082 1708 3102 1728 “
3137 1706 3484 1763 recordatus
3545 1710 3634 1762 est

1921 1789 1965 1843 B
1994 1792 2416 1850 misericordiae
2467 1810 2605 1851 suae.

2067 1883 2224 1939 Sicut
2252 1881 2484 1938 locutus
2521 1890 2608 1939 est
2639 1885 2716 1940 ad
2748 1887 2941 1940 Patres
2981 1891 3237 1949 nostros,
3275 1884 3293 1906 ⁸
3324 1881 3630 1938 Abraham

1994 1975 2050 2028 et
2078 1970 2291 2026 semini
2320 1972 2448 2041 ejus
2485 1974 2545 2028 in
2565 1973 2802 2028 saecula.

2063 2061 2141 2116 P.
2177 2059 2328 2124 Quia
2357 2062 2610 2132 respexit
2639 2061 3057 2116 humilitatem.

2065 2146 2530 2211 Gloria,ethonor
2548 2147 3191 2213 Patri,etc.P.Exultavit
3208 2145 3436 2217 spiritus
3455 2161 3629 2200 meus.

2066 2253 2296 2309 Oratio.
2327 2254 2572 2310 Domine
2594 2257 2727 2310 Jesu
2757 2255 2998 2324 Christe,
3020 2254 3123 2329 qui
3171 2269 3242 2309 ex
3272 2254 3441 2308 Patre
3480 2253 3632 2305 Deus

1991 2358 2267 2412 magnus,
2293 2359 2396 2413 pro
2408 2343 2586 2399 nobis
2601 2343 2879 2412 dignatus
2893 2360 2956 2399 es
2977 2343 3140 2398 nasci
3158 2358 3229 2398 ex
3245 2341 3486 2396 homine
3501 2354 3632 2410 par-

1988 2447 2119 2494 vus,
2163 2435 2226 2485 ut
2254 2446 2360 2502 per
2386 2437 2438 2485 te
2455 2431 2666 2497 factus,
2697 2448 2803 2503 per
2832 2441 2886 2488 te
2917 2431 3246 2487 salvaretur
3277 2429 3401 2484 sine
3444 2426 3631 2483 dubio

1988 2520 2288 2586 mundus;
2329 2521 2614 2591 prOpitius
2646 2529 2768 2576 esto
2798 2527 2853 2576 et
2877 2522 3154 2576 miserere
3170 2518 3344 2574 nobis
3366 2535 3378 2572 :
3403 2529 3631 2588 nosque

1990 2624 2025 2662 a
2039 2607 2345 2661 mundanis
2358 2609 2647 2678 contagiis
2663 2610 2957 2674 munda,et
2971 2609 3030 2662 in
3045 2609 3153 2662 hoc
3167 2607 3377 2662 Mundo
3393 2604 3630 2658 mundos

1988 2710 2100 2751 nos
2130 2710 2257 2749 esse
2288 2696 2597 2760 constitue,
2630 2697 2735 2766 qui
2764 2711 2885 2750 non
2909 2695 3198 2765 judicare,
3253 2692 3358 2747 sed
3397 2691 3632 2746 salvare

1989 2781 2222 2844 venisti,
2239 2781 2487 2835 utnobis
2504 2782 2784 2852 parvulus
2797 2789 2987 2845 natus,
3014 2781 3307 2849 nobisque
3345 2778 3502 2831 ﬁlius
3523 2777 3630 2832 da-

1991 2874 2104 2932 tus,
2137 2868 2197 2921 in
2217 2873 2339 2922 teet
2358 2868 2816 2937 regenerationis
2837 2871 3116 2932 ortum,et
3140 2864 3482 2936 adoptionis
3511 2877 3631 2920 me-

1993 2972 2232 3013 reamur
2250 2955 2536 3027 consequi
2561 2956 2809 3012 donum.
2843 2967 2912 3026 Βε.
2950 2958 3159 3011 Amen.

2066 3046 2175 3100 Per
2211 3045 2694 3113 misericordiam,
2726 3046 2878 3100 Deus
2905 3049 3124 3100 uoster.

2934 3131 3060 3186 Tibi
3082 3129 3190 3186 soli
3214 3130 3334 3184 Deo
3359 3126 3637 3194 honor,et

2000 3220 2204 3290 gloria,
2237 3220 2438 3286 virtus,
2470 3227 2526 3277 et
2553 3226 2817 3292 potestas
2847 3223 2906 3276 in
2948 3219 3166 3275 saecula
3195 3215 3568 3272 saeculorum.

2071 3310 2403 3365 Canticum.
2437 3309 2785 3364 Benedictus
2812 3325 2895 3372 es,
2932 3307 3169 3364 Domine
3204 3306 3356 3358 Deus
3396 3302 3638 3355 Patrum

1995 3401 2359 3453 nostrorum.
2391 3398 2644 3467 Require
2660 3397 2771 3465 fol.
2802 3398 2854 3451 6.

2067 3487 2246 3542 Sono.
2276 3486 2563 3541 Dominus
2594 3483 2742 3539 dixit
2798 3485 2876 3537 ad
2900 3497 3024 3536 me:
3054 3479 3209 3535 filius
3239 3491 3410 3532 meus
3439 3489 3499 3529 es
3554 3479 3635 3536 tu,

1995 3588 2107 3642 ego
2136 3573 2312 3628 hodie
2353 3572 2532 3641 genui
2571 3575 2642 3626 te.
2677 3568 3160 3626 Alleluia.V.Pete
3186 3581 3222 3620 a
3245 3578 3358 3626 me,
3393 3563 3450 3616 et
3477 3557 3638 3613 dabo

1996 3661 2101 3717 tibi
2117 3662 2328 3716 Gentes
2340 3658 2725 3714 hereditatem
2739 3662 2989 3720 tuam,et
3004 3650 3452 3727 possessionem
3472 3652 3636 3702 tuam

1997 3750 2280 3805 terminos
2312 3752 2495 3802 terrae.
2531 3750 2714 3814 Reges
2744 3761 2846 3800 eos
2865 3745 2926 3799 in
2956 3745 3125 3813 virga
3154 3742 3363 3803 ferrea,
3414 3741 3470 3790 et
3492 3739 3639 3789 tam-

1998 3852 2183 3909 quam
2215 3851 2317 3890 vas
2337 3833 2505 3902 ﬁguli
2525 3832 2862 3904 confringes
2876 3848 2995 3888 eos.
3027 3834 3092 3886 Et
3118 3843 3275 3884 nunc
3292 3839 3461 3893 reges
3478 3819 3644 3876 intel-

2000 3924 2159 3993 ligite
2193 3922 2545 3978 :erudimini
2566 3937 2794 3989 omnes,
2819 3920 2921 3993 qui
2943 3917 3222 3990 judicatis
3253 3919 3489 3968 terram.
3523 3910 3644 3976 Ego

2002 4020 2200 4067 autem
2221 4011 2574 4066 constitutus
2597 4027 2730 4065 sum
2743 4026 2843 4065 rex
2859 4023 3039 4081 super
3067 4006 3207 4063 Sion
3232 4007 3496 4058 montem
3515 4010 3648 4052 san-

2003 4107 2186 4157 ctum.
2217 4100 2278 4154 P.
2313 4099 2501 4154 Genui
2527 4104 2601 4155 te.
2634 4099 2898 4154 Alleluia.

2073 4189 2304 4244 Lauda.
2337 4189 2593 4244 Laudate
2618 4187 2938 4244 Dominum
2967 4185 3038 4240 de
3070 4173 3643 4244 coelis.Alleluia.51

2009 4277 2262 4333 Laudate
2286 4293 2422 4332 eum
2450 4277 2507 4332 in
2523 4277 2791 4332 excelsis.
2810 4275 3076 4338 Alleluia,
3094 4271 3383 4327 Psalmus.
3419 4276 3641 4318 CXLVIII-

2289 4385 2502 4451 !Lectio
2537 4385 2712 4440 Isaice
2752 4382 3060 4451 Propheta?
3090 4379 3252 4446 (Cap.
3285 4379 3382 4439 1X)-

1930 4474 1974 4527 D
2080 4501 2143 4556 Br.
2166 4491 2284 4546 Deo
2312 4491 2549 4560 gratias.

2077 4596 2276 4652 Primo
2297 4605 2573 4668 ,tempore
2619 4595 2894 4651 alleviata
2923 4595 3009 4647 est
3045 4595 3202 4646 terra
3257 4581 3542 4674 Zabulon,
3593 4578 3649 4674 et

2004 4693 2156 4740 terra
2176 4685 2545 4755 Nephthalim
2565 4702 2577 4750 ;
2597 4693 2652 4740 et
2673 4684 2730 4739 in
2753 4680 3085 4738 novissimis
3106 4679 3429 4747 aggravata
3453 4670 3540 4722 est
3556 4670 3652 4720 via

2003 4773 2188 4828 maris
2221 4778 2385 4828 trans
2413 4773 2738 4829 Jordanem
2761 4769 3006 4825 Galilaatn
3039 4765 3332 4822 Gentium.
3360 4757 3644 4829 Populus,

2005 4861 2110 4932 qui
2138 4862 2380 4917 sedebat
2409 4863 2466 4917 in
2501 4859 2932 4925 tenebris,vidit
2955 4858 3157 4912 lumen
3187 4863 3481 4919 magnum
3515 4845 3651 4902 :ha—

2004 4949 2329 5005 bitantibus
2356 4951 2417 5004 in
2447 4951 2689 5018 regione
2730 4948 2948 5003 umbrae
2983 4945 3203 5013 mortis,
3244 4940 3346 4995 lux
3371 4941 3501 4994 orta
3567 4939 3652 4990 est

2005 5038 2106 5094 eis.
2144 5041 2188 5092 Μ
2201 5039 2532 5110 ultiplicasti
2555 5045 2939 5107 gentem,non
2956 5030 3353 5103 magniﬁcasti
3378 5027 3648 5085 laetitiam.

2007 5128 2604 5183 Lretabunturcoram
2632 5132 2702 5191 te,
2735 5126 2882 5180 sicut
2914 5125 3187 5179 laetantur
3207 5122 3266 5176 iu
3281 5115 3650 5181 messe,sicut

2005 5214 2270 5270 exultant
2290 5215 2567 5285 victores,
2587 5215 2833 5288 quando
2863 5213 3138 5268 dividunt
3190 5208 3397 5282 spolia.
3431 5206 3647 5269 Jugum

2002 5304 2160 5357 enim
2183 5304 2379 5359 oneris
2413 5305 2540 5374 ejus
2593 5309 2648 5360 et
2703 5305 2935 5372 virgam
2965 5301 3198 5357 humeri
3232 5292 3647 5381 θῂυνενηθίξοθ·

2002 5400 2202 5468 ptrum
2225 5373 2514 5451 exactoris
2540 5395 2668 5465 ejus
2704 5391 2995 5465 superasti
3020 5390 3170 5444 sicut
3194 5385 3254 5439 in
3279 5380 3373 5468 die
3391 5373 3648 5468 Madian.

2003 5464 2356 5551 Quiaomnis
2379 5464 2635 5541 violenta
2657 5464 2945 5556 praedatio
2959 5467 3446 5562 cumtumultu,et
3478 5464 3650 5516 vesti-

1999 5580 2269 5633 mentum
2290 5573 2536 5632 mistum
2558 5555 2870 5642 sanguine,
2909 5565 3012 5622 erit
3038 5563 3097 5618 in
3149 5555 3647 5615 combustionem.
