4118 6184
448 334 549 390 123
1023 373 1029 379 .
1662 312 2118 379 BREVIARIUM
2154 311 2550 373 GOTHICUM.
3732 300 3832 358 till

445 442 501 513 et
524 453 693 510 cibus
712 449 885 524 ignis.
919 448 1207 510 Parvulus
1232 450 1390 507 enim
1406 450 1580 507 natus
1605 450 1692 502 est
1714 440 1907 505 nobis,
1942 447 1996 494 et
2015 439 2081 493 ii-
2108 437 2156 491 A
2189 453 2493 496 osmeum.
2516 438 2581 498 7'.
2613 436 2831 507 Glbria,
2862 437 2918 493 et
2941 434 3135 492 honor
3153 429 3330 497 Patri,
3360 430 3473 486 et’c.
3494 427 3562 486 P.
3585 428 3650 484 Et
3693 439 3837 499 ape-

445 544 561 600 lius
585 542 762 598 datus
802 543 893 596 est
918 539 1113 605 nobis,
1146 542 1202 599 et
1226 540 1414 598 factus
1439 540 1525 596 est
1561 532 1931 609 principatus
1951 530 2080 601 ejus
2188 528 2303 584 ruit
2320 544 2409 585 os.

446 646 624 703 super
641 630 923 686 humeros
940 628 1068 699 ejus
1100 646 1114 686 :
1139 631 1203 684 Et
1230 627 1539 685 vocabitur
1566 636 1790 681 nomen
1818 620 1946 691 ejus
1968 617 2081 673 Ad-

445 717 757 783 mirabilis,
788 716 1174 781 consiliarius,
1197 717 1373 785 Deus,
1392 714 1575 783 fortis,
1600 710 1963 771 Dominator,
1980 722 2083 778 pa-

446 814 531 865 ter
556 805 728 864 futuri
741 804 1241 877 saeculi,princeps
1253 804 1441 877 pacis.
1456 798 1938 872 Multiplicabitur
1954 795 2004 865 ej
2015 811 2083 850 us

444 896 783 968 imperium,
802 901 857 950 et
880 892 1045 966 pacis
1057 894 1185 965 ejus
1204 909 1326 950 non
1351 893 1459 949 erit
1473 890 1607 948 ﬁnis
1632 902 1837 960 :super
1868 884 2083 941 solium

446 984 633 1040 David
662 982 912 1047 sedebit,
937 990 989 1036 et
1010 996 1188 1052 super
1214 996 1468 1050 regnum
1497 979 1652 1049 ejus:
1686 980 1752 1031 ut
1774 972 2085 1030 conﬁrmet

448 1072 613 1137 illud,
636 1074 693 1126 et
724 1068 1136 1125 corroboretin
1150 1067 1399 1139 judicio,
1426 1066 1554 1123 etin
1567 1062 1817 1136 justitia,
1839 1058 2080 1123 amodo,

447 1163 503 1215 et
520 1172 711 1228 usque
729 1155 792 1210 in
810 1156 1238 1225 sempiternum
1262 1172 1279 1224 ;
1299 1155 1456 1209 zelus
1475 1150 1708 1209 Domini
1727 1147 2085 1206 exercituum

443 1245 619 1303 faciet
634 1244 769 1300 hoc.
798 1254 863 1314 ne.
889 1245 1098 1299 Amen.

516 1332 804 1401 Hymnus.
863 1330 1025 1399 Veni,
1068 1330 1426 1403 Redemptor
1476 1326 1773 1386 Gentium.
1833 1324 2087 1397 Require

446 1422 559 1492 fol.
581 1424 670 1477 45.

518 1508 914 1578 Supplicatio.
963 1509 1210 1565 Oremus
1272 1508 1373 1565 Dei
1424 1505 1612 1564 Patris
1656 1501 2090 1575 Omnipotentis

449 1596 913 1652 misericordiam
924 1596 1239 1667 ,supplices
1254 1595 1636 1667 imploremus
1661 1610 1676 1659 ;
1692 1596 1757 1648 ut
1772 1607 1882 1647 nos
1899 1590 2094 1661 gratia

451 1683 667 1744 Christi
695 1683 1237 1754 suiDomininostri
1259 1688 1285 1739 J
1291 1700 1397 1740 esu
1419 1682 1625 1739 Christi
1637 1679 1933 1752 propitius
1971 1679 2095 1749 jus-

450 1772 668 1827 tificare
706 1770 1000 1840 dignetur.
1034 1784 1098 1841 Rv.
1157 1773 1394 1836 Praesta,
1431 1775 1647 1826 aeterne
1706 1767 2093 1836 Omnipotens
2124 1787 2171 1843 Β

447 1860 623 1916 Deus.

522 1946 697 2018 Kyrie
719 1946 960 2002 eleison.
986 1946 1210 2003 Christe
1241 1944 1684 2018 eleison.Kyrie
1719 1942 1959 1999 eleison.

525 2035 1087 2106 Capitula.Requies
1102 2035 1847 2105 Angelorum,omniumque
1866 2037 2093 2087 sancto-

450 2139 607 2186 rum,
637 2125 889 2181 Domine
916 2127 1057 2182 Jesu
1084 2124 1428 2191 Christe,da
1446 2125 1625 2181 hodie
1650 2125 1712 2179 in
1740 2123 1854 2179 hoc
1899 2136 2094 2177 recur-

452 2213 605 2268 renti
641 2212 1095 2270 Nativitatistuaa
1118 2213 1520 2270 sacratissimo
1538 2212 1686 2267 festo
1706 2209 1971 2281 requiem
1994 2224 2095 2281 po-

451 2300 596 2372 pulo
621 2304 722 2355 tuo
752 2318 764 2355 :
791 2304 855 2356 ut
876 2298 936 2355 in
968 2306 1022 2356 te
1052 2315 1088 2356 a
1115 2296 1341 2356 delictis
1400 2308 1453 2355 et
1487 2296 1762 2355 oneribus
1814 2296 2093 2369 pessimis

450 2388 979 2461 requiescat,teque
996 2405 1133 2444 cum
1145 2388 1424 2445 universa
1436 2392 1704 2444 creatura
1714 2382 2093 2452 benedicens,

453 2481 619 2533 tuam
648 2475 709 2531 in
724 2476 1004 2532 omnibus
1016 2492 1085 2533 ac
1109 2493 1215 2548 per
1230 2475 1436 2533 omnia
1450 2474 1923 2531 benedictionem
1944 2470 2097 2529 aeci-

456 2563 617 2635 piat;
645 2566 709 2621 ut
738 2580 919 2637 quem
940 2580 978 2620 a
997 2563 1311 2622 maledicto
1356 2562 1602 2620 liberare
1630 2562 1862 2626 venisti,
1925 2575 2098 2615 num-

450 2666 631 2723 quam
650 2650 893 2723 patiaris
906 2652 1019 2707 tua;
1029 2650 1453 2707 benedictionis
1466 2666 1711 2706 munere
1723 2645 2091 2723 defraudari;

454 2735 562 2793 sed
585 2742 639 2793 te
657 2737 878 2809 jugiter
896 2736 1328 2809 benedicendo,
1370 2734 1717 2795 benedictus
1748 2734 2096 2809 permaneat

452 2825 515 2881 in
536 2829 846 2882 aeternum.

443 3000 483 3068 Γ
517 2906 699 3055 ῗέιθι*
732 2914 951 2969 noster.
978 2914 1043 2970 Et
1066 2928 1141 2971 ne
1155 2929 1288 2970 nos.
1316 2908 1621 2971 Liberatia
1648 2910 2094 2985 malo.Require

479 3015 510 3056 o
545 3040 557 3054 .
623 3038 638 3055 .

479 3003 557 3056 οι.
584 3003 638 3055 2.

530 3092 1105 3183 Lauda.Antequa_m
1134 3089 1340 3183 firmos
1365 3092 1625 3183 pararet.
1656 3082 2091 3161 Require/‘ol.46
2122 3127 2163 3183 C

456 3180 824 3239 Benedictio.
864 3176 1175 3233 Benedicat
1204 3193 1315 3233 vos
1364 3170 1650 3234 Dominus
1689 3182 1887 3234 noster
1925 3181 2089 3233 Jesus

459 3270 740 3329 Christus.
754 3268 856 3338 fol.
879 3270 967 3322 46.

518 3360 694 3413 Dicat
713 3336 1045 3424 Presbyter.
1070 3350 1356 3411 Dominus
1378 3354 1452 3411 sit
1471 3355 1723 3427 :semper
1761 3336 2092 3410 vobiscum.

452 3457 516 3518 1p.
548 3447 615 3500 Et
651 3458 814 3498 cum.
1902 3514 1905 3517 η

524 3536 593 3590 1n
621 3531 863 3587 nomine
882 3528 1116 3587 Domini
1130 3529 1312 3587 nostri
1331 3532 1471 3587 Jésu
1488 3522 1698 3587 Christi
1714 3526 2095 3603 perﬁciamus

453 3635 590 3676 cum
618 3634 784 3691 pace.
808 3630 877 3688 Βι.
901 3619 1019 3675 Deo
1047 3616 1286 3691 gratias.

664 3725 733 3779 ΙΝ
765 3725 976 3780 FESTO
1004 3726 1245 3781 SANCTI
1262 3726 1597 3783 STEPHANI
1620 3724 1873 3783 PROTO-

1112 3830 1461 3889 MARTYRIS
1473 3872 1487 3887 .

1124 3935 1220 3991 Ad
1250 3936 1543 4006 Vesperos.

528 4056 1175 4130 Antiphona.Gloria,et
1196 4059 1423 4115 honore
1446 4062 1736 4116 coronasti
1753 4076 1890 4117 eum
1905 4059 2098 4116 Domi-

456 4164 551 4206 ne.
579 4150 640 4211 tv.
671 4149 953 4214 Gloriam,
981 4153 1038 4206 et
1077 4163 1371 4219 magnum
1430 4146 1705 4205 decorem
1764 4148 2097 4222 imposuisti

459 4254 639 4311 super
660 4254 817 4293 eum.
850 4238 916 4293 P.
942 4237 1211 4293 Domine.

526 4325 946 4384 Sono.Custodi
971 4323 1361 4392 me,Domine,
1392 4328 1457 4381 ut
1486 4316 1776 4397 pupillam
1801 4324 1954 4381 oculi
1985 4322 2097 4380 sub

456 4416 674 4471 umbra
693 4413 923 4471 alarum
956 4416 1213 4471 tuarum.
1250 4414 1307 4469 P.
1340 4413 1585 4479 Exaudi,
1618 4412 1795 4483 Deus,
1802 4416 2100 4487 justitiam

458 4520 676 4560 meam.
710 4503 975 4559 Alleluia.
998 4502 1062 4564 ἡ.
1089 4505 1333 4572 Protege
1371 4518 1467 4558 me
1499 4519 1533 4557 a
1566 4501 1714 4558 facie
1752 4504 2097 4575 impiorum,

457 4592 559 4665 qui
585 4606 681 4648 me
698 4590 1035 4648 afﬂixerunt
1057 4591 1300 4646 :inimici
1320 4590 1433 4646 mei
1448 4590 2101 4647 circumdederuntani—

450 4696 617 4738 mam
648 4693 869 4736 meam.
893 4680 961 4735 P.
1002 4679 1246 4747 Exaudi,
1279 4683 1451 4737 Deus.

527 4767 1060 4839 Antiphona.'l‘erra
1071 4783 1144 4822 ne
1160 4767 1498 4823 abscondas
1539 4768 1881 4837 sanguinem
1895 4783 2101 4837 meum,

458 4870 654 4927 neque
683 4855 946 4911 inveniat
966 4856 1027 4910 in
1053 4860 1106 4910 te
1119 4855 1317 4911 locum
1335 4856 1554 4912 latendi
1580 4856 1809 4913 clamor
1840 4873 2009 4911 meus
2040 4861 2100 4912 P.

2891 614 3185 682 Hymnus.

2438 703 2699 760 Christus
2727 705 2815 759 est
2837 701 2957 757 vita
2989 699 3229 756 veniens
3259 698 3321 753 in
3372 695 3601 759 orbem,

2366 793 2557 850 Mortis
2584 807 2803 849 occasu
2840 789 3071 863 patiens
3091 786 3339 851 acerbae,

2368 883 2561 939 Mortis
2590 888 2744 946 actu,
2788 879 3023 952 pietatis
3054 894 3168 933 usu

2508 972 2707 1027 Vivere
2738 970 2947 1030 donat.

2439 1058 2684 1114 Sustulit
2706 1057 2944 1126 vulnus,
2977 1051 3345 1111 removendo
3371 1052 3629 1107 mortem
3662 1064 3677 1115 ι

2370 1146 2561 1202 Mortis
2592 1150 2893 1201 auctorem
2921 1141 3291 1216 perimendo,
3318 1140 3507 1209 surgit
3537 1155 3551 1205 ;

2370 1235 2552 1291 Patris
2568 1234 2647 1290 ad
2675 1234 2979 1289 dexteram
2999 1229 3340 1304 repetendo,
3382 1231 3594 1299 regnat

2512 1323 2659 1380 Sede
2694 1336 2974 1394 superna.

2438 1414 2605 1467 Hunc
2635 1424 2890 1483 sequens
2914 1408 3144 1482 primus
3158 1406 3494 1478 Stephanus
3549 1402 3843 1466 minister,

2376 1499 2557 1558 Sortis
2577 1499 2751 1556 illatas
2783 1498 2949 1554 titulo
2978 1497 3245 1561 decorus,

2375 1591 2566 1655 Quam
2588 1588 2751 1644 dedit
2775 1587 3010 1659 spirans
3029 1583 3264 1640 Domini
3287 1581 3584 1651 benignus

2518 1677 2766 1748 Spiritus
2820 1676 2920 1731 illi.

2446 1766 2624 1821 Vadit
2661 1763 2936 1835 exemplo
2965 1762 3199 1819 Domini
3223 1759 3541 1816 revinctus.

2374 1853 2636 1911 Testibus
2661 1852 2824 1907 falsis
2858 1852 3180 1923 adopertus
3204 1850 3431 1912 insons,

2376 1942 2651 1997 Judicum
2681 1945 2924 2012 portans
2962 1939 3247 1995 scelerata
3274 1939 3522 1993 Sanctus

2522 2031 2681 2086 Dicta
2708 2029 3027 2086 malorum.

2449 2122 2560 2176 Ore
2588 2118 2808 2175 ccelesti
2836 2116 3047 2173 refellit
3064 2115 3380 2184 malignos,

2380 2208 2447 2265 Et
2475 2207 2691 2280 probat
2714 2210 2993 2262 constans
3023 2204 3251 2260 ratione
3282 2202 3486 2266 falsos,

2382 2298 2626 2366 Semper
2655 2294 2936 2363 indignos
2956 2292 3208 2349 Domino
3229 2290 3505 2363 polorum

2522 2384 2768 2440 Credere
2795 2383 2991 2439 nollaa.

2454 2474 2643 2529 Saxeo
2675 2470 2883 2527 nimbo
2912 2469 3251 2542 lapidatus;
3278 2467 3460 2523 instat

2383 2561 2617 2627 Paulus,
2649 2570 2707 2616 et
2732 2576 3007 2615 summus
3040 2557 3411 2629 lapidantum
3439 2557 3637 2611 servat

2388 2650 2501 2721 52
2530 2651 2748 2713 Vestes,
2781 2651 2844 2704 ut
2872 2646 3079 2703 reddat
3098 2645 3317 2701 liberos
3346 2643 3424 2701 ad
3445 2643 3633 2699 ictum

2521 2736 2691 2793 Caede
2710 2741 2983 2792 cruentos
3002 2778 3015 2790 .

2449 2826 2707 2882 Sustinet
2731 2824 2940 2881 mortis
2967 2822 3199 2880 rabiem
3226 2820 3601 2893 prophanam

2379 2913 2598 2969 Plenus
2621 2913 2784 2969 omni
2813 2914 3031 2985 pietate
3057 2910 3274 2976 cordis,

2375 3002 2653 3059 Hostibus
2692 3001 2903 3073 Quaerit
2929 3001 3190 3068 veniam,
3216 2998 3491 3054 misertus

2514 3090 2753 3146 Pectore
2773 3094 2959 3160 grato.

2445 3179 2662 3235 Imbuit
2680 3179 2931 3251 primus,
2953 3177 3228 3233 homines
3260 3176 3458 3231 beatos

2379 3269 2567 3323 Corde
2593 3268 2838 3336 directo,
2862 3267 3061 3337 jecore
3090 3264 3249 3320 ﬁdeli

2380 3358 2445 3411 In
2463 3355 2581 3411 ﬁde
2612 3355 2823 3411 Christi
2842 3354 3119 3425 jugulata
3145 3353 3274 3410 telis

2524 3446 2748 3501 Ponere
2773 3446 3072 3500 membra.

2454 3532 2806 3599 Quaasumus
2835 3532 3065 3598 ﬂentes,
3097 3529 3406 3587 benedicta
3435 3527 3627 3600 prime

2381 3624 2617 3693 Martyr,
2639 3627 2696 3678 et
2733 3622 2878 3677 civis
2917 3621 3137 3677 soeiate
3160 3619 3355 3689 justis,

2384 3710 2624 3767 Coslitus
2648 3710 2823 3766 claras
2853 3709 3110 3779 regionis
3133 3708 3305 3763 heres

2525 3800 2745 3872 inclyte
2765 3798 3017 3872 pollens.

2451 3890 2770 3959 Promptus
2798 3888 2894 3942 hic
2922 3890 3195 3942 nostrum
3220 3885 3451 3940 facinus
3468 3883 3701 3939 remitte
3733 3900 3750 3949 ;

2382 3976 2537 4033 Tolle
2566 3976 2938 4046 languorem,
2966 3975 3158 4031 tribue
3201 3974 3453 4029 salutem
3479 3988 3502 4027 :

2379 4065 2622 4121 Confodl
2650 4065 2903 4129 hostem,
2927 4062 3122 4119 revela
3150 4076 3482 4127 mmrorem,

2522 4157 2697 4211 Morte
2723 4154 2988 4208 subacta.

2453 4243 2716 4299 Gloriam
2741 4241 2976 4313 psallat,
3018 4235 3236 4296 chorus
3265 4246 3322 4294 et
3350 4236 3591 4293 resultet
3621 4252 3635 4292 :

2385 4330 2644 4386 Gloriam
2669 4330 2848 4393 dicat,
2908 4333 3102 4393 canat,
3137 4330 3194 4383 et
3247 4326 3512 4383 revolvat
3544 4342 3558 4381 :

2385 4418 2618 4474 Nomini
2659 4419 2812 4473 trino
2841 4416 3050 4473 Deitati
3080 4415 3192 4473 soli

2527 4506 2731 4562 Sidera
2760 4506 3037 4561 clament.

2602 4606 2666 4663 Β).
2696 4596 2907 4650 Amen.

2282 4684 2662 4754 Supplicatio.
2698 4684 2945 4738 Oremns
2967 4681 3067 4737 Dei
3093 4681 3283 4738 Patris
3296 4679 3729 4752 omnipotentis
3752 4680 3869 4735 mi-

2214 4773 2617 4838 sericordiam,
2649 4772 2947 4844 supplices
2976 4770 3369 4842 imploremus
3404 4786 3419 4835 ;
3452 4775 3515 4825 ut
3543 4784 3655 4824 nos
3672 4769 3872 4841 gratia

2214 4862 2423 4918 Christi
2453 4862 2544 4916 sui
2572 4862 2807 4917 Domini
2836 4860 3025 4915 nostri
3054 4860 3197 4914 Jesu
3230 4857 3523 4921 Christi,et
3551 4871 3660 4929 per
3688 4858 3873 4913 inter-

457 4946 602 5000 Ecce
624 4945 683 4999 in
704 4944 867 4999 caelis
889 4948 975 5000 est
990 4944 1173 5015 judex
1203 4961 1393 5009 meus,
1422 4951 1479 5001 et
1510 4945 1789 5001 conscius
1814 4960 1982 5000 meus
2044 4947 2103 5002 in
2214 4951 2546 5007 cessionem
2577 4948 3069 5020 Sanctimartyris
3097 4946 3194 5005 sui
3240 4944 3523 5018 Stephani
3574 4945 3871 5016 propitius

459 5033 727 5091 excelsis.
760 5034 821 5092 tt.
850 5037 1016 5106 Saepe
1060 5039 1555 5107 expugnaverunt
1610 5050 1705 5091 me
1744 5050 1778 5091 a
1799 5035 2104 5105 juventute
2211 5039 2536 5110 justiﬁcare
2574 5038 2851 5107 dignetur
2877 5037 3206 5106 mPraasta,
3230 5038 3458 5091 Eterne
3485 5034 3875 5105 omnipotens

457 5138 595 5179 mea
623 5122 840 5178 etenim
862 5138 984 5178 non
1007 5124 1511 5196 potueruntmihi.
1550 5124 1611 5177 P.
1640 5126 1783 5179 Ecce
1819 5124 1878 5179 in
1941 5124 2105 5180 caelis
2218 5129 2391 5184 Deus.

459 5217 564 5269 est.
584 5212 645 5273 ν.
670 5211 885 5277 Gloria,
928 5216 983 5269 et
1010 5213 1203 5269 honor
1224 5214 1398 5275 Patri,
1442 5221 1552 5269 etc.
1595 5215 1651 5268 P.
1678 5214 1902 5269 Eccein
1920 5214 2101 5270 caelis.

2288 5218 2487 5289 Kyrie,
2564 5216 2813 5272 eleison.
2876 5226 2937 5285 Bp.
3041 5213 3283 5279 Christe,
3346 5212 3591 5269 eleison.
3670 5210 3874 5281 Kyrie,

531 5302 761 5359 Lauda.
790 5300 1054 5357 Alleluia.
1073 5302 1282 5369 Tetigit
1310 5301 1471 5355 labia
1500 5316 1655 5357 mea.
1689 5302 1756 5357 P.
1790 5305 1855 5357 Et
1877 5304 2108 5373 aperuit
2216 5306 2455 5363 eleison.

462 5406 530 5447 os
550 5406 777 5457 meum,
809 5391 965 5447 dixi:
1002 5390 1272 5455 Alleluia,
1296 5388 1560 5455 Alleluia,
1624 5390 1888 5446 Alleluia.
1920 5392 1981 5450 V.
2011 5394 2105 5446 In-

2292 5394 2582 5461 Capitula.
2620 5392 2797 5456 Deus,
2850 5392 2947 5447 cui
2978 5391 3234 5447 Ecclesia
3290 5396 3394 5446 tua
3419 5390 3707 5445 Sanctum
3750 5392 3878 5447 Ste—

468 5480 681 5549 quisivi
703 5480 1025 5535 Dominum
1088 5493 1315 5547 meum,
1363 5481 1419 5533 et
1468 5479 1760 5535 exaudivit
1786 5496 1879 5534 me
1917 5486 2008 5535 :et
2042 5497 2109 5537 ex
2221 5482 2818 5554 phanummartyrem
2835 5481 3092 5551 primum
3111 5479 3316 5534 messis
3342 5494 3465 5534 suae
3493 5477 3880 5550 manipulum

459 5567 746 5626 omnibus
776 5566 1260 5626 tribulationibus
1276 5564 1490 5639 eripuit
1508 5580 1625 5623 me.
1688 5566 1749 5622 P.
1784 5568 1853 5624 Et
1879 5568 2110 5638 aperuit
2219 5566 3883 5644 dedit,etprimitivamoblationemnovellaaconiessionis
