4118 6184
88 70 333 90 {'_C'
360 80 365 87 .
406 68 421 77 ‘

203 262 311 323 125

1138 264 1210 320 ΙΝ
1284 262 1507 320 FESTO
1545 263 1609 324 S.
1648 260 2003 323 STEPHANI
2042 263 2677 326 PROTOMARTYRIS.

3490 254 3595 317 426

202 390 489 454 ostendit,
518 404 589 445 ac
608 387 1199 463 praeconium,quem
1220 389 1476 448 fructum
1502 390 1641 447 ﬁdei
1666 394 1858 447 matu—
1893 418 1941 475 Α
1969 405 2091 449 non
2113 391 2350 450 nocebit
2368 392 2439 450 ei.
2472 393 2531 452 P.
2556 396 2623 451 Et
2670 390 2803 449 falsi
2856 382 3054 451 testes.
3094 386 3175 451 γι
3194 384 3408 475 Gloria,
3430 383 3611 445 etho-

201 479 492 537 rescentis
523 477 830 534 exhibuit:
858 483 1076 551 praesta
1094 480 1371 537 universo
1387 480 1858 538 ccetuiinterces-

206 570 374 626 sione
405 566 693 640 martyris
717 568 1056 634 memorati,
1082 573 1145 625 ut
1172 570 1497 628 Ecclesiam
1528 574 1693 626 tuam
1699 570 1720 640 j
1732 570 1865 625 uvet

211 658 524 729 suffragio,
545 672 733 729 quam
764 656 1000 712 ornavit
1025 657 1373 716 ministerio:
1404 656 1867 730 foveatpatroci-

210 748 332 813 nio,
355 762 545 819 quam
600 744 917 801 aediﬁcavit
966 746 1261 818 exemplo.

284 836 459 891 Pater
485 839 710 890 noster.
750 833 1003 890 Liberati
1028 850 1064 889 a
1094 834 1276 892 malo.
1302 836 1629 892 Humilitate
1642 850 1751 891 vos
1767 834 1869 891 be-

217 924 564 981 nedictioni.
590 924 881 979 Dominus
898 922 990 980 sit.
1025 934 1087 993 ἢ.
1119 927 1339 981 Etcum
1372 924 1580 997 spiritu
1601 930 1725 982 tuo.

295 1014 652 1069 Benedictio.
670 1012 962 1068 Dominus
986 1015 1153 1068 Jesus
1186 1014 1469 1079 Christus,
1490 1013 1595 1086 qui
1608 1013 1871 1086 primum

218 1118 341 1157 suae
382 1101 679 1173 passionis
700 1116 1023 1171 sequacem
1040 1102 1409 1173 Stephanum
1435 1106 1761 1173 martyrem
1794 1100 1873 1157 fe-

215 1190 310 1254 cit,
326 1188 613 1245 detnobis
630 1204 753 1245 sua;
776 1189 1078 1261 passionis
1096 1188 1371 1261 exemplo
1401 1190 1711 1246 victoriam
1724 1189 1875 1245 ferre

211 1278 289 1333 de
321 1277 575 1333 mundo.
595 1288 659 1348 ﬁ.
680 1282 889 1333 Amen.
914 1276 1016 1333 Sui
1040 1292 1283 1349 quoque
1302 1278 1581 1349 martyris
1607 1292 1781 1349 prece
1799 1276 1875 1332 si-

212 1366 428 1422 milem
450 1365 620 1420 nobis
646 1364 861 1421 tribuat
889 1365 1016 1420 vim
1046 1381 1169 1421 sum
1199 1365 1530 1422 dilectionis
1561 1365 1804 1431 habere,
1821 1367 1878 1423 et

212 1455 608 1511 adversitates
635 1453 851 1526 aequali
885 1454 1191 1511 tolerantia
1230 1470 1532 1527 superare.
1566 1466 1630 1526 ἢ.
1664 1459 1873 1510 Amen-

213 1546 281 1599 Ut
307 1542 585 1599 instructi
618 1541 887 1614 exemplo
929 1542 1361 1614 Redemptoris,
1402 1547 1457 1598 et
1488 1542 1874 1599 invitamento

209 1631 498 1701 martyris
514 1631 918 1702 percipiamus
932 1630 1369 1703 plenitudinem
1392 1636 1611 1688 nostrae
1641 1630 1873 1687 redem-

208 1721 457 1793 ptionis.
485 1731 547 1789 BI.
576 1720 789 1775 Amen.

281 1808 400 1866 Per
424 1807 903 1865 misericordiam
947 1808 1157 1881 ipsius.

282 1914 523 1971 Lauda.
560 1917 771 1970 Beatus
784 1915 893 1981 vir,
922 1915 1025 1987 qui
1044 1915 1209 1971 timet
1234 1915 1576 1972 Dominum.
1601 1913 1870 1971 Alleluia.

213 2005 275 2058 Ρ.
300 2007 366 2058 In
396 2002 694 2059 mandatis
713 2003 847 2074 ejus
860 2003 1056 2075 cupiet
1084 2003 1281 2059 nimis.
1311 2003 1577 2059 Alleluia.
1602 2001 1872 2059 Alleluia.

212 2093 275 2153 Ῠ.
300 2092 598 2149 Potensin
630 2096 786 2148 terra
810 2092 921 2147 erit
948 2107 1152 2148 semen
1176 2092 1328 2162 ejus,
1363 2091 1667 2161 generatio
1690 2095 1875 2147 recto-

210 2198 353 2238 rum
382 2180 791 2237 benedicctur.
824 2181 884 2235 P.
909 2185 970 2237 ln
1000 2180 1305 2236 mandatis
1331 2181 1481 2252 ejus.
1510 2179 1792 2250 inGloria,
1817 2182 1874 2235 et

210 2272 416 2327 honor
449 2270 630 2339 Patri,
665 2276 774 2326 etc.
809 2270 871 2324 P.
908 2270 967 2325 1n
1039 2270 1343 2326 mandatis
1392 2271 1543 2339 ejus.

284 2362 521 2417 Oratio.
549 2361 799 2417 Domine
834 2361 865 2415 δ
873 2376 979 2417 esu
1006 2360 1253 2417 Christe.
1275 2360 1482 2427 Quare
1504 2360 1673 2429 infra
1702 2360 1765 2415 in
1795 2360 1871 2415 is-

212 2459 264 2506 to
306 2452 486 2519 folio.

798 2557 895 2611 Ad
925 2556 1304 2622 Matutinum,

283 2660 670 2733 Antiphone.
696 2661 883 2718 Labia
912 2676 1064 2733 mea,
1116 2661 1387 2724 Domine.
1444 2661 1695 2735 aperies.
1728 2660 1876 2719 P.Et

216 2769 281 2808 os
308 2768 518 2807 meum
556 2748 934 2808 annuntiabit
952 2752 1192 2808 laudem
1226 2752 1412 2808 tuam.
1458 2750 1749 2808 Psalmus.
1779 2750 1875 2806 Mi-

219 2857 419 2897 serere
456 2841 597 2903 mei,
629 2842 803 2896 Deus.

294 2931 519 2986 Oratio.
554 2929 878 2997 Exsultent,
909 2928 1176 2995 Domine,
1222 2926 1385 2985 labia
1413 2926 1622 2984 nostra
1655 2942 1877 3001 praeco-

218 3020 326 3075 nio
346 3020 607 3074 veritatis
632 3036 645 3087 ;
673 3021 735 3074 ut
762 3030 885 3073 non
900 3015 1278 3073 revolvantur
1294 3012 1633 3088 vaniloquio
1661 3014 1879 3072 falsita-

220 3108 294 3161 tis
331 3124 345 3161 :
378 3107 463 3161 sic
489 3104 696 3174 lingua
725 3109 929 3161 nostra
950 3104 1244 3176 judicium
1283 3102 1542 3159 veritatis
1572 3100 1875 3175 loquatur,
1918 3100 1957 3156 0

218 3201 280 3251 ut
312 3195 611 3250 Christum
646 3197 814 3249 tuum
832 3209 1037 3249 verum
1078 3193 1373 3264 judicium
1425 3190 1879 3263 promptissime

217 3284 464 3341 laudet:
500 3287 682 3356 atque
720 3283 801 3338 ita
828 3286 1125 3355 praecepta
1157 3285 1256 3337 tua
1287 3281 1526 3337 assidue
1584 3280 1644 3336 in
1674 3283 1878 3336 nostro

219 3374 401 3430 corde
427 3376 763 3436 versentur,
794 3373 856 3427 ‘ut
877 3382 1112 3441 gressus
1134 3369 1319 3425 nostri
1355 3368 1431 3425 ab
1458 3364 1757 3425 insidiosis
1780 3367 1879 3424 de-

218 3463 437 3537 cipulis
482 3461 732 3517 minime
775 3459 1253 3531 supplantentur.
1283 3470 1346 3529 81.
1374 3458 1591 3516 Amen.

284 3552 399 3608 Per
419 3547 903 3606 misericordiam
950 3551 1141 3603 tuam.

290 3658 645 3727 Antiphona
674 3663 719 3711 t.
754 3651 1208 3726 Lapidaverunt
1246 3668 1340 3708 me
1370 3652 1594 3708 inimici
1631 3651 1767 3707 mei.
1805 3652 1879 3704 P.

225 3750 534 3805 Etﬁxuraa
576 3745 851 3818 lapidum
910 3758 1157 3798 suorum
1186 3742 1247 3797 in
1305 3740 1712 3797 testimonium
1764 3739 1881 3794 illis

222 3841 399 3895 erunt
420 3854 434 3902 ;
456 3830 605 3891 dum
622 3848 840 3890 venero
858 3836 991 3889 ante
1007 3829 1303 3903 judicium
1318 3836 1515 3903 petere
1539 3845 1645 3901 pro
1678 3842 1885 3902 pecca-

226 3929 296 3983 tis
321 3941 564 3983 eorum.
590 3922 649 3981 37.
680 3916 911 3980 Credidi
948 3925 1183 3993 propter
1237 3918 1402 3992 quod
1440 3918 1673 3974 locutus
1702 3933 1837 3972 sum
1869 3931 1882 3970 :

224 4034 336 4090 ego
365 4020 576 4073 autem
595 4011 942 4071 humiliatus
965 4028 1099 4067 sum
1112 4009 1310 4065 nimis.
1339 4008 1403 4063 P.
1428 4008 1716 4077 Etﬁgurae
1736 4002 1884 4079 lapi-

223 4108 398 4163 dum.
421 4103 483 4163 i'.
513 4103 727 4171 Gloria,
751 4102 1012 4158 ethonor
1030 4098 1205 4165 Patri,
1230 4102 1341 4154 etc.
1360 4099 1440 4155 P.
1461 4098 1524 4153 Et
1554 4096 1763 4165 ﬁgurae
1794 4092 1885 4150 la-

222 4195 469 4268 pidum.

1969 493 2098 537 nor.
2129 480 2300 547 Patri,
2327 485 2435 539 etc.
2462 482 2520 539 P.
2544 483 2611 541 Et
2637 480 2771 538 falsi
2793 482 2970 537 testes
3027 474 3395 549 lapidabant.

2044 570 2267 626 Oratio.
2300 573 2561 643 Impetus
2592 569 2779 627 factus
2814 584 2852 627 a
2901 562 3386 639 persequentium
3436 559 3612 620 turba

1971 672 2094 714 non
2116 659 2322 729 potuit,
2353 659 2571 715 Christe
2591 657 2856 727 Domine,
2895 651 3177 725 Stephani
3221 649 3497 721 martyris
3520 647 3609 706 tui

1973 746 2211 806 turbare
2240 747 2654 813 constantiam,
2678 762 2816 801 cum
2840 748 2897 801 et
2923 742 3210 800 falsorum
3244 738 3354 811 53
3377 737 3610 794 testium

1975 834 2319 893 credulitate
2340 837 2536 894 carnis
2554 836 2907 893 vestimenta
2933 829 3241 904 deposuit;
3266 829 3383 884 oris
3408 830 3611 883 tamen

1978 924 2433 998 confessionem,
2448 942 2569 999 qua
2593 931 2646 983 te
2663 924 2930 993 credidit,
2958 936 3081 979 non
3100 917 3301 979 amisit
3330 934 3344 975 :
3370 931 3510 974 cum
3529 914 3611 973 la-

1978 1012 2216 1085 pidatus
2245 1014 2423 1072 etiam
2451 1018 2505 1071 te
2533 1017 2742 1078 Deum,
2766 1016 2831 1069 ut
2854 1013 2984 1081 ejus
3002 1008 3274 1080 spiritum
3290 1004 3614 1075 exciperes,

1980 1102 2259 1159 exoravit.
2288 1105 2361 1159 Te
2392 1119 2533 1173 ergo
2578 1115 2946 1175 quaesumus,
2978 1102 3035 1155 et
3078 1109 3385 1165 rogamus,
3410 1095 3478 1148 ut
3516 1089 3618 1150 illa

1980 1204 2092 1245 nos
2118 1190 2318 1259 gratim
2347 1196 2463 1247 tuae
2484 1192 2697 1263 pietate
2717 1200 3082 1250 remuneres,
3108 1197 3233 1256 qua
3257 1180 3425 1237 illum
3448 1193 3621 1235 coro-

1980 1279 2135 1333 nasti
2164 1284 2297 1350 post
2316 1279 2545 1351 lapides
2572 1278 2787 1351 :etqui
2815 1277 2944 1348 ejus
2981 1273 3254 1345 spiritum
3307 1263 3621 1337 suscepisti

1982 1364 2043 1421 in
2056 1364 2245 1435 gloria
2257 1372 2479 1424 aeterna
2488 1409 2501 1433 ,
2518 1384 2555 1426 a
2566 1368 2760 1433 nobis,
2779 1376 3147 1439 quaesumus.
3166 1355 3518 1431 propitiatus
3534 1367 3624 1411 re-

1979 1468 2222 1512 remove
2246 1456 2558 1528 supplicia.
2589 1468 2652 1525 Ri.
2680 1456 2889 1511 Amen.

2059 1546 2164 1600 Per
2188 1544 2659 1602 misericordiam
2690 1552 2875 1598 tuam.

2048 1638 2413 1707 Antiphona.
2439 1628 3207 1703 LapidabantStephanum,
3233 1619 3339 1694 qui
3371 1619 3539 1675 erant
3557 1615 3622 1673 in

1908 1754 1951 1807 Β
1980 1726 2248 1789 concilio,
2277 1726 2334 1778 et
2358 1720 2759 1778 intuebantur.
2791 1719 2852 1774 P.
2901 1712 3267 1807 \tultu3_ejus
3306 1712 3619 1776 tamquam

1978 1816 2174 1873 vultus
2189 1811 2400 1881 Angeli
2422 1809 2523 1866 Dei
2544 1807 2749 1865 stantis
2769 1806 2919 1862 inter
2934 1802 3086 1861 illos.
3102 1800 3165 1862 ἲν.
3189 1799 3485 1854 Conserva
3498 1806 3615 1881 me,

1981 1903 2251 1968 Domine,
2277 1879 2565 1971 quoniam
2589 1896 2730 1952 inte
2787 1890 3044 1965 speravi,
3098 1886 3335 1945 salvum
3382 1896 3479 1939 me
3525 1879 3621 1971 fac

1982 1992 2136 2047 Deus
2165 1969 2351 2045 meus.
2372 1988 2432 2042 P.
2455 1985 2659 2042 Vultus
2678 1984 2826 2054 ejus.
2848 1981 2891 2042 tl
2912 1978 3125 2043 Gloria,
3148 1978 3207 2032 et
3251 1973 3464 2040 honor,
3506 1969 3620 2024 etc.

1981 2082 2039 2134 Ρ.
2072 2078 2277 2134 Vultus
2339 2076 2492 2147 ejus.

2052 2168 2276 2224 Oratio.
2309 2142 2703 2220 Dominelesu
2732 2158 2977 2222 Christe,
3009 2152 3116 2227 qui
3138 2151 3203 2207 in
3256 2144 3507 2205 concilio
3529 2142 3618 2201 la-

1980 2255 2316 2328 pidantium
2341 2248 2673 2308 beatissimi
2730 2242 3013 2317 martyris
3065 2240 3177 2328 tui?
3207 2232 3511 2328 Stephani.
3540 2230 3622 2328 ita

1981 2318 2278 2416 gloriﬁcas
2305 2340 2558 2406 vultum,
2590 2342 2655 2393 ut
2670 2336 2748 2393 ab
2777 2335 2871 2392 his
2889 2332 2993 2405 qui
3012 2345 3149 2386 eum
3166 2318 3628 2416 lapidabant,la-

1982 2415 2169 2505 pidati
2201 2434 2476 2503 aspectus
2495 2428 2821 2485 intueretur
2867 2420 3206 2490 Angelicus,
3230 2415 3377 2505 dum
3398 2423 3632 2504 premi-

1980 2504 2129 2578 nens
2145 2521 2246 2577 illo
2272 2520 2703 2575 monstraretur
2724 2512 3013 2581 magistro
3027 2504 3311 2580 patientia
3329 2509 3629 2577 exornari;

1981 2609 2061 2665 da
2088 2608 2287 2676 nobis,
2315 2610 2379 2662 ut
2407 2621 2480 2659 ex
2507 2604 2621 2659 hoc
2649 2612 2986 2656 mereamur
3009 2594 3089 2653 ad
3107 2589 3426 2665 praamium
3466 2587 3632 2643 mter-

1980 2696 2180 2754 nitatis
2210 2693 2412 2751 attolli.
2445 2704 2509 2762 Βι.
2547 2692 2758 2746 Amen.

2050 2786 2157 2841 Per
2184 2778 2654 2838 misericordiam
2684 2780 2868 2831 tuam.

2054 2885 2118 2945 ni.
2153 2873 2335 2941 Super
2360 2859 2927 2933 acervumlapidum
2953 2856 3089 2912 lmta
3125 2853 3215 2945 est
3235 2848 3440 2908 anima
3467 2858 3621 2909 mea,

1984 2967 2041 3018 et
2055 2944 2234 3033 super
2245 2954 2521 3013 inimicos
2536 2967 2701 3008 meos
2714 2951 2901 3004 Deum
2912 2944 3264 3016 deprecatus
3278 2951 3415 3033 sum
3432 2946 3628 3028 ;prop-

1986 3025 2149 3106 terea
2173 3042 2557 3103 vindemiabo
2578 3040 2803 3095 fructus
2820 3048 2986 3091 meos
3008 3033 3067 3088 in
3098 3025 3413 3102 pace.P.Et

1987 3137 2187 3194 strabo
2213 3136 2275 3190 in
2290 3135 2609 3205 conspectu
2633 3123 2856 3184 Domini
2871 3120 3153 3183 debonis,
3174 3130 3311 3188 qum
3353 3110 3626 3206 prastitit

1986 3225 2228 3286 mihiJlr.
2249 3223 2400 3289 Quid
2417 3198 2739 3277 retribuam
2757 3229 2866 3287 pro
2887 3209 3189 3272 omnibus,
3209 3219 3345 3276 quae
3357 3198 3630 3289 praestitit

1987 3314 2134 3370 mihi
2150 3315 2176 3367 ?
2189 3284 2441 3368 calicem
2455 3305 2730 3365 salutaris
2744 3284 3058 3371 accipiam.
3072 3296 3132 3351 P.
3157 3295 3221 3347 Et
3248 3284 3626 3346 ministrabo.

1986 3404 2048 3465 )7.
2083 3402 2293 3471 Gloria,
2326 3402 2382 3454 et
2420 3397 2611 3453 honor
2630 3392 2802 3455 Patri,
2830 3392 2940 3444 etc.
2964 3386 3022 3439 P.
3056 3385 3123 3471 Et
3149 3373 3567 3471 ministrabo.”

2062 3460 2292 3548 Oratio:
2318 3483 2600 3543 DomineJ
2608 3497 2711 3537 esu
2735 3476 2976 3541 Christe,
2999 3469 3104 3544 qui
3124 3464 3393 3553 animam
3414 3460 3630 3555 beatis-

1990 3580 2125 3637 simi
2149 3575 2425 3648 martyris
2458 3572 2542 3629 tui
2570 3563 2845 3641 Stephani
2875 3556 3050 3648 tanta
3080 3548 3405 3648 munerum
3442 3548 3633 3648 gratia

1990 3636 2323 3732 decorasti:
2339 3667 2400 3717 ut
2426 3673 2604 3731 super
2634 3636 2913 3710 acervum
2934 3644 3207 3720 lapidum
3234 3638 3542 3732 exultaret,
3570 3636 3631 3732 et

1992 3720 2387 3830 ﬁcii—simias
2416 3720 2713 3811 te,-utillis
2739 3750 3036 3812 parceres,
3076 3729 3421 3829 exposceret
3444 3720 3635 3830 nepte

1994 3808 2178 3903 corda
2205 3843 2410 3897 nostra
2437 3808 2683 3891 munere
2715 3808 3061 3902 gratiarum,
3100 3808 3635 3906 etimmarce‘scib-i-

1994 3899 2220 3990 li‘dono
2249 3928 2566 3982 virtutum:
2602 3924 2659 3975 ut
2722 3899 3058 3974 interventu
3088 3908 3173 3966 tui
3214 3899 3513 3994 martyris,
3556 3899 3638 3994 ita

1996 3987 2404 4078 ministremus
2434 4025 2671 4082 semper
2690 4009 2753 4063 in
2808 4002 3136 4072 conspectu
3161 3998 3283 4082 tuo
3335 3987 3634 4048 debonis,

1995 4125 2132 4182 qua:
2160 4098 2669 4178 praetiterisnobis,
2685 4092 3010 4182 qualiteret
3029 4087 3124 4143 hic
3136 4081 3443 4182 dilatem‘ur
3469 4088 3639 4182 sanc-

1996 4169 2177 4256 titatis
2200 4195 2259 4250 in
2281 4206 2480 4264 opere,
2513 4188 2725 4259 etpost
2751 4177 3189 4239 vindemiemus
3229 4169 3456 4226 fructus
3494 4176 3641 4219 nos-

297 4301 536 4358 Oratio.
567 4297 820 4356 Domine
843 4298 983 4351 Jesu
1005 4294 1249 4361 Christe,
1282 4292 1383 4365 qui
1406 4292 1490 4348 ita
1520 4304 1769 4347 munere
1787 4293 1889 4347 tuo
1997 4293 2119 4345 tros
2140 4285 2201 4340 in
2225 4297 2393 4355 pace.
2428 4291 2492 4349 ἣν.
2552 4279 2759 4333 Amen.

220 4391 386 4449 beati
422 4386 710 4460 Stephani
740 4384 1008 4442 animam
1046 4382 1396 4478 munerasti,
1434 4384 1497 4437 ut
1526 4394 1651 4478 non
1692 4378 1892 4436 solum
1924 4420 1969 4478 Β

222 4477 539 4535 Passionis
563 4480 677 4531 tum
695 4476 1043 4545 sequeretur
1070 4469 1431 4542 exemplum,
1462 4468 1565 4524 sed
1578 4468 1761 4523 etiam
1782 4481 1895 4537 pa-

223 4569 455 4625 tientiae
486 4568 729 4637 caperet
755 4562 1184 4619 documentum
1214 4575 1227 4613 :
1280 4562 1343 4615 ut
1373 4557 1738 4630 supplicaret
1785 4570 1893 4627 pro

2068 4376 2174 4431 Per
2218 4364 2713 4429 misericordiam.

2601 4454 2665 4507 In
2680 4446 2999 4505 Laudibus.

2074 4551 2159 4607 Ad
2183 4548 2513 4606 Canticum.
2532 4538 2890 4608 Antiphona.
2910 4535 3136 4590 Nomen
3158 4519 3391 4582 Domini
3412 4517 3646 4575 invoca-

226 4657 533 4717 hostibus,
565 4609 670 4726 aui
708 4667 831 4707 non
861 4650 1094 4706 cederet
1154 4609 1552 4704 saevientibru‘s:
1609 4609 1897 4701 iortislad
2004 4640 2064 4697 vi
2092 4640 2263 4696 :date
2277 4630 2750 4726 magnitudinem
2773 4626 2909 4723 .Deo.
2924 4623 3116 4726 vestro
3150 4625 3322 4670 :vera
3351 4609 3487 4665 sunt
3508 4616 3645 4675 ope-

228 4742 596 4820 perferenda
624 4740 869 4796 vulnera
894 4755 908 4806 ;
932 4738 1096 4794 fortis
1141 4736 1219 4793 ad
1250 4751 1372 4792 non
1405 4733 1714 4791 reddenda
1758 4746 1896 4788 con-

230 4837 386 4893 vicia
414 4851 429 4901 ;
454 4831 624 4889 fortis
654 4830 803 4885 dum
833 4827 912 4883 ab
942 4825 1141 4898 impiis
1161 4824 1460 4896 lapidatur
1475 4842 1493 4893 ;
1524 4822 1730 4879 fortior
1749 4820 1897 4876 dum

231 4940 338 4995 pro
370 4918 792 4994 lapidantibus
826 4915 1179 4987 deprecatur
1211 4931 1223 4970 :
1268 4912 1379 4977 Qui
1409 4926 1550 4981 ergo
1578 4910 1897 4966 immemor

231 5011 483 5069 ultionis
513 5024 626 5080 pro
647 5003 1057 5079 lapidantibus
1086 5002 1372 5068 exoravit,
1390 5015 1623 5056 memor
1643 4997 1897 5054 charita-

232 5102 306 5155 tis
338 5101 403 5156 in
435 5096 603 5155 nullo
625 5092 1110 5167 supplicantibus
1153 5090 1324 5147 desit.
1358 5101 1422 5159 ἢ.
1468 5088 1677 5144 Amen.

308 5190 418 5245 Per
482 5182 961 5242 misericordiam
996 5186 1185 5238 tuam.

304 5279 355 5332 A
368 5276 649 5346 ntiphona
664 5278 720 5329 2.
747 5276 1043 5344 Impetum
1070 5269 1335 5325 fecerunt
1349 5265 1665 5323 unanimes
1690 5264 1752 5319 in
1777 5264 1896 5320 Ste-

233 5367 536 5439 phanum.
570 5361 852 5419 P.Etfalsi
891 5356 1584 5429 testeslapidabanteam
1616 5355 1900 5409 invocan-

234 5464 387 5524 tem,
422 5459 480 5509 et
503 5449 1099 5509 dicenteszomine
1128 5448 1286 5516 Jesu,
1328 5444 1566 5516 suscipe
1608 5442 1896 5515 spiritum.

2007 4745 2073 4786 ra
2097 4728 2245 4797 ejus,
2279 4729 2335 4781 et
2355 4735 2565 4778 omnes
2589 4718 2697 4773 vite
2733 4714 2864 4783 ejus
2890 4706 3136 4781 judicia.

2074 4787 2416 4873 Danticum.
2432 4804 2677 4865 Attende
2708 4800 2955 4857 Caium.
2978 4792 3225 4882 nequire
3242 4787 3359 4882 fol.
3380 4787 3463 4882 4...

2078 4872 2931 4961 AdBenedictus.Antiphona.
2945 4889 3171 4943 Nomen
3194 4872 3430 4932 Domini
3450 4872 3511 4928 in
3531 4882 3653 4926 me-

2006 4993 2220 5049 ridiem
2245 4987 2386 5061 justi
2408 4984 2661 5042 festinat.
2698 4977 3011 5035 Canticum
3036 4970 3145 5061 [οι.

2078 5052 2264 5137 8οηοί
2283 5072 2525 5132 Custodi
2549 5084 2666 5137 me,
2702 5063 2970 5121 Domine.
3026 5056 3261 5127 Require
3283 5052 3399 5124 fol.
3426 5054 3511 5137 51.

2358 5159 2617 5218 Laudate
2652 5132 2983 5212 Dominum
3012 5146 3088 5204 de
3148 5143 3329 5201 caelis.
3376 5132 3638 5193 Alleluia.

2011 5255 2271 5315 Laudate
2296 5267 2435 5308 eum
2462 5249 2523 5305 in
2546 5238 3093 5303 excelsis.Alleluia.
3127 5234 3386 5291 Psatmus
3420 5233 3642 5279 cxnvru.

2666 5330 2999 5405 Prophetia.

2080 5432 2276 5491 Lectio
2295 5429 2438 5486 libri
2474 5399 2798 5498 Sapientia;
2859 5412 3187 5478 Salomonis
3226 5406 3395 5470 (Cap.
3435 5399 3531 5461 xv).
3592 5404 3655 5463 tv-

238 5546 301 5601 ἴ.
338 5520 489 5598 δὲἱὶιὶι
513 5539 784 5614 proﬁciet
804 5536 1080 5595 inimicus
1108 5535 1169 5592 in
1198 5550 1285 5601 eo,
1306 5537 1364 5591 et
1390 5531 1548 5589 ﬁlius
1575 5529 1904 5603 iniquitatis
2013 5528 2132 5582 Deo
2172 5520 2413 5594 gratias.
