  <div class='ocr_page' id='page_1' title='image "/cluster/home/n/w/nwhite01/storage/ocr_20150623/86/hvd.32044054758909/069.png"; bbox 0 0 4118 6184; ppageno 0'>
   <div class='ocr_carea' id='block_1_1' title="bbox 448 274 549 335">
    <p class='ocr_par' dir='ltr' id='par_1_1' title="bbox 448 274 549 335">
     <span class='ocr_line' id='line_1_1' title="bbox 448 274 549 335; baseline 0.02 -2"><span class='ocrx_word' id='word_1_1' title='bbox 448 274 549 335; x_wconf 72' lang='grc'>127</span> 
     </span>
    </p>
   </div>
   <div class='ocr_carea' id='block_1_2' title="bbox 513 390 2155 468">
    <p class='ocr_par' dir='ltr' id='par_1_2' title="bbox 513 390 2155 468">
     <span class='ocr_line' id='line_1_2' title="bbox 513 390 2155 468; baseline -0.007 -13"><span class='ocrx_word' id='word_1_2' title='bbox 513 400 711 455; x_wconf 78' lang='lat' dir='ltr'>Justus</span> <span class='ocrx_word' id='word_1_3' title='bbox 740 395 792 452; x_wconf 99' lang='lat' dir='ltr'>si</span> <span class='ocrx_word' id='word_1_4' title='bbox 821 396 1007 452; x_wconf 90' lang='lat' dir='ltr'>morte</span> <span class='ocrx_word' id='word_1_5' title='bbox 1033 399 1455 468; x_wconf 85' lang='lat' dir='ltr'>praeocupatus</span> <span class='ocrx_word' id='word_1_6' title='bbox 1485 395 1678 462; x_wconf 87' lang='lat' dir='ltr'>fuerit,</span> <span class='ocrx_word' id='word_1_7' title='bbox 1710 393 1914 451; x_wconf 88' lang='lat' dir='ltr'>anima</span> <span class='ocrx_word' id='word_1_8' title='bbox 1950 392 2080 462; x_wconf 87' lang='lat' dir='ltr'>ejus</span> <span class='ocrx_word' id='word_1_9' title='bbox 2112 390 2155 443; x_wconf 89' lang='lat' dir='ltr'>A</span> 
     </span>
    </p>
   </div>
   <div class='ocr_carea' id='block_1_3' title="bbox 445 482 2080 557">
    <p class='ocr_par' dir='ltr' id='par_1_3' title="bbox 445 482 2080 557">
     <span class='ocr_line' id='line_1_3' title="bbox 445 482 2080 557; baseline -0.006 -12"><span class='ocrx_word' id='word_1_10' title='bbox 445 490 509 545; x_wconf 91' lang='lat' dir='ltr'>in</span> <span class='ocrx_word' id='word_1_11' title='bbox 525 483 826 557; x_wconf 85' lang='lat' dir='ltr'>refrigerio</span> <span class='ocrx_word' id='word_1_12' title='bbox 839 483 966 541; x_wconf 89' lang='lat' dir='ltr'>erit.</span> <span class='ocrx_word' id='word_1_13' title='bbox 982 485 1257 540; x_wconf 87' lang='lat' dir='ltr'>Senectus</span> <span class='ocrx_word' id='word_1_14' title='bbox 1273 485 1434 543; x_wconf 90' lang='lat' dir='ltr'>enim</span> <span class='ocrx_word' id='word_1_15' title='bbox 1449 482 1808 543; x_wconf 83' lang='lat' dir='ltr'>venerabilis</span> <span class='ocrx_word' id='word_1_16' title='bbox 1834 484 1925 537; x_wconf 91' lang='lat' dir='ltr'>est</span> <span class='ocrx_word' id='word_1_17' title='bbox 1958 495 2080 536; x_wconf 90' lang='lat' dir='ltr'>non</span> 
     </span>
    </p>
   </div>
   <div class='ocr_carea' id='block_1_4' title="bbox 444 569 2083 646">
    <p class='ocr_par' dir='ltr' id='par_1_4' title="bbox 444 569 2083 646">
     <span class='ocr_line' id='line_1_4' title="bbox 444 569 2083 646; baseline -0.005 -13"><span class='ocrx_word' id='word_1_18' title='bbox 444 576 727 633; x_wconf 90' lang='lat' dir='ltr'>diuturna</span> <span class='ocrx_word' id='word_1_19' title='bbox 738 588 933 646; x_wconf 88' lang='lat' dir='ltr'>neque</span> <span class='ocrx_word' id='word_1_20' title='bbox 953 588 1204 630; x_wconf 90' lang='lat' dir='ltr'>numero</span> <span class='ocrx_word' id='word_1_21' title='bbox 1222 590 1519 631; x_wconf 90' lang='lat' dir='ltr'>annorum</span> <span class='ocrx_word' id='word_1_22' title='bbox 1531 574 1904 646; x_wconf 81' lang='lat' dir='ltr'>computata:</span> <span class='ocrx_word' id='word_1_23' title='bbox 1947 569 2083 626; x_wconf 89' lang='lat' dir='ltr'>cani</span> 
     </span>
    </p>
   </div>
   <div class='ocr_carea' id='block_1_5' title="bbox 445 657 2082 726">
    <p class='ocr_par' dir='ltr' id='par_1_5' title="bbox 445 657 2082 726">
     <span class='ocr_line' id='line_1_5' title="bbox 445 657 2082 726; baseline -0.004 -6"><span class='ocrx_word' id='word_1_24' title='bbox 445 668 581 720; x_wconf 91' lang='lat' dir='ltr'>sunt</span> <span class='ocrx_word' id='word_1_25' title='bbox 601 666 788 719; x_wconf 86' lang='lat' dir='ltr'>autem</span> <span class='ocrx_word' id='word_1_26' title='bbox 806 676 1015 716; x_wconf 88' lang='lat' dir='ltr'>sensus</span> <span class='ocrx_word' id='word_1_27' title='bbox 1032 661 1312 726; x_wconf 89' lang='lat' dir='ltr'>hominis,</span> <span class='ocrx_word' id='word_1_28' title='bbox 1348 666 1404 719; x_wconf 87' lang='lat' dir='ltr'>et</span> <span class='ocrx_word' id='word_1_29' title='bbox 1418 670 1561 719; x_wconf 70' lang='lat' dir='ltr'>tetas</span> <span class='ocrx_word' id='word_1_30' title='bbox 1626 659 1945 717; x_wconf 86' lang='lat' dir='ltr'>senectutis</span> <span class='ocrx_word' id='word_1_31' title='bbox 1960 657 2082 714; x_wconf 89' lang='lat' dir='ltr'>vita</span> 
     </span>
    </p>
   </div>
   <div class='ocr_carea' id='block_1_6' title="bbox 446 746 2081 820">
    <p class='ocr_par' dir='ltr' id='par_1_6' title="bbox 446 746 2081 820">
     <span class='ocr_line' id='line_1_6' title="bbox 446 746 2081 820; baseline -0.005 -12"><span class='ocrx_word' id='word_1_32' title='bbox 446 749 847 808; x_wconf 88' lang='lat' dir='ltr'>immaculata.</span> <span class='ocrx_word' id='word_1_33' title='bbox 862 749 1106 805; x_wconf 91' lang='lat' dir='ltr'>Placens</span> <span class='ocrx_word' id='word_1_34' title='bbox 1124 752 1266 820; x_wconf 90' lang='lat' dir='ltr'>Deo,</span> <span class='ocrx_word' id='word_1_35' title='bbox 1293 750 1482 807; x_wconf 89' lang='lat' dir='ltr'>factus</span> <span class='ocrx_word' id='word_1_36' title='bbox 1508 750 1778 813; x_wconf 90' lang='lat' dir='ltr'>dilectus,</span> <span class='ocrx_word' id='word_1_37' title='bbox 1797 752 1852 804; x_wconf 91' lang='lat' dir='ltr'>et</span> <span class='ocrx_word' id='word_1_38' title='bbox 1879 746 2081 802; x_wconf 87' lang='lat' dir='ltr'>vivens</span> 
     </span>
    </p>
   </div>
   <div class='ocr_carea' id='block_1_7' title="bbox 446 838 2081 909">
    <p class='ocr_par' dir='ltr' id='par_1_7' title="bbox 446 838 2081 909">
     <span class='ocr_line' id='line_1_7' title="bbox 446 838 2081 909; baseline -0.003 -14"><span class='ocrx_word' id='word_1_39' title='bbox 446 840 597 895; x_wconf 90' lang='lat' dir='ltr'>inter</span> <span class='ocrx_word' id='word_1_40' title='bbox 626 841 964 909; x_wconf 89' lang='lat' dir='ltr'>peccatores</span> <span class='ocrx_word' id='word_1_41' title='bbox 1012 838 1335 894; x_wconf 89' lang='lat' dir='ltr'>translatus</span> <span class='ocrx_word' id='word_1_42' title='bbox 1354 843 1463 895; x_wconf 92' lang='lat' dir='ltr'>est.</span> <span class='ocrx_word' id='word_1_43' title='bbox 1496 841 1718 909; x_wconf 85' lang='lat' dir='ltr'>Raptus</span> <span class='ocrx_word' id='word_1_44' title='bbox 1740 840 1826 891; x_wconf 90' lang='lat' dir='ltr'>est</span> <span class='ocrx_word' id='word_1_45' title='bbox 1852 851 1927 890; x_wconf 91' lang='lat' dir='ltr'>ne</span> <span class='ocrx_word' id='word_1_46' title='bbox 1957 850 2081 891; x_wconf 91' lang='lat' dir='ltr'>ma-</span> 
     </span>
    </p>
   </div>
   <div class='ocr_carea' id='block_1_8' title="bbox 444 924 2085 997">
    <p class='ocr_par' dir='ltr' id='par_1_8' title="bbox 444 924 2085 997">
     <span class='ocr_line' id='line_1_8' title="bbox 444 924 2085 997; baseline -0.004 -14"><span class='ocrx_word' id='word_1_47' title='bbox 444 926 569 983; x_wconf 90' lang='lat' dir='ltr'>litia</span> <span class='ocrx_word' id='word_1_48' title='bbox 594 924 1218 982; x_wconf 89' lang='lat' dir='ltr'>mutaretintellectum</span> <span class='ocrx_word' id='word_1_49' title='bbox 1238 927 1390 997; x_wconf 87' lang='lat' dir='ltr'>ejus,</span> <span class='ocrx_word' id='word_1_50' title='bbox 1407 932 1509 983; x_wconf 89' lang='lat' dir='ltr'>aut</span> <span class='ocrx_word' id='word_1_51' title='bbox 1528 925 1770 982; x_wconf 87' lang='lat' dir='ltr'>afﬂictio</span> <span class='ocrx_word' id='word_1_52' title='bbox 1794 926 2085 994; x_wconf 88' lang='lat' dir='ltr'>reciperet</span> 
     </span>
    </p>
   </div>
   <div class='ocr_carea' id='block_1_9' title="bbox 446 1010 2083 1082">
    <p class='ocr_par' dir='ltr' id='par_1_9' title="bbox 446 1010 2083 1082">
     <span class='ocr_line' id='line_1_9' title="bbox 446 1010 2083 1082; baseline -0.004 -12"><span class='ocrx_word' id='word_1_53' title='bbox 446 1014 713 1071; x_wconf 80' lang='lat' dir='ltr'>animam</span> <span class='ocrx_word' id='word_1_54' title='bbox 741 1010 897 1066; x_wconf 90' lang='lat' dir='ltr'>illius</span> <span class='ocrx_word' id='word_1_55' title='bbox 923 1051 936 1064; x_wconf 94' lang='lat'>.</span> <span class='ocrx_word' id='word_1_56' title='bbox 972 1012 1300 1069; x_wconf 89' lang='lat' dir='ltr'>Fascinatio</span> <span class='ocrx_word' id='word_1_57' title='bbox 1317 1013 1477 1069; x_wconf 89' lang='lat' dir='ltr'>enim</span> <span class='ocrx_word' id='word_1_58' title='bbox 1501 1011 1858 1082; x_wconf 88' lang='lat' dir='ltr'>nugacitatis</span> <span class='ocrx_word' id='word_1_59' title='bbox 1871 1010 2083 1065; x_wconf 90' lang='lat' dir='ltr'>obscu-</span> 
     </span>
    </p>
   </div>
   <div class='ocr_carea' id='block_1_10' title="bbox 442 1098 2081 1172">
    <p class='ocr_par' dir='ltr' id='par_1_10' title="bbox 442 1098 2081 1172">
     <span class='ocr_line' id='line_1_10' title="bbox 442 1098 2081 1172; baseline -0.003 -15"><span class='ocrx_word' id='word_1_60' title='bbox 442 1100 725 1165; x_wconf 89' lang='lat' dir='ltr'>ratbona,</span> <span class='ocrx_word' id='word_1_61' title='bbox 758 1098 1231 1157; x_wconf 87' lang='lat' dir='ltr'>etinconstantia</span> <span class='ocrx_word' id='word_1_62' title='bbox 1259 1100 1757 1172; x_wconf 69' lang='lat' dir='ltr'>concupiscentiae</span> <span class='ocrx_word' id='word_1_63' title='bbox 1788 1102 2081 1155; x_wconf 88' lang='lat' dir='ltr'>transver-</span> 
     </span>
    </p>
   </div>
   <div class='ocr_carea' id='block_1_11' title="bbox 444 1185 2082 1246">
    <p class='ocr_par' dir='ltr' id='par_1_11' title="bbox 444 1185 2082 1246">
     <span class='ocr_line' id='line_1_11' title="bbox 444 1185 2082 1246; baseline -0.001 -3"><span class='ocrx_word' id='word_1_64' title='bbox 444 1187 513 1243; x_wconf 89' lang='lat' dir='ltr'>tit</span> <span class='ocrx_word' id='word_1_65' title='bbox 541 1201 783 1241; x_wconf 88' lang='lat' dir='ltr'>sensum</span> <span class='ocrx_word' id='word_1_66' title='bbox 809 1185 934 1241; x_wconf 87' lang='lat' dir='ltr'>sine</span> <span class='ocrx_word' id='word_1_67' title='bbox 948 1186 1195 1244; x_wconf 91' lang='lat' dir='ltr'>malitia.</span> <span class='ocrx_word' id='word_1_68' title='bbox 1222 1191 1686 1246; x_wconf 91' lang='lat' dir='ltr'>Consummatus</span> <span class='ocrx_word' id='word_1_69' title='bbox 1708 1188 1768 1243; x_wconf 92' lang='lat' dir='ltr'>in</span> <span class='ocrx_word' id='word_1_70' title='bbox 1794 1186 1958 1243; x_wconf 86' lang='lat' dir='ltr'>brevi</span> <span class='ocrx_word' id='word_1_71' title='bbox 1986 1200 2082 1241; x_wconf 85' lang='lat' dir='ltr'>ex-</span> 
     </span>
    </p>
   </div>
   <div class='ocr_carea' id='block_1_12' title="bbox 444 1273 2085 1347">
    <p class='ocr_par' dir='ltr' id='par_1_12' title="bbox 444 1273 2085 1347">
     <span class='ocr_line' id='line_1_12' title="bbox 444 1273 2085 1347; baseline 0.001 -19"><span class='ocrx_word' id='word_1_72' title='bbox 444 1274 625 1345; x_wconf 90' lang='lat' dir='ltr'>plevit</span> <span class='ocrx_word' id='word_1_73' title='bbox 653 1278 923 1346; x_wconf 87' lang='lat' dir='ltr'>tempora</span> <span class='ocrx_word' id='word_1_74' title='bbox 941 1275 1131 1332; x_wconf 88' lang='lat' dir='ltr'>multa</span> <span class='ocrx_word' id='word_1_75' title='bbox 1163 1294 1176 1331; x_wconf 94' lang='lat'><strong>:</strong></span> <span class='ocrx_word' id='word_1_76' title='bbox 1202 1276 1415 1347; x_wconf 89' lang='lat' dir='ltr'>placita</span> <span class='ocrx_word' id='word_1_77' title='bbox 1445 1278 1603 1334; x_wconf 93' lang='lat' dir='ltr'>enim</span> <span class='ocrx_word' id='word_1_78' title='bbox 1633 1279 1760 1333; x_wconf 90' lang='lat' dir='ltr'>erat</span> <span class='ocrx_word' id='word_1_79' title='bbox 1797 1277 1915 1331; x_wconf 92' lang='lat' dir='ltr'>Deo</span> <span class='ocrx_word' id='word_1_80' title='bbox 1960 1273 2085 1330; x_wconf 92' lang='lat' dir='ltr'>ani-</span> 
     </span>
    </p>
   </div>
   <div class='ocr_carea' id='block_1_13' title="bbox 446 1360 2085 1437">
    <p class='ocr_par' dir='ltr' id='par_1_13' title="bbox 446 1360 2085 1437">
     <span class='ocr_line' id='line_1_13' title="bbox 446 1360 2085 1437; baseline 0.001 -20"><span class='ocrx_word' id='word_1_81' title='bbox 446 1376 550 1417; x_wconf 89' lang='lat' dir='ltr'>ma</span> <span class='ocrx_word' id='word_1_82' title='bbox 576 1360 732 1417; x_wconf 90' lang='lat' dir='ltr'>illius</span> <span class='ocrx_word' id='word_1_83' title='bbox 768 1380 781 1414; x_wconf 90' lang='lat'><strong>:</strong></span> <span class='ocrx_word' id='word_1_84' title='bbox 838 1366 1079 1434; x_wconf 87' lang='lat' dir='ltr'>propter</span> <span class='ocrx_word' id='word_1_85' title='bbox 1104 1364 1219 1420; x_wconf 90' lang='lat' dir='ltr'>hoc</span> <span class='ocrx_word' id='word_1_86' title='bbox 1248 1366 1584 1437; x_wconf 88' lang='lat' dir='ltr'>properavit</span> <span class='ocrx_word' id='word_1_87' title='bbox 1630 1365 1880 1421; x_wconf 90' lang='lat' dir='ltr'>educere</span> <span class='ocrx_word' id='word_1_88' title='bbox 1918 1362 2085 1419; x_wconf 89' lang='lat' dir='ltr'>illum</span> 
     </span>
    </p>
   </div>
   <div class='ocr_carea' id='block_1_14' title="bbox 447 1448 2086 1525">
    <p class='ocr_par' dir='ltr' id='par_1_14' title="bbox 447 1448 2086 1525">
     <span class='ocr_line' id='line_1_14' title="bbox 447 1448 2086 1525; baseline 0.001 -22"><span class='ocrx_word' id='word_1_89' title='bbox 447 1450 523 1504; x_wconf 90' lang='lat' dir='ltr'>de</span> <span class='ocrx_word' id='word_1_90' title='bbox 542 1448 743 1504; x_wconf 91' lang='lat' dir='ltr'>medio</span> <span class='ocrx_word' id='word_1_91' title='bbox 771 1448 1152 1521; x_wconf 90' lang='lat' dir='ltr'>iniquitatum</span> <span class='ocrx_word' id='word_1_92' title='bbox 1180 1469 1196 1506; x_wconf 90' lang='lat'><strong>:</strong></span> <span class='ocrx_word' id='word_1_93' title='bbox 1230 1454 1439 1525; x_wconf 91' lang='lat' dir='ltr'>populi</span> <span class='ocrx_word' id='word_1_94' title='bbox 1477 1456 1678 1510; x_wconf 88' lang='lat' dir='ltr'>autem</span> <span class='ocrx_word' id='word_1_95' title='bbox 1712 1452 1996 1517; x_wconf 86' lang='lat' dir='ltr'>videntes,</span> <span class='ocrx_word' id='word_1_96' title='bbox 2030 1454 2086 1506; x_wconf 90' lang='lat' dir='ltr'>et</span> 
     </span>
    </p>
   </div>
   <div class='ocr_carea' id='block_1_15' title="bbox 447 1536 2081 1614">
    <p class='ocr_par' dir='ltr' id='par_1_15' title="bbox 447 1536 2081 1614">
     <span class='ocr_line' id='line_1_15' title="bbox 447 1536 2081 1614; baseline 0.001 -22"><span class='ocrx_word' id='word_1_97' title='bbox 447 1551 570 1592; x_wconf 92' lang='lat' dir='ltr'>non</span> <span class='ocrx_word' id='word_1_98' title='bbox 607 1536 1017 1608; x_wconf 89' lang='lat' dir='ltr'>intelligentes,</span> <span class='ocrx_word' id='word_1_99' title='bbox 1042 1554 1154 1596; x_wconf 89' lang='lat' dir='ltr'>nec</span> <span class='ocrx_word' id='word_1_100' title='bbox 1186 1546 1475 1613; x_wconf 89' lang='lat' dir='ltr'>ponentes</span> <span class='ocrx_word' id='word_1_101' title='bbox 1507 1542 1567 1597; x_wconf 92' lang='lat' dir='ltr'>in</span> <span class='ocrx_word' id='word_1_102' title='bbox 1598 1541 1941 1614; x_wconf 72' lang='lat' dir='ltr'>praecordiis</span> <span class='ocrx_word' id='word_1_103' title='bbox 1957 1540 2081 1595; x_wconf 90' lang='lat' dir='ltr'>suis</span> 
     </span>
    </p>
   </div>
   <div class='ocr_carea' id='block_1_16' title="bbox 448 1624 2083 1700">
    <p class='ocr_par' dir='ltr' id='par_1_16' title="bbox 448 1624 2083 1700">
     <span class='ocr_line' id='line_1_16' title="bbox 448 1624 2083 1700; baseline 0.002 -21"><span class='ocrx_word' id='word_1_104' title='bbox 448 1624 592 1680; x_wconf 91' lang='lat' dir='ltr'>talia</span> <span class='ocrx_word' id='word_1_105' title='bbox 620 1641 633 1679; x_wconf 87' lang='lat'>:</span> <span class='ocrx_word' id='word_1_106' title='bbox 662 1626 951 1696; x_wconf 90' lang='lat' dir='ltr'>quoniam</span> <span class='ocrx_word' id='word_1_107' title='bbox 964 1628 1370 1686; x_wconf 88' lang='lat' dir='ltr'>misericordia</span> <span class='ocrx_word' id='word_1_108' title='bbox 1385 1631 1506 1695; x_wconf 91' lang='lat' dir='ltr'>Dei,</span> <span class='ocrx_word' id='word_1_109' title='bbox 1532 1635 1588 1687; x_wconf 91' lang='lat' dir='ltr'>et</span> <span class='ocrx_word' id='word_1_110' title='bbox 1607 1630 1797 1700; x_wconf 88' lang='lat' dir='ltr'>gratia</span> <span class='ocrx_word' id='word_1_111' title='bbox 1823 1630 1885 1684; x_wconf 93' lang='lat' dir='ltr'>in</span> <span class='ocrx_word' id='word_1_112' title='bbox 1911 1642 2083 1684; x_wconf 86' lang='lat' dir='ltr'>sanc-</span> 
     </span>
    </p>
   </div>
   <div class='ocr_carea' id='block_1_17' title="bbox 1693 258 3822 325">
    <p class='ocr_par' dir='ltr' id='par_1_17' title="bbox 1693 258 3822 325">
     <span class='ocr_line' id='line_1_17' title="bbox 1693 258 3822 325; baseline 0 -2"><span class='ocrx_word' id='word_1_113' title='bbox 1693 263 2143 325; x_wconf 80' lang='lat' dir='ltr'>BREVIARIUM</span> <span class='ocrx_word' id='word_1_114' title='bbox 2184 265 2575 325; x_wconf 87' lang='lat' dir='ltr'>GOTHICUM.</span> <span class='ocrx_word' id='word_1_115' title='bbox 3733 258 3822 311; x_wconf 75' lang='grc'>128</span> 
     </span>
    </p>
   </div>
   <div class='ocr_carea' id='block_1_18' title="bbox 2898 390 3161 462">
    <p class='ocr_par' dir='ltr' id='par_1_18' title="bbox 2898 390 3161 462">
     <span class='ocr_line' id='line_1_18' title="bbox 2898 390 3161 462; baseline -0.011 -17"><span class='ocrx_word' id='word_1_116' title='bbox 2898 390 3161 462; x_wconf 81' lang='lat' dir='ltr'>Hymnus</span> 
     </span>
    </p>
   </div>
   <div class='ocr_carea' id='block_1_19' title="bbox 2260 473 3627 548">
    <p class='ocr_par' dir='ltr' id='par_1_19' title="bbox 2260 473 3627 548">
     <span class='ocr_line' id='line_1_19' title="bbox 2260 473 3627 548; baseline -0.006 -12"><span class='ocrx_word' id='word_1_117' title='bbox 2260 483 2370 538; x_wconf 93' lang='lat' dir='ltr'>Iste</span> <span class='ocrx_word' id='word_1_118' title='bbox 2395 482 2613 540; x_wconf 91' lang='lat' dir='ltr'>electus</span> <span class='ocrx_word' id='word_1_119' title='bbox 2637 482 2936 538; x_wconf 91' lang='lat' dir='ltr'>Johannes</span> <span class='ocrx_word' id='word_1_120' title='bbox 2966 474 3251 548; x_wconf 83' lang='lat' dir='ltr'>diligendi</span> <span class='ocrx_word' id='word_1_121' title='bbox 3276 473 3627 547; x_wconf 83' lang='lat' dir='ltr'>promptior,</span> 
     </span>
    </p>
   </div>
   <div class='ocr_carea' id='block_1_20' title="bbox 2189 563 3579 643">
    <p class='ocr_par' dir='ltr' id='par_1_20' title="bbox 2189 563 3579 643">
     <span class='ocr_line' id='line_1_20' title="bbox 2189 563 3579 643; baseline -0.002 -18"><span class='ocrx_word' id='word_1_122' title='bbox 2189 570 2527 628; x_wconf 89' lang='lat' dir='ltr'>Advocatus</span> <span class='ocrx_word' id='word_1_123' title='bbox 2555 572 2619 627; x_wconf 91' lang='lat' dir='ltr'>in</span> <span class='ocrx_word' id='word_1_124' title='bbox 2647 584 2971 643; x_wconf 87' lang='lat' dir='ltr'>perennem</span> <span class='ocrx_word' id='word_1_125' title='bbox 3007 565 3272 623; x_wconf 85' lang='lat' dir='ltr'>veritatis</span> <span class='ocrx_word' id='word_1_126' title='bbox 3304 563 3579 633; x_wconf 80' lang='lat' dir='ltr'>gratiam.</span> 
     </span>
    </p>
   </div>
   <div class='ocr_carea' id='block_1_21' title="bbox 2189 650 3823 726">
    <p class='ocr_par' dir='ltr' id='par_1_21' title="bbox 2189 650 3823 726">
     <span class='ocr_line' id='line_1_21' title="bbox 2189 650 3823 726; baseline -0.007 -10"><span class='ocrx_word' id='word_1_127' title='bbox 2189 659 2499 717; x_wconf 85' lang='lat' dir='ltr'>Mercedem</span> <span class='ocrx_word' id='word_1_128' title='bbox 2514 675 2818 715; x_wconf 89' lang='lat' dir='ltr'>assumens</span> <span class='ocrx_word' id='word_1_129' title='bbox 2831 653 3375 726; x_wconf 87' lang='lat' dir='ltr'>honoris,quidquid</span> <span class='ocrx_word' id='word_1_130' title='bbox 3390 650 3823 716; x_wconf 89' lang='lat' dir='ltr'>ambit,obtinet.</span> 
     </span>
    </p>
   </div>
   <div class='ocr_carea' id='block_1_22' title="bbox 2260 738 3725 813">
    <p class='ocr_par' dir='ltr' id='par_1_22' title="bbox 2260 738 3725 813">
     <span class='ocr_line' id='line_1_22' title="bbox 2260 738 3725 813; baseline -0.005 -12"><span class='ocrx_word' id='word_1_131' title='bbox 2260 748 2461 803; x_wconf 88' lang='lat' dir='ltr'>Insula</span> <span class='ocrx_word' id='word_1_132' title='bbox 2481 747 2761 803; x_wconf 88' lang='lat' dir='ltr'>Pathmos</span> <span class='ocrx_word' id='word_1_133' title='bbox 2808 745 2992 801; x_wconf 91' lang='lat' dir='ltr'>teneri</span> <span class='ocrx_word' id='word_1_134' title='bbox 3023 744 3355 813; x_wconf 86' lang='lat' dir='ltr'>imperante</span> <span class='ocrx_word' id='word_1_135' title='bbox 3386 738 3682 811; x_wconf 88' lang='lat' dir='ltr'>promitur</span> <span class='ocrx_word' id='word_1_136' title='bbox 3712 755 3725 793; x_wconf 90' lang='lat'><strong>:</strong></span> 
     </span>
    </p>
   </div>
   <div class='ocr_carea' id='block_1_23' title="bbox 2190 830 3477 908">
    <p class='ocr_par' dir='ltr' id='par_1_23' title="bbox 2190 830 3477 908">
     <span class='ocr_line' id='line_1_23' title="bbox 2190 830 3477 908; baseline -0.006 -16"><span class='ocrx_word' id='word_1_137' title='bbox 2190 837 2485 908; x_wconf 86' lang='lat' dir='ltr'>Conspicit</span> <span class='ocrx_word' id='word_1_138' title='bbox 2513 836 2629 892; x_wconf 88' lang='lat' dir='ltr'>illic</span> <span class='ocrx_word' id='word_1_139' title='bbox 2648 836 2847 892; x_wconf 89' lang='lat' dir='ltr'>refusa</span> <span class='ocrx_word' id='word_1_140' title='bbox 2899 832 3128 888; x_wconf 83' lang='lat' dir='ltr'>ccelitus</span> <span class='ocrx_word' id='word_1_141' title='bbox 3175 830 3477 901; x_wconf 89' lang='lat' dir='ltr'>mysteria,</span> 
     </span>
    </p>
   </div>
   <div class='ocr_carea' id='block_1_24' title="bbox 2189 916 3723 996">
    <p class='ocr_par' dir='ltr' id='par_1_24' title="bbox 2189 916 3723 996">
     <span class='ocr_line' id='line_1_24' title="bbox 2189 916 3723 996; baseline -0.004 -18"><span class='ocrx_word' id='word_1_142' title='bbox 2189 923 2257 979; x_wconf 94' lang='lat' dir='ltr'>Et</span> <span class='ocrx_word' id='word_1_143' title='bbox 2279 925 2597 995; x_wconf 88' lang='lat' dir='ltr'>profunda,</span> <span class='ocrx_word' id='word_1_144' title='bbox 2630 940 2765 996; x_wconf 69' lang='lat' dir='ltr'>quae</span> <span class='ocrx_word' id='word_1_145' title='bbox 2796 921 3043 991; x_wconf 90' lang='lat' dir='ltr'>notavit,</span> <span class='ocrx_word' id='word_1_146' title='bbox 3065 925 3265 976; x_wconf 88' lang='lat' dir='ltr'>mente</span> <span class='ocrx_word' id='word_1_147' title='bbox 3282 922 3486 975; x_wconf 88' lang='lat' dir='ltr'>narrat</span> <span class='ocrx_word' id='word_1_148' title='bbox 3514 916 3723 973; x_wconf 89' lang='lat' dir='ltr'>ardua.</span> 
     </span>
    </p>
   </div>
   <div class='ocr_carea' id='block_1_25' title="bbox 2260 1005 3615 1083">
    <p class='ocr_par' dir='ltr' id='par_1_25' title="bbox 2260 1005 3615 1083">
     <span class='ocr_line' id='line_1_25' title="bbox 2260 1005 3615 1083; baseline -0.004 -18"><span class='ocrx_word' id='word_1_149' title='bbox 2260 1012 2483 1083; x_wconf 84' lang='lat' dir='ltr'>Accipit</span> <span class='ocrx_word' id='word_1_150' title='bbox 2506 1012 2608 1067; x_wconf 88' lang='lat' dir='ltr'>Dei</span> <span class='ocrx_word' id='word_1_151' title='bbox 2640 1015 2948 1067; x_wconf 89' lang='lat' dir='ltr'>Parentem</span> <span class='ocrx_word' id='word_1_152' title='bbox 2994 1010 3056 1065; x_wconf 90' lang='lat' dir='ltr'>in</span> <span class='ocrx_word' id='word_1_153' title='bbox 3088 1008 3213 1063; x_wconf 90' lang='lat' dir='ltr'>suis</span> <span class='ocrx_word' id='word_1_154' title='bbox 3250 1005 3615 1079; x_wconf 61' lang='lat' dir='ltr'>praecordiis,</span> 
     </span>
    </p>
   </div>
   <div class='ocr_carea' id='block_1_26' title="bbox 2192 1094 3527 1164">
    <p class='ocr_par' dir='ltr' id='par_1_26' title="bbox 2192 1094 3527 1164">
     <span class='ocr_line' id='line_1_26' title="bbox 2192 1094 3527 1164; baseline -0.001 -8"><span class='ocrx_word' id='word_1_155' title='bbox 2192 1102 2261 1156; x_wconf 91' lang='lat' dir='ltr'>Ut</span> <span class='ocrx_word' id='word_1_156' title='bbox 2290 1100 2557 1156; x_wconf 90' lang='lat' dir='ltr'>minister</span> <span class='ocrx_word' id='word_1_157' title='bbox 2579 1100 2844 1156; x_wconf 87' lang='lat' dir='ltr'>veritatis</span> <span class='ocrx_word' id='word_1_158' title='bbox 2876 1098 3251 1155; x_wconf 90' lang='lat' dir='ltr'>administret</span> <span class='ocrx_word' id='word_1_159' title='bbox 3273 1094 3527 1164; x_wconf 85' lang='lat' dir='ltr'>Virgini:</span> 
     </span>
    </p>
   </div>
   <div class='ocr_carea' id='block_1_27' title="bbox 2192 1181 3685 1258">
    <p class='ocr_par' dir='ltr' id='par_1_27' title="bbox 2192 1181 3685 1258">
     <span class='ocr_line' id='line_1_27' title="bbox 2192 1181 3685 1258; baseline -0.005 -15"><span class='ocrx_word' id='word_1_160' title='bbox 2192 1190 2333 1255; x_wconf 82' lang='lat' dir='ltr'>Quae</span> <span class='ocrx_word' id='word_1_161' title='bbox 2358 1189 2547 1244; x_wconf 92' lang='lat' dir='ltr'>Deum</span> <span class='ocrx_word' id='word_1_162' title='bbox 2572 1188 2766 1255; x_wconf 84' lang='lat' dir='ltr'>enixa,</span> <span class='ocrx_word' id='word_1_163' title='bbox 2801 1187 2931 1243; x_wconf 91' lang='lat' dir='ltr'>sola</span> <span class='ocrx_word' id='word_1_164' title='bbox 2951 1186 3114 1258; x_wconf 88' lang='lat' dir='ltr'>virgo</span> <span class='ocrx_word' id='word_1_165' title='bbox 3173 1199 3410 1257; x_wconf 88' lang='lat' dir='ltr'>semper</span> <span class='ocrx_word' id='word_1_166' title='bbox 3440 1181 3685 1239; x_wconf 89' lang='lat' dir='ltr'>adstitit.</span> 
     </span>
    </p>
   </div>
   <div class='ocr_carea' id='block_1_28' title="bbox 2262 1269 3663 1348">
    <p class='ocr_par' dir='ltr' id='par_1_28' title="bbox 2262 1269 3663 1348">
     <span class='ocr_line' id='line_1_28' title="bbox 2262 1269 3663 1348; baseline -0.004 -17"><span class='ocrx_word' id='word_1_167' title='bbox 2262 1279 2370 1332; x_wconf 91' lang='lat' dir='ltr'>lste</span> <span class='ocrx_word' id='word_1_168' title='bbox 2396 1291 2581 1348; x_wconf 90' lang='lat' dir='ltr'>supra</span> <span class='ocrx_word' id='word_1_169' title='bbox 2606 1281 2814 1348; x_wconf 90' lang='lat' dir='ltr'>pectus</span> <span class='ocrx_word' id='word_1_170' title='bbox 2840 1274 2985 1331; x_wconf 92' lang='lat' dir='ltr'>illud</span> <span class='ocrx_word' id='word_1_171' title='bbox 3015 1272 3365 1346; x_wconf 86' lang='lat' dir='ltr'>sempiterni</span> <span class='ocrx_word' id='word_1_172' title='bbox 3394 1269 3663 1327; x_wconf 88' lang='lat' dir='ltr'>Numinis</span> 
     </span>
    </p>
   </div>
   <div class='ocr_carea' id='block_1_29' title="bbox 2192 1360 3489 1437">
    <p class='ocr_par' dir='ltr' id='par_1_29' title="bbox 2192 1360 3489 1437">
     <span class='ocr_line' id='line_1_29' title="bbox 2192 1360 3489 1437; baseline -0.005 -16"><span class='ocrx_word' id='word_1_173' title='bbox 2192 1365 2464 1437; x_wconf 90' lang='lat' dir='ltr'>Corporis</span> <span class='ocrx_word' id='word_1_174' title='bbox 2486 1380 2598 1420; x_wconf 92' lang='lat' dir='ltr'>usu</span> <span class='ocrx_word' id='word_1_175' title='bbox 2623 1364 2878 1431; x_wconf 90' lang='lat' dir='ltr'>reclinis,</span> <span class='ocrx_word' id='word_1_176' title='bbox 2910 1362 3223 1421; x_wconf 84' lang='lat' dir='ltr'>hauriebat</span> <span class='ocrx_word' id='word_1_177' title='bbox 3240 1360 3489 1423; x_wconf 89' lang='lat' dir='ltr'>intima;</span> 
     </span>
    </p>
   </div>
   <div class='ocr_carea' id='block_1_30' title="bbox 2193 1450 3432 1526">
    <p class='ocr_par' dir='ltr' id='par_1_30' title="bbox 2193 1450 3432 1526">
     <span class='ocr_line' id='line_1_30' title="bbox 2193 1450 3432 1526; baseline -0.006 -17"><span class='ocrx_word' id='word_1_178' title='bbox 2193 1453 2528 1526; x_wconf 90' lang='lat' dir='ltr'>Spirituque</span> <span class='ocrx_word' id='word_1_179' title='bbox 2556 1453 2862 1511; x_wconf 85' lang='lat' dir='ltr'>indicabat</span> <span class='ocrx_word' id='word_1_180' title='bbox 2926 1451 3188 1508; x_wconf 90' lang='lat' dir='ltr'>veritatis</span> <span class='ocrx_word' id='word_1_181' title='bbox 3219 1450 3432 1520; x_wconf 90' lang='lat' dir='ltr'>gratia.</span> 
     </span>
    </p>
   </div>
   <div class='ocr_carea' id='block_1_31' title="bbox 2260 1534 3816 1612">
    <p class='ocr_par' dir='ltr' id='par_1_31' title="bbox 2260 1534 3816 1612">
     <span class='ocr_line' id='line_1_31' title="bbox 2260 1534 3816 1612; baseline -0.006 -15"><span class='ocrx_word' id='word_1_182' title='bbox 2260 1542 2347 1597; x_wconf 85' lang='lat' dir='ltr'>Ad</span> <span class='ocrx_word' id='word_1_183' title='bbox 2359 1558 2596 1598; x_wconf 91' lang='lat' dir='ltr'>crucem</span> <span class='ocrx_word' id='word_1_184' title='bbox 2609 1547 2828 1598; x_wconf 89' lang='lat' dir='ltr'>tractus</span> <span class='ocrx_word' id='word_1_185' title='bbox 2841 1541 3353 1612; x_wconf 79' lang='lat' dir='ltr'>Redemptor,esse</span> <span class='ocrx_word' id='word_1_186' title='bbox 3390 1535 3599 1592; x_wconf 90' lang='lat' dir='ltr'>matris</span> <span class='ocrx_word' id='word_1_187' title='bbox 3611 1534 3816 1590; x_wconf 87' lang='lat' dir='ltr'>ﬁlium.</span> 
     </span>
    </p>
   </div>
   <div class='ocr_carea' id='block_1_32' title="bbox 2191 1622 3823 1700">
    <p class='ocr_par' dir='ltr' id='par_1_32' title="bbox 2191 1622 3823 1700">
     <span class='ocr_line' id='line_1_32' title="bbox 2191 1622 3823 1700; baseline -0.005 -16"><span class='ocrx_word' id='word_1_188' title='bbox 2191 1630 2339 1685; x_wconf 92' lang='lat' dir='ltr'>Dicit</span> <span class='ocrx_word' id='word_1_189' title='bbox 2366 1629 2812 1698; x_wconf 89' lang='lat' dir='ltr'>istnm;rursus</span> <span class='ocrx_word' id='word_1_190' title='bbox 2837 1629 3028 1700; x_wconf 86' lang='lat' dir='ltr'>ipsam</span> <span class='ocrx_word' id='word_1_191' title='bbox 3059 1643 3187 1683; x_wconf 91' lang='lat' dir='ltr'>esse</span> <span class='ocrx_word' id='word_1_192' title='bbox 3235 1630 3491 1682; x_wconf 86' lang='lat' dir='ltr'>matrem</span> <span class='ocrx_word' id='word_1_193' title='bbox 3544 1622 3823 1695; x_wconf 59' lang='lat' dir='ltr'>praecipit.</span> 
     </span>
    </p>
   </div>
   <div class='ocr_carea' id='block_1_33' title="bbox 447 1711 3651 1791">
    <p class='ocr_par' dir='ltr' id='par_1_33' title="bbox 447 1711 3651 1791">
     <span class='ocr_line' id='line_1_33' title="bbox 447 1711 3651 1791; baseline -0.001 -22"><span class='ocrx_word' id='word_1_194' title='bbox 447 1717 510 1769; x_wconf 90' lang='lat' dir='ltr'>to</span> <span class='ocrx_word' id='word_1_195' title='bbox 537 1712 720 1782; x_wconf 90' lang='lat' dir='ltr'>illius,</span> <span class='ocrx_word' id='word_1_196' title='bbox 764 1718 821 1770; x_wconf 92' lang='lat' dir='ltr'>et</span> <span class='ocrx_word' id='word_1_197' title='bbox 869 1721 1175 1785; x_wconf 90' lang='lat' dir='ltr'>respectus</span> <span class='ocrx_word' id='word_1_198' title='bbox 1203 1718 1265 1773; x_wconf 92' lang='lat' dir='ltr'>in</span> <span class='ocrx_word' id='word_1_199' title='bbox 1312 1718 1496 1775; x_wconf 91' lang='lat' dir='ltr'>electo</span> <span class='ocrx_word' id='word_1_200' title='bbox 1537 1719 1747 1791; x_wconf 92' lang='lat' dir='ltr'>ipsius.</span> <span class='ocrx_word' id='word_1_201' title='bbox 1777 1730 1839 1789; x_wconf 53' lang='lat' dir='ltr'>Br.</span> <span class='ocrx_word' id='word_1_202' title='bbox 1873 1722 2079 1772; x_wconf 86' lang='lat' dir='ltr'>Amen.</span> <span class='ocrx_word' id='word_1_203' title='bbox 2119 1732 2162 1786; x_wconf 81' lang='grc' dir='ltr'>Β</span> <span class='ocrx_word' id='word_1_204' title='bbox 2192 1719 2377 1772; x_wconf 90' lang='lat' dir='ltr'>Carne</span> <span class='ocrx_word' id='word_1_205' title='bbox 2392 1734 2564 1785; x_wconf 90' lang='lat' dir='ltr'>unus,</span> <span class='ocrx_word' id='word_1_206' title='bbox 2593 1717 2827 1789; x_wconf 89' lang='lat' dir='ltr'>spiritus</span> <span class='ocrx_word' id='word_1_207' title='bbox 2849 1716 3014 1787; x_wconf 86' lang='lat' dir='ltr'>alter,</span> <span class='ocrx_word' id='word_1_208' title='bbox 3049 1720 3115 1771; x_wconf 89' lang='lat' dir='ltr'>ut</span> <span class='ocrx_word' id='word_1_209' title='bbox 3158 1717 3471 1770; x_wconf 90' lang='lat' dir='ltr'>manerent</span> <span class='ocrx_word' id='word_1_210' title='bbox 3526 1711 3651 1766; x_wconf 85' lang='lat' dir='ltr'>ﬁlii.</span> 
     </span>
    </p>
   </div>
   <div class='ocr_carea' id='block_1_34' title="bbox 518 1801 2082 1877">
    <p class='ocr_par' dir='ltr' id='par_1_34' title="bbox 518 1801 2082 1877">
     <span class='ocr_line' id='line_1_34' title="bbox 518 1801 2082 1877; baseline 0.002 -22"><span class='ocrx_word' id='word_1_211' title='bbox 518 1802 800 1870; x_wconf 83' lang='lat' dir='ltr'>Hymnus.</span> <span class='ocrx_word' id='word_1_212' title='bbox 835 1801 1100 1859; x_wconf 90' lang='lat' dir='ltr'>Christus</span> <span class='ocrx_word' id='word_1_213' title='bbox 1128 1810 1216 1862; x_wconf 90' lang='lat' dir='ltr'>est</span> <span class='ocrx_word' id='word_1_214' title='bbox 1245 1806 1382 1863; x_wconf 89' lang='lat' dir='ltr'>vita.</span> <span class='ocrx_word' id='word_1_215' title='bbox 1419 1808 1807 1877; x_wconf 82' lang='lat' dir='ltr'>Supplicatio.</span> <span class='ocrx_word' id='word_1_216' title='bbox 1842 1808 2082 1861; x_wconf 89' lang='lat' dir='ltr'>Oremus</span> 
     </span>
    </p>
   </div>
   <div class='ocr_carea' id='block_1_35' title="bbox 451 1890 1762 1965">
    <p class='ocr_par' dir='ltr' id='par_1_35' title="bbox 451 1890 1762 1965">
     <span class='ocr_line' id='line_1_35' title="bbox 451 1890 1762 1965; baseline 0.007 -20"><span class='ocrx_word' id='word_1_217' title='bbox 451 1890 553 1947; x_wconf 92' lang='lat' dir='ltr'>Dei</span> <span class='ocrx_word' id='word_1_218' title='bbox 576 1891 758 1947; x_wconf 89' lang='lat' dir='ltr'>Patris</span> <span class='ocrx_word' id='word_1_219' title='bbox 800 1893 1251 1965; x_wconf 87' lang='lat' dir='ltr'>Omnipotentis.</span> <span class='ocrx_word' id='word_1_220' title='bbox 1299 1895 1505 1962; x_wconf 56' lang='lat' dir='ltr'>Quare</span> <span class='ocrx_word' id='word_1_221' title='bbox 1527 1897 1639 1965; x_wconf 83' lang='lat' dir='ltr'>fol.</span> <span class='ocrx_word' id='word_1_222' title='bbox 1675 1901 1762 1954; x_wconf 79' lang='lat'>52.</span> 
     </span>
    </p>
   </div>
   <div class='ocr_carea' id='block_1_36' title="bbox 522 1978 2085 2056">
    <p class='ocr_par' dir='ltr' id='par_1_36' title="bbox 522 1978 2085 2056">
     <span class='ocr_line' id='line_1_36' title="bbox 522 1978 2085 2056; baseline 0.003 -22"><span class='ocrx_word' id='word_1_223' title='bbox 522 1978 819 2047; x_wconf 79' lang='lat' dir='ltr'>Capitula.</span> <span class='ocrx_word' id='word_1_224' title='bbox 838 1981 1184 2039; x_wconf 89' lang='lat' dir='ltr'>Beatissime</span> <span class='ocrx_word' id='word_1_225' title='bbox 1212 1984 1507 2056; x_wconf 89' lang='lat' dir='ltr'>Stephane</span> <span class='ocrx_word' id='word_1_226' title='bbox 1532 1986 1955 2056; x_wconf 88' lang='lat' dir='ltr'>Protomartyr,</span> <span class='ocrx_word' id='word_1_227' title='bbox 1984 1998 2085 2039; x_wconf 88' lang='lat' dir='ltr'>vo-</span> 
     </span>
    </p>
   </div>
   <div class='ocr_carea' id='block_1_37' title="bbox 451 2066 2089 2144">
    <p class='ocr_par' dir='ltr' id='par_1_37' title="bbox 451 2066 2089 2144">
     <span class='ocr_line' id='line_1_37' title="bbox 451 2066 2089 2144; baseline 0.002 -24"><span class='ocrx_word' id='word_1_228' title='bbox 451 2066 681 2121; x_wconf 88' lang='lat' dir='ltr'>cabitur</span> <span class='ocrx_word' id='word_1_229' title='bbox 701 2067 804 2123; x_wconf 89' lang='lat' dir='ltr'>tibi</span> <span class='ocrx_word' id='word_1_230' title='bbox 825 2083 1044 2125; x_wconf 90' lang='lat' dir='ltr'>nomen</span> <span class='ocrx_word' id='word_1_231' title='bbox 1070 2086 1318 2139; x_wconf 90' lang='lat' dir='ltr'>novum,</span> <span class='ocrx_word' id='word_1_232' title='bbox 1355 2073 1518 2144; x_wconf 91' lang='lat' dir='ltr'>quod</span> <span class='ocrx_word' id='word_1_233' title='bbox 1538 2089 1608 2129; x_wconf 91' lang='lat' dir='ltr'>os</span> <span class='ocrx_word' id='word_1_234' title='bbox 1640 2072 1875 2128; x_wconf 91' lang='lat' dir='ltr'>Domini</span> <span class='ocrx_word' id='word_1_235' title='bbox 1899 2070 2089 2127; x_wconf 87' lang='lat' dir='ltr'>nomi-</span> 
     </span>
    </p>
   </div>
   <div class='ocr_carea' id='block_1_38' title="bbox 449 2154 2087 2231">
    <p class='ocr_par' dir='ltr' id='par_1_38' title="bbox 449 2154 2087 2231">
     <span class='ocr_line' id='line_1_38' title="bbox 449 2154 2087 2231; baseline 0.003 -23"><span class='ocrx_word' id='word_1_236' title='bbox 449 2154 617 2209; x_wconf 89' lang='lat' dir='ltr'>navit</span> <span class='ocrx_word' id='word_1_237' title='bbox 643 2173 655 2210; x_wconf 88' lang='lat'>:</span> <span class='ocrx_word' id='word_1_238' title='bbox 678 2155 861 2226; x_wconf 87' lang='lat' dir='ltr'>utqui</span> <span class='ocrx_word' id='word_1_239' title='bbox 895 2162 1150 2215; x_wconf 92' lang='lat' dir='ltr'>mortem</span> <span class='ocrx_word' id='word_1_240' title='bbox 1179 2175 1288 2231; x_wconf 90' lang='lat' dir='ltr'>pro</span> <span class='ocrx_word' id='word_1_241' title='bbox 1314 2160 1415 2216; x_wconf 90' lang='lat' dir='ltr'>illo</span> <span class='ocrx_word' id='word_1_242' title='bbox 1468 2177 1752 2226; x_wconf 90' lang='lat' dir='ltr'>sumeres,</span> <span class='ocrx_word' id='word_1_243' title='bbox 1800 2174 2087 2216; x_wconf 91' lang='lat' dir='ltr'>coronam</span> 
     </span>
    </p>
   </div>
   <div class='ocr_carea' id='block_1_39' title="bbox 450 2242 2087 2322">
    <p class='ocr_par' dir='ltr' id='par_1_39' title="bbox 450 2242 2087 2322">
     <span class='ocr_line' id='line_1_39' title="bbox 450 2242 2087 2322; baseline 0.004 -26"><span class='ocrx_word' id='word_1_244' title='bbox 450 2257 559 2314; x_wconf 91' lang='lat' dir='ltr'>per</span> <span class='ocrx_word' id='word_1_245' title='bbox 584 2242 751 2299; x_wconf 93' lang='lat' dir='ltr'>illum</span> <span class='ocrx_word' id='word_1_246' title='bbox 767 2247 1074 2303; x_wconf 91' lang='lat' dir='ltr'>etnomine</span> <span class='ocrx_word' id='word_1_247' title='bbox 1091 2248 1366 2305; x_wconf 90' lang='lat' dir='ltr'>etvirtute</span> <span class='ocrx_word' id='word_1_248' title='bbox 1379 2251 1706 2322; x_wconf 91' lang='lat' dir='ltr'>susciperes</span> <span class='ocrx_word' id='word_1_249' title='bbox 1736 2268 1751 2304; x_wconf 89' lang='lat'><strong><em>:</em></strong></span> <span class='ocrx_word' id='word_1_250' title='bbox 1774 2249 2005 2304; x_wconf 89' lang='lat' dir='ltr'>Primus</span> <span class='ocrx_word' id='word_1_251' title='bbox 2026 2248 2087 2303; x_wconf 90' lang='lat' dir='ltr'>in</span> 
     </span>
    </p>
   </div>
   <div class='ocr_carea' id='block_1_40' title="bbox 450 2333 2085 2410">
    <p class='ocr_par' dir='ltr' id='par_1_40' title="bbox 450 2333 2085 2410">
     <span class='ocr_line' id='line_1_40' title="bbox 450 2333 2085 2410; baseline 0.003 -25"><span class='ocrx_word' id='word_1_252' title='bbox 450 2333 755 2404; x_wconf 85' lang='lat' dir='ltr'>martyrio,</span> <span class='ocrx_word' id='word_1_253' title='bbox 782 2334 1014 2406; x_wconf 90' lang='lat' dir='ltr'>primus</span> <span class='ocrx_word' id='word_1_254' title='bbox 1034 2336 1095 2391; x_wconf 91' lang='lat' dir='ltr'>in</span> <span class='ocrx_word' id='word_1_255' title='bbox 1117 2339 1387 2409; x_wconf 57' lang='lat' dir='ltr'>praemio:</span> <span class='ocrx_word' id='word_1_256' title='bbox 1416 2339 1646 2410; x_wconf 91' lang='lat' dir='ltr'>primus</span> <span class='ocrx_word' id='word_1_257' title='bbox 1675 2338 1736 2393; x_wconf 90' lang='lat' dir='ltr'>in</span> <span class='ocrx_word' id='word_1_258' title='bbox 1748 2338 1884 2395; x_wconf 87' lang='lat' dir='ltr'>aula</span> <span class='ocrx_word' id='word_1_259' title='bbox 1908 2351 2085 2392; x_wconf 90' lang='lat' dir='ltr'>mun-</span> 
     </span>
    </p>
   </div>
   <div class='ocr_carea' id='block_1_41' title="bbox 451 2418 2088 2499">
    <p class='ocr_par' dir='ltr' id='par_1_41' title="bbox 451 2418 2088 2499">
     <span class='ocr_line' id='line_1_41' title="bbox 451 2418 2088 2499; baseline 0.004 -26"><span class='ocrx_word' id='word_1_260' title='bbox 451 2418 531 2483; x_wconf 90' lang='lat' dir='ltr'>di,</span> <span class='ocrx_word' id='word_1_261' title='bbox 565 2421 794 2491; x_wconf 92' lang='lat' dir='ltr'>primns</span> <span class='ocrx_word' id='word_1_262' title='bbox 822 2422 883 2477; x_wconf 92' lang='lat' dir='ltr'>in</span> <span class='ocrx_word' id='word_1_263' title='bbox 896 2423 1035 2480; x_wconf 90' lang='lat' dir='ltr'>aula</span> <span class='ocrx_word' id='word_1_264' title='bbox 1055 2425 1186 2481; x_wconf 65' lang='lat' dir='ltr'>caeli</span> <span class='ocrx_word' id='word_1_265' title='bbox 1219 2444 1231 2482; x_wconf 91' lang='lat'><strong>:</strong></span> <span class='ocrx_word' id='word_1_266' title='bbox 1263 2432 1327 2481; x_wconf 91' lang='lat' dir='ltr'>ut</span> <span class='ocrx_word' id='word_1_267' title='bbox 1351 2426 1447 2483; x_wconf 89' lang='lat' dir='ltr'>hic</span> <span class='ocrx_word' id='word_1_268' title='bbox 1473 2443 1581 2499; x_wconf 93' lang='lat' dir='ltr'>pro</span> <span class='ocrx_word' id='word_1_269' title='bbox 1605 2426 1837 2483; x_wconf 90' lang='lat' dir='ltr'>Christo</span> <span class='ocrx_word' id='word_1_270' title='bbox 1858 2424 2088 2496; x_wconf 89' lang='lat' dir='ltr'>lapida-</span> 
     </span>
    </p>
   </div>
   <div class='ocr_carea' id='block_1_42' title="bbox 450 2508 2087 2587">
    <p class='ocr_par' dir='ltr' id='par_1_42' title="bbox 450 2508 2087 2587">
     <span class='ocr_line' id='line_1_42' title="bbox 450 2508 2087 2587; baseline 0.003 -25"><span class='ocrx_word' id='word_1_271' title='bbox 450 2508 564 2573; x_wconf 87' lang='lat' dir='ltr'>tus,</span> <span class='ocrx_word' id='word_1_272' title='bbox 586 2508 699 2564; x_wconf 91' lang='lat' dir='ltr'>illic</span> <span class='ocrx_word' id='word_1_273' title='bbox 724 2509 801 2566; x_wconf 90' lang='lat' dir='ltr'>ab</span> <span class='ocrx_word' id='word_1_274' title='bbox 822 2513 955 2582; x_wconf 90' lang='lat' dir='ltr'>ipso</span> <span class='ocrx_word' id='word_1_275' title='bbox 973 2519 1310 2579; x_wconf 89' lang='lat' dir='ltr'>coronatus,</span> <span class='ocrx_word' id='word_1_276' title='bbox 1329 2517 1591 2581; x_wconf 86' lang='lat' dir='ltr'>exultes;</span> <span class='ocrx_word' id='word_1_277' title='bbox 1616 2520 1679 2571; x_wconf 91' lang='lat' dir='ltr'>ut</span> <span class='ocrx_word' id='word_1_278' title='bbox 1703 2531 1812 2587; x_wconf 91' lang='lat' dir='ltr'>pro</span> <span class='ocrx_word' id='word_1_279' title='bbox 1841 2530 1963 2586; x_wconf 90' lang='lat' dir='ltr'>quo</span> <span class='ocrx_word' id='word_1_280' title='bbox 1992 2514 2087 2568; x_wconf 93' lang='lat' dir='ltr'>hic</span> 
     </span>
    </p>
   </div>
   <div class='ocr_carea' id='block_1_43' title="bbox 450 2595 2087 2675">
    <p class='ocr_par' dir='ltr' id='par_1_43' title="bbox 450 2595 2087 2675">
     <span class='ocr_line' id='line_1_43' title="bbox 450 2595 2087 2675; baseline 0.004 -25"><span class='ocrx_word' id='word_1_281' title='bbox 450 2595 892 2654; x_wconf 89' lang='lat' dir='ltr'>crudelisimam</span> <span class='ocrx_word' id='word_1_282' title='bbox 908 2601 1233 2657; x_wconf 89' lang='lat' dir='ltr'>sustinuisti</span> <span class='ocrx_word' id='word_1_283' title='bbox 1252 2618 1514 2674; x_wconf 73' lang='lat' dir='ltr'>poenam,</span> <span class='ocrx_word' id='word_1_284' title='bbox 1529 2603 1645 2659; x_wconf 91' lang='lat' dir='ltr'>illic</span> <span class='ocrx_word' id='word_1_285' title='bbox 1657 2603 2087 2675; x_wconf 89' lang='lat' dir='ltr'>pretiossimam</span> 
     </span>
    </p>
   </div>
   <div class='ocr_carea' id='block_1_44' title="bbox 445 2682 2087 2762">
    <p class='ocr_par' dir='ltr' id='par_1_44' title="bbox 445 2682 2087 2762">
     <span class='ocr_line' id='line_1_44' title="bbox 445 2682 2087 2762; baseline 0.005 -27"><span class='ocrx_word' id='word_1_286' title='bbox 445 2682 775 2753; x_wconf 90' lang='lat' dir='ltr'>susciperes</span> <span class='ocrx_word' id='word_1_287' title='bbox 826 2701 1153 2744; x_wconf 85' lang='lat' dir='ltr'>coronam:</span> <span class='ocrx_word' id='word_1_288' title='bbox 1187 2704 1329 2760; x_wconf 92' lang='lat' dir='ltr'>ergo</span> <span class='ocrx_word' id='word_1_289' title='bbox 1378 2692 1483 2762; x_wconf 87' lang='lat' dir='ltr'>qui</span> <span class='ocrx_word' id='word_1_290' title='bbox 1527 2692 1765 2748; x_wconf 85' lang='lat' dir='ltr'>extitisti</span> <span class='ocrx_word' id='word_1_291' title='bbox 1815 2690 2087 2747; x_wconf 53' lang='lat' dir='ltr'>Ecclesia).</span> 
     </span>
    </p>
   </div>
   <div class='ocr_carea' id='block_1_45' title="bbox 440 2769 2090 2848">
    <p class='ocr_par' dir='ltr' id='par_1_45' title="bbox 440 2769 2090 2848">
     <span class='ocr_line' id='line_1_45' title="bbox 440 2769 2090 2848; baseline 0.007 -25"><span class='ocrx_word' id='word_1_292' title='bbox 440 2769 797 2840; x_wconf 91' lang='lat' dir='ltr'>primitivus,</span> <span class='ocrx_word' id='word_1_293' title='bbox 852 2789 1012 2829; x_wconf 92' lang='lat' dir='ltr'>nunc</span> <span class='ocrx_word' id='word_1_294' title='bbox 1059 2780 1184 2833; x_wconf 90' lang='lat' dir='ltr'>esto</span> <span class='ocrx_word' id='word_1_295' title='bbox 1217 2782 1505 2848; x_wconf 87' lang='lat' dir='ltr'>patronus</span> <span class='ocrx_word' id='word_1_296' title='bbox 1558 2780 1841 2836; x_wconf 90' lang='lat' dir='ltr'>assiduus</span> <span class='ocrx_word' id='word_1_297' title='bbox 1872 2797 1885 2835; x_wconf 90' lang='lat'><strong>:</strong></span> <span class='ocrx_word' id='word_1_298' title='bbox 1922 2784 1985 2835; x_wconf 90' lang='lat' dir='ltr'>ut</span> <span class='ocrx_word' id='word_1_299' title='bbox 2017 2778 2090 2834; x_wconf 90' lang='lat' dir='ltr'>sit</span> 
     </span>
    </p>
   </div>
   <div class='ocr_carea' id='block_1_46' title="bbox 439 2856 2087 2940">
    <p class='ocr_par' dir='ltr' id='par_1_46' title="bbox 439 2856 2087 2940">
     <span class='ocr_line' id='line_1_46' title="bbox 439 2856 2087 2940; baseline 0.007 -30"><span class='ocrx_word' id='word_1_300' title='bbox 439 2856 698 2913; x_wconf 90' lang='lat' dir='ltr'>Christus</span> <span class='ocrx_word' id='word_1_301' title='bbox 717 2860 912 2927; x_wconf 91' lang='lat' dir='ltr'>nobis,</span> <span class='ocrx_word' id='word_1_302' title='bbox 937 2870 989 2918; x_wconf 87' lang='lat' dir='ltr'>te</span> <span class='ocrx_word' id='word_1_303' title='bbox 1002 2868 1299 2934; x_wconf 89' lang='lat' dir='ltr'>precante,</span> <span class='ocrx_word' id='word_1_304' title='bbox 1319 2867 1633 2939; x_wconf 89' lang='lat' dir='ltr'>propitius,</span> <span class='ocrx_word' id='word_1_305' title='bbox 1661 2883 1772 2940; x_wconf 91' lang='lat' dir='ltr'>pro</span> <span class='ocrx_word' id='word_1_306' title='bbox 1790 2883 1905 2939; x_wconf 89' lang='lat' dir='ltr'>quo</span> <span class='ocrx_word' id='word_1_307' title='bbox 1932 2883 2087 2923; x_wconf 86' lang='lat' dir='ltr'>mar-</span> 
     </span>
    </p>
   </div>
   <div class='ocr_carea' id='block_1_47' title="bbox 438 2945 1152 3014">
    <p class='ocr_par' dir='ltr' id='par_1_47' title="bbox 438 2945 1152 3014">
     <span class='ocr_line' id='line_1_47' title="bbox 438 2945 1152 3014; baseline 0.008 -15"><span class='ocrx_word' id='word_1_308' title='bbox 438 2948 535 3014; x_wconf 86' lang='lat' dir='ltr'>tyr</span> <span class='ocrx_word' id='word_1_309' title='bbox 564 2945 798 3001; x_wconf 81' lang='lat' dir='ltr'>extitisti</span> <span class='ocrx_word' id='word_1_310' title='bbox 849 2950 1152 3005; x_wconf 86' lang='lat' dir='ltr'>miriﬁcus.</span> 
     </span>
    </p>
   </div>
   <div class='ocr_carea' id='block_1_48' title="bbox 510 3034 1505 3097">
    <p class='ocr_par' dir='ltr' id='par_1_48' title="bbox 510 3034 1505 3097">
     <span class='ocr_line' id='line_1_48' title="bbox 510 3034 1505 3097; baseline 0.01 -12"><span class='ocrx_word' id='word_1_311' title='bbox 510 3034 677 3087; x_wconf 89' lang='lat' dir='ltr'>Pater</span> <span class='ocrx_word' id='word_1_312' title='bbox 717 3038 936 3090; x_wconf 89' lang='lat' dir='ltr'>noster.</span> <span class='ocrx_word' id='word_1_313' title='bbox 995 3038 1247 3094; x_wconf 91' lang='lat' dir='ltr'>Liberati</span> <span class='ocrx_word' id='word_1_314' title='bbox 1270 3042 1505 3097; x_wconf 91' lang='lat' dir='ltr'>amalo.</span> 
     </span>
    </p>
   </div>
   <div class='ocr_carea' id='block_1_49' title="bbox 510 3118 1853 3196">
    <p class='ocr_par' dir='ltr' id='par_1_49' title="bbox 510 3118 1853 3196">
     <span class='ocr_line' id='line_1_49' title="bbox 510 3118 1853 3196; baseline 0.011 -25"><span class='ocrx_word' id='word_1_315' title='bbox 510 3118 739 3173; x_wconf 84' lang='lat' dir='ltr'>Lauda.</span> <span class='ocrx_word' id='word_1_316' title='bbox 762 3120 976 3177; x_wconf 88' lang='lat' dir='ltr'>Beatus</span> <span class='ocrx_word' id='word_1_317' title='bbox 1017 3123 1125 3187; x_wconf 87' lang='lat' dir='ltr'>vir,</span> <span class='ocrx_word' id='word_1_318' title='bbox 1157 3126 1261 3196; x_wconf 89' lang='lat' dir='ltr'>qui</span> <span class='ocrx_word' id='word_1_319' title='bbox 1290 3126 1455 3183; x_wconf 88' lang='lat' dir='ltr'>timet</span> <span class='ocrx_word' id='word_1_320' title='bbox 1504 3130 1853 3187; x_wconf 91' lang='lat' dir='ltr'>Dominum.</span> 
     </span>
    </p>
   </div>
   <div class='ocr_carea' id='block_1_50' title="bbox 510 3204 1928 3287">
    <p class='ocr_par' dir='ltr' id='par_1_50' title="bbox 510 3204 1928 3287">
     <span class='ocr_line' id='line_1_50' title="bbox 510 3204 1928 3287; baseline 0.01 -29"><span class='ocrx_word' id='word_1_321' title='bbox 510 3204 870 3264; x_wconf 73' lang='lat' dir='ltr'>Benedictio.</span> <span class='ocrx_word' id='word_1_322' title='bbox 899 3208 1187 3266; x_wconf 88' lang='lat' dir='ltr'>Dominus</span> <span class='ocrx_word' id='word_1_323' title='bbox 1209 3214 1380 3269; x_wconf 88' lang='lat' dir='ltr'>Jesns</span> <span class='ocrx_word' id='word_1_324' title='bbox 1401 3214 1653 3281; x_wconf 90' lang='lat' dir='ltr'>Chistus,</span> <span class='ocrx_word' id='word_1_325' title='bbox 1672 3217 1795 3287; x_wconf 85' lang='lat' dir='ltr'>qui,</span> <span class='ocrx_word' id='word_1_326' title='bbox 1820 3221 1928 3273; x_wconf 91' lang='lat' dir='ltr'>etc.</span> 
     </span>
    </p>
   </div>
   <div class='ocr_carea' id='block_1_51' title="bbox 514 3294 2087 3376">
    <p class='ocr_par' dir='ltr' id='par_1_51' title="bbox 514 3294 2087 3376">
     <span class='ocr_line' id='line_1_51' title="bbox 514 3294 2087 3376; baseline 0.009 -31"><span class='ocrx_word' id='word_1_327' title='bbox 514 3295 578 3346; x_wconf 88' lang='lat' dir='ltr'>In</span> <span class='ocrx_word' id='word_1_328' title='bbox 592 3294 833 3350; x_wconf 89' lang='lat' dir='ltr'>nomine</span> <span class='ocrx_word' id='word_1_329' title='bbox 859 3297 1287 3356; x_wconf 89' lang='lat' dir='ltr'>Domininostri</span> <span class='ocrx_word' id='word_1_330' title='bbox 1305 3303 1444 3357; x_wconf 89' lang='lat' dir='ltr'>Jesu</span> <span class='ocrx_word' id='word_1_331' title='bbox 1473 3303 1676 3360; x_wconf 90' lang='lat' dir='ltr'>Christi</span> <span class='ocrx_word' id='word_1_332' title='bbox 1709 3306 2087 3376; x_wconf 84' lang='lat' dir='ltr'>perﬁciamus</span> 
     </span>
    </p>
   </div>
   <div class='ocr_carea' id='block_1_52' title="bbox 444 3385 1792 3461">
    <p class='ocr_par' dir='ltr' id='par_1_52' title="bbox 444 3385 1792 3461">
     <span class='ocr_line' id='line_1_52' title="bbox 444 3385 1792 3461; baseline 0.01 -27"><span class='ocrx_word' id='word_1_333' title='bbox 444 3394 583 3435; x_wconf 91' lang='lat' dir='ltr'>cum</span> <span class='ocrx_word' id='word_1_334' title='bbox 613 3394 778 3451; x_wconf 89' lang='lat' dir='ltr'>pace.</span> <span class='ocrx_word' id='word_1_335' title='bbox 804 3394 865 3452; x_wconf 72' lang='grc' dir='ltr'>Βτ.</span> <span class='ocrx_word' id='word_1_336' title='bbox 898 3385 1014 3441; x_wconf 91' lang='lat' dir='ltr'>Deo</span> <span class='ocrx_word' id='word_1_337' title='bbox 1050 3388 1288 3455; x_wconf 87' lang='lat' dir='ltr'>gratias.</span> <span class='ocrx_word' id='word_1_338' title='bbox 1334 3390 1537 3455; x_wconf 53' lang='lat' dir='ltr'>Quare</span> <span class='ocrx_word' id='word_1_339' title='bbox 1560 3394 1675 3461; x_wconf 84' lang='lat' dir='ltr'>fol.</span> <span class='ocrx_word' id='word_1_340' title='bbox 1708 3398 1792 3448; x_wconf 83' lang='lat'>52.</span> 
     </span>
    </p>
   </div>
   <div class='ocr_carea' id='block_1_53' title="bbox 446 3503 2090 3574">
    <p class='ocr_par' dir='ltr' id='par_1_53' title="bbox 446 3503 2090 3574">
     <span class='ocr_line' id='line_1_53' title="bbox 446 3503 2090 3574; baseline 0.011 -20"><span class='ocrx_word' id='word_1_341' title='bbox 446 3503 514 3555; x_wconf 88' lang='grc' dir='ltr'>ΙΝ</span> <span class='ocrx_word' id='word_1_342' title='bbox 594 3503 810 3563; x_wconf 88' lang='lat' dir='ltr'>FESTO</span> <span class='ocrx_word' id='word_1_343' title='bbox 865 3509 1106 3565; x_wconf 85' lang='lat' dir='ltr'>SANCTI</span> <span class='ocrx_word' id='word_1_344' title='bbox 1178 3512 1513 3571; x_wconf 75' lang='lat' dir='ltr'>IOHANNIS</span> <span class='ocrx_word' id='word_1_345' title='bbox 1594 3516 1927 3574; x_wconf 87' lang='lat' dir='ltr'>APOSTOLI</span> <span class='ocrx_word' id='word_1_346' title='bbox 2008 3519 2090 3572; x_wconf 86' lang='lat' dir='ltr'>ET</span> 
     </span>
    </p>
   </div>
   <div class='ocr_carea' id='block_1_54' title="bbox 1007 3598 1497 3658">
    <p class='ocr_par' dir='ltr' id='par_1_54' title="bbox 1007 3598 1497 3658">
     <span class='ocr_line' id='line_1_54' title="bbox 1007 3598 1497 3658; baseline 0.014 -7"><span class='ocrx_word' id='word_1_347' title='bbox 1007 3598 1497 3658; x_wconf 60' lang='lat' dir='ltr'>EVANGELISTA‘]</span> 
     </span>
    </p>
   </div>
   <div class='ocr_carea' id='block_1_55' title="bbox 1106 3705 1532 3777">
    <p class='ocr_par' dir='ltr' id='par_1_55' title="bbox 1106 3705 1532 3777">
     <span class='ocr_line' id='line_1_55' title="bbox 1106 3705 1532 3777; baseline 0.012 -17"><span class='ocrx_word' id='word_1_348' title='bbox 1106 3706 1161 3761; x_wconf 91' lang='lat' dir='ltr'>A</span> <span class='ocrx_word' id='word_1_349' title='bbox 1174 3705 1208 3760; x_wconf 71' lang='grc' dir='ltr'><em>ά</em></span> <span class='ocrx_word' id='word_1_350' title='bbox 1262 3708 1532 3777; x_wconf 83' lang='lat' dir='ltr'>Vesperos</span> 
     </span>
    </p>
   </div>
   <div class='ocr_carea' id='block_1_56' title="bbox 517 3820 2086 3907">
    <p class='ocr_par' dir='ltr' id='par_1_56' title="bbox 517 3820 2086 3907">
     <span class='ocr_line' id='line_1_56' title="bbox 517 3820 2086 3907; baseline 0.011 -35"><span class='ocrx_word' id='word_1_351' title='bbox 517 3820 747 3907; x_wconf 85' lang='lat' dir='ltr'>Lauda.</span> <span class='ocrx_word' id='word_1_352' title='bbox 765 3821 1230 3896; x_wconf 87' lang='lat' dir='ltr'>Confessionem,</span> <span class='ocrx_word' id='word_1_353' title='bbox 1245 3830 1588 3889; x_wconf 89' lang='lat' dir='ltr'>etdecorem</span> <span class='ocrx_word' id='word_1_354' title='bbox 1602 3834 1861 3891; x_wconf 88' lang='lat' dir='ltr'>induisti.</span> <span class='ocrx_word' id='word_1_355' title='bbox 1888 3835 2002 3907; x_wconf 70' lang='grc'><strong>54</strong></span> <span class='ocrx_word' id='word_1_356' title='bbox 2025 3836 2086 3890; x_wconf 91' lang='grc' dir='ltr'>Ρ.</span> 
     </span>
    </p>
   </div>
   <div class='ocr_carea' id='block_1_57' title="bbox 445 3905 2089 3988">
    <p class='ocr_par' dir='ltr' id='par_1_57' title="bbox 445 3905 2089 3988">
     <span class='ocr_line' id='line_1_57' title="bbox 445 3905 2089 3988; baseline 0.013 -29"><span class='ocrx_word' id='word_1_357' title='bbox 445 3905 707 3962; x_wconf 85' lang='lat' dir='ltr'>Amictus</span> <span class='ocrx_word' id='word_1_358' title='bbox 730 3907 933 3965; x_wconf 91' lang='lat' dir='ltr'>lumen</span> <span class='ocrx_word' id='word_1_359' title='bbox 952 3911 1103 3969; x_wconf 91' lang='lat' dir='ltr'>sicut</span> <span class='ocrx_word' id='word_1_360' title='bbox 1123 3917 1561 3976; x_wconf 88' lang='lat' dir='ltr'>vestimentum.</span> <span class='ocrx_word' id='word_1_361' title='bbox 1587 3921 1647 3982; x_wconf 51' lang='grc' dir='ltr'>ἢν.</span> <span class='ocrx_word' id='word_1_362' title='bbox 1680 3905 2009 3988; x_wconf 79' lang='lat' dir='ltr'>Confessio,</span> <span class='ocrx_word' id='word_1_363' title='bbox 2032 3929 2089 3980; x_wconf 86' lang='lat' dir='ltr'>et</span> 
     </span>
    </p>
   </div>
   <div class='ocr_carea' id='block_1_58' title="bbox 448 3994 2087 4082">
    <p class='ocr_par' dir='ltr' id='par_1_58' title="bbox 448 3994 2087 4082">
     <span class='ocr_line' id='line_1_58' title="bbox 448 3994 2087 4082; baseline 0.015 -36"><span class='ocrx_word' id='word_1_364' title='bbox 448 3994 675 4082; x_wconf 87' lang='lat' dir='ltr'>species</span> <span class='ocrx_word' id='word_1_365' title='bbox 693 3996 755 4051; x_wconf 90' lang='lat' dir='ltr'>in</span> <span class='ocrx_word' id='word_1_366' title='bbox 781 4004 1103 4071; x_wconf 90' lang='lat' dir='ltr'>conspectu</span> <span class='ocrx_word' id='word_1_367' title='bbox 1125 4005 1253 4074; x_wconf 89' lang='lat' dir='ltr'>ejus</span> <span class='ocrx_word' id='word_1_368' title='bbox 1282 4022 1295 4059; x_wconf 91' lang='lat'><strong>:</strong></span> <span class='ocrx_word' id='word_1_369' title='bbox 1325 4010 1607 4066; x_wconf 89' lang='lat' dir='ltr'>sanctitas</span> <span class='ocrx_word' id='word_1_370' title='bbox 1621 4017 1675 4066; x_wconf 91' lang='lat' dir='ltr'>et</span> <span class='ocrx_word' id='word_1_371' title='bbox 1690 4012 2087 4082; x_wconf 87' lang='lat' dir='ltr'>magniﬁcen-</span> 
     </span>
    </p>
   </div>
   <div class='ocr_carea' id='block_1_59' title="bbox 443 4080 1790 4160">
    <p class='ocr_par' dir='ltr' id='par_1_59' title="bbox 443 4080 1790 4160">
     <span class='ocr_line' id='line_1_59' title="bbox 443 4080 1790 4160; baseline 0.015 -24"><span class='ocrx_word' id='word_1_372' title='bbox 443 4080 528 4137; x_wconf 88' lang='lat' dir='ltr'>tia</span> <span class='ocrx_word' id='word_1_373' title='bbox 557 4081 618 4137; x_wconf 92' lang='lat' dir='ltr'>in</span> <span class='ocrx_word' id='word_1_374' title='bbox 650 4086 957 4143; x_wconf 89' lang='lat' dir='ltr'>sanctitate</span> <span class='ocrx_word' id='word_1_375' title='bbox 982 4091 1130 4160; x_wconf 90' lang='lat' dir='ltr'>ejus.</span> <span class='ocrx_word' id='word_1_376' title='bbox 1161 4092 1217 4146; x_wconf 93' lang='lat' dir='ltr'>P.</span> <span class='ocrx_word' id='word_1_377' title='bbox 1248 4094 1512 4151; x_wconf 90' lang='lat' dir='ltr'>Amictus</span> <span class='ocrx_word' id='word_1_378' title='bbox 1568 4096 1790 4156; x_wconf 89' lang='lat' dir='ltr'>lumen.</span> 
     </span>
    </p>
   </div>
   <div class='ocr_carea' id='block_1_60' title="bbox 513 4169 2091 4251">
    <p class='ocr_par' dir='ltr' id='par_1_60' title="bbox 513 4169 2091 4251">
     <span class='ocr_line' id='line_1_60' title="bbox 513 4169 2091 4251; baseline 0.015 -26"><span class='ocrx_word' id='word_1_379' title='bbox 513 4169 683 4227; x_wconf 86' lang='lat' dir='ltr'>Sana.</span> <span class='ocrx_word' id='word_1_380' title='bbox 715 4173 1047 4234; x_wconf 90' lang='lat' dir='ltr'>Conﬁtebor</span> <span class='ocrx_word' id='word_1_381' title='bbox 1061 4178 1188 4251; x_wconf 91' lang='lat' dir='ltr'>tibi,</span> <span class='ocrx_word' id='word_1_382' title='bbox 1202 4181 1470 4249; x_wconf 90' lang='lat' dir='ltr'>Domine,</span> <span class='ocrx_word' id='word_1_383' title='bbox 1502 4186 1563 4242; x_wconf 90' lang='lat' dir='ltr'>in</span> <span class='ocrx_word' id='word_1_384' title='bbox 1593 4192 1716 4244; x_wconf 91' lang='lat' dir='ltr'>toto</span> <span class='ocrx_word' id='word_1_385' title='bbox 1735 4190 1914 4247; x_wconf 92' lang='lat' dir='ltr'>corde</span> <span class='ocrx_word' id='word_1_386' title='bbox 1954 4206 2091 4247; x_wconf 92' lang='lat' dir='ltr'>meo</span> 
     </span>
    </p>
   </div>
   <div class='ocr_carea' id='block_1_61' title="bbox 444 4258 2091 4345">
    <p class='ocr_par' dir='ltr' id='par_1_61' title="bbox 444 4258 2091 4345">
     <span class='ocr_line' id='line_1_61' title="bbox 444 4258 2091 4345; baseline 0.014 -35"><span class='ocrx_word' id='word_1_387' title='bbox 444 4258 706 4345; x_wconf 86' lang='lat' dir='ltr'>narrabo</span> <span class='ocrx_word' id='word_1_388' title='bbox 730 4260 1028 4321; x_wconf 83' lang='lat' dir='ltr'>mirabilia</span> <span class='ocrx_word' id='word_1_389' title='bbox 1066 4270 1187 4323; x_wconf 90' lang='lat' dir='ltr'>tua.</span> <span class='ocrx_word' id='word_1_390' title='bbox 1228 4268 1497 4329; x_wconf 84' lang='lat' dir='ltr'>Alleluia.</span> <span class='ocrx_word' id='word_1_391' title='bbox 1530 4274 1894 4345; x_wconf 82' lang='lat' dir='ltr'>Leetabor,et</span> <span class='ocrx_word' id='word_1_392' title='bbox 1928 4281 2091 4334; x_wconf 85' lang='lat' dir='ltr'>exul-</span> 
     </span>
    </p>
   </div>
   <div class='ocr_carea' id='block_1_62' title="bbox 448 4343 2089 4436">
    <p class='ocr_par' dir='ltr' id='par_1_62' title="bbox 448 4343 2089 4436">
     <span class='ocr_line' id='line_1_62' title="bbox 448 4343 2089 4436; baseline 0.014 -37"><span class='ocrx_word' id='word_1_393' title='bbox 448 4343 590 4436; x_wconf 78' lang='lat' dir='ltr'>tabo</span> <span class='ocrx_word' id='word_1_394' title='bbox 618 4346 679 4436; x_wconf 85' lang='lat' dir='ltr'>in</span> <span class='ocrx_word' id='word_1_395' title='bbox 706 4350 759 4403; x_wconf 90' lang='lat' dir='ltr'>te</span> <span class='ocrx_word' id='word_1_396' title='bbox 781 4350 1064 4409; x_wconf 91' lang='lat' dir='ltr'>Domine:</span> <span class='ocrx_word' id='word_1_397' title='bbox 1089 4355 1345 4426; x_wconf 90' lang='lat' dir='ltr'>psallam</span> <span class='ocrx_word' id='word_1_398' title='bbox 1380 4362 1609 4418; x_wconf 91' lang='lat' dir='ltr'>nomini</span> <span class='ocrx_word' id='word_1_399' title='bbox 1643 4343 2089 4436; x_wconf 85' lang='lat' dir='ltr'>tuo,Altissime.</span> 
     </span>
    </p>
   </div>
   <div class='ocr_carea' id='block_1_63' title="bbox 446 4431 713 4491">
    <p class='ocr_par' dir='ltr' id='par_1_63' title="bbox 446 4431 713 4491">
     <span class='ocr_line' id='line_1_63' title="bbox 446 4431 713 4491; baseline 0.015 -6"><span class='ocrx_word' id='word_1_400' title='bbox 446 4431 713 4491; x_wconf 86' lang='lat' dir='ltr'>Alleluia.</span> 
     </span>
    </p>
   </div>
   <div class='ocr_carea' id='block_1_64' title="bbox 517 4522 2084 4616">
    <p class='ocr_par' dir='ltr' id='par_1_64' title="bbox 517 4522 2084 4616">
     <span class='ocr_line' id='line_1_64' title="bbox 517 4522 2084 4616; baseline 0.016 -40"><span class='ocrx_word' id='word_1_401' title='bbox 517 4522 881 4616; x_wconf 46' lang='lat' dir='ltr'>Antiphoua.</span> <span class='ocrx_word' id='word_1_402' title='bbox 905 4528 995 4585; x_wconf 91' lang='lat' dir='ltr'>Sic</span> <span class='ocrx_word' id='word_1_403' title='bbox 1007 4544 1143 4588; x_wconf 90' lang='lat' dir='ltr'>eum</span> <span class='ocrx_word' id='word_1_404' title='bbox 1156 4534 1295 4591; x_wconf 92' lang='lat' dir='ltr'>volo</span> <span class='ocrx_word' id='word_1_405' title='bbox 1308 4551 1569 4607; x_wconf 89' lang='lat' dir='ltr'>manere,</span> <span class='ocrx_word' id='word_1_406' title='bbox 1584 4540 1775 4598; x_wconf 91' lang='lat' dir='ltr'>donec</span> <span class='ocrx_word' id='word_1_407' title='bbox 1822 4545 2084 4616; x_wconf 87' lang='lat' dir='ltr'>veniam,</span> 
     </span>
    </p>
   </div>
   <div class='ocr_carea' id='block_1_65' title="bbox 446 4608 2090 4704">
    <p class='ocr_par' dir='ltr' id='par_1_65' title="bbox 446 4608 2090 4704">
     <span class='ocr_line' id='line_1_65' title="bbox 446 4608 2090 4704; baseline 0.016 -39"><span class='ocrx_word' id='word_1_408' title='bbox 446 4608 608 4704; x_wconf 32' lang='lat' dir='ltr'>dixit.</span> <span class='ocrx_word' id='word_1_409' title='bbox 641 4612 949 4672; x_wconf 91' lang='lat' dir='ltr'>Dominus.</span> <span class='ocrx_word' id='word_1_410' title='bbox 1005 4621 1064 4674; x_wconf 93' lang='lat' dir='ltr'>P.</span> <span class='ocrx_word' id='word_1_411' title='bbox 1104 4622 1205 4678; x_wconf 87' lang='lat' dir='ltr'>Hic</span> <span class='ocrx_word' id='word_1_412' title='bbox 1260 4630 1348 4681; x_wconf 90' lang='lat' dir='ltr'>est</span> <span class='ocrx_word' id='word_1_413' title='bbox 1383 4627 1737 4703; x_wconf 88' lang='lat' dir='ltr'>Discipulus,</span> <span class='ocrx_word' id='word_1_414' title='bbox 1789 4633 1887 4704; x_wconf 87' lang='lat' dir='ltr'>qui</span> <span class='ocrx_word' id='word_1_415' title='bbox 1934 4608 2090 4691; x_wconf 67' lang='lat' dir='ltr'>testi-</span> 
     </span>
    </p>
   </div>
   <div class='ocr_carea' id='block_1_66' title="bbox 444 4698 2086 4794">
    <p class='ocr_par' dir='ltr' id='par_1_66' title="bbox 444 4698 2086 4794">
     <span class='ocr_line' id='line_1_66' title="bbox 444 4698 2086 4794; baseline 0.016 -42"><span class='ocrx_word' id='word_1_416' title='bbox 444 4698 721 4757; x_wconf 90' lang='lat' dir='ltr'>monium</span> <span class='ocrx_word' id='word_1_417' title='bbox 784 4706 1047 4794; x_wconf 88' lang='lat' dir='ltr'>perhibet</span> <span class='ocrx_word' id='word_1_418' title='bbox 1097 4710 1172 4767; x_wconf 91' lang='lat' dir='ltr'>de</span> <span class='ocrx_word' id='word_1_419' title='bbox 1204 4710 1316 4769; x_wconf 84' lang='lat' dir='ltr'>his.</span> <span class='ocrx_word' id='word_1_420' title='bbox 1350 4716 1414 4772; x_wconf 93' lang='lat' dir='ltr'>P.</span> <span class='ocrx_word' id='word_1_421' title='bbox 1445 4716 1511 4773; x_wconf 92' lang='lat' dir='ltr'>Et</span> <span class='ocrx_word' id='word_1_422' title='bbox 1543 4698 1765 4776; x_wconf 75' lang='lat' dir='ltr'>scimus</span> <span class='ocrx_word' id='word_1_423' title='bbox 1800 4698 1942 4794; x_wconf 79' lang='lat' dir='ltr'>quia</span> <span class='ocrx_word' id='word_1_424' title='bbox 1987 4739 2086 4779; x_wconf 88' lang='lat' dir='ltr'>ve-</span> 
     </span>
    </p>
   </div>
   <div class='ocr_carea' id='block_1_67' title="bbox 443 4792 2083 4871">
    <p class='ocr_par' dir='ltr' id='par_1_67' title="bbox 443 4792 2083 4871">
     <span class='ocr_line' id='line_1_67' title="bbox 443 4792 2083 4871; baseline 0.018 -32"><span class='ocrx_word' id='word_1_425' title='bbox 443 4800 577 4842; x_wconf 89' lang='lat' dir='ltr'>rum</span> <span class='ocrx_word' id='word_1_426' title='bbox 595 4794 680 4844; x_wconf 87' lang='lat' dir='ltr'>est</span> <span class='ocrx_word' id='word_1_427' title='bbox 705 4792 1110 4853; x_wconf 91' lang='lat' dir='ltr'>testimonium</span> <span class='ocrx_word' id='word_1_428' title='bbox 1127 4800 1279 4871; x_wconf 89' lang='lat' dir='ltr'>ejus.</span> <span class='ocrx_word' id='word_1_429' title='bbox 1298 4803 1353 4858; x_wconf 91' lang='lat' dir='ltr'>P.</span> <span class='ocrx_word' id='word_1_430' title='bbox 1380 4806 1583 4861; x_wconf 85' lang='lat' dir='ltr'>Manus</span> <span class='ocrx_word' id='word_1_431' title='bbox 1636 4809 1794 4865; x_wconf 90' lang='lat' dir='ltr'>enim</span> <span class='ocrx_word' id='word_1_432' title='bbox 1818 4792 1953 4868; x_wconf 78' lang='lat' dir='ltr'>mea</span> <span class='ocrx_word' id='word_1_433' title='bbox 1979 4828 2083 4869; x_wconf 89' lang='lat' dir='ltr'>an-</span> 
     </span>
    </p>
   </div>
   <div class='ocr_carea' id='block_1_68' title="bbox 443 4872 2081 4956">
    <p class='ocr_par' dir='ltr' id='par_1_68' title="bbox 443 4872 2081 4956">
     <span class='ocr_line' id='line_1_68' title="bbox 443 4872 2081 4956; baseline 0.018 -30"><span class='ocrx_word' id='word_1_434' title='bbox 443 4872 744 4934; x_wconf 83' lang='lat' dir='ltr'>xiliabitur</span> <span class='ocrx_word' id='word_1_435' title='bbox 764 4881 835 4947; x_wconf 93' lang='lat' dir='ltr'>ei,</span> <span class='ocrx_word' id='word_1_436' title='bbox 858 4887 913 4939; x_wconf 91' lang='lat' dir='ltr'>et</span> <span class='ocrx_word' id='word_1_437' title='bbox 940 4883 1254 4945; x_wconf 83' lang='lat' dir='ltr'>brachium</span> <span class='ocrx_word' id='word_1_438' title='bbox 1276 4907 1478 4947; x_wconf 90' lang='lat' dir='ltr'>meum</span> <span class='ocrx_word' id='word_1_439' title='bbox 1518 4895 1880 4954; x_wconf 88' lang='lat' dir='ltr'>confortabit</span> <span class='ocrx_word' id='word_1_440' title='bbox 1919 4914 2081 4956; x_wconf 91' lang='lat' dir='ltr'>eum.</span> 
     </span>
    </p>
   </div>
   <div class='ocr_carea' id='block_1_69' title="bbox 444 4959 1903 5042">
    <p class='ocr_par' dir='ltr' id='par_1_69' title="bbox 444 4959 1903 5042">
     <span class='ocr_line' id='line_1_69' title="bbox 444 4959 1903 5042; baseline 0.02 -29"><span class='ocrx_word' id='word_1_441' title='bbox 444 4959 505 5014; x_wconf 94' lang='lat' dir='ltr'>P.</span> <span class='ocrx_word' id='word_1_442' title='bbox 536 4962 634 5018; x_wconf 84' lang='lat' dir='ltr'>Hic</span> <span class='ocrx_word' id='word_1_443' title='bbox 661 4970 747 5022; x_wconf 91' lang='lat' dir='ltr'>est</span> <span class='ocrx_word' id='word_1_444' title='bbox 775 4968 1123 5042; x_wconf 91' lang='lat' dir='ltr'>Discipulus.</span> <span class='ocrx_word' id='word_1_445' title='bbox 1156 4975 1199 5037; x_wconf 60' lang='lat' dir='ltr'>ir</span> <span class='ocrx_word' id='word_1_446' title='bbox 1234 4978 1443 5037; x_wconf 88' lang='lat' dir='ltr'>Gloria.</span> <span class='ocrx_word' id='word_1_447' title='bbox 1477 4981 1534 5036; x_wconf 92' lang='lat' dir='ltr'>P.</span> <span class='ocrx_word' id='word_1_448' title='bbox 1566 4985 1631 5039; x_wconf 87' lang='lat' dir='ltr'>Et</span> <span class='ocrx_word' id='word_1_449' title='bbox 1662 4986 1903 5042; x_wconf 90' lang='lat' dir='ltr'>scimus.</span> 
     </span>
    </p>
   </div>
   <div class='ocr_carea' id='block_1_70' title="bbox 513 5050 2083 5147">
    <p class='ocr_par' dir='ltr' id='par_1_70' title="bbox 513 5050 2083 5147">
     <span class='ocr_line' id='line_1_70' title="bbox 513 5050 2083 5147; baseline 0.018 -44"><span class='ocrx_word' id='word_1_450' title='bbox 513 5050 737 5147; x_wconf 37' lang='lat' dir='ltr'>.Lauda:</span> <span class='ocrx_word' id='word_1_451' title='bbox 763 5056 1011 5147; x_wconf 61' lang='lat' dir='ltr'>Diligam</span> <span class='ocrx_word' id='word_1_452' title='bbox 1029 5077 1167 5120; x_wconf 92' lang='lat' dir='ltr'>eum</span> <span class='ocrx_word' id='word_1_453' title='bbox 1195 5080 1268 5122; x_wconf 82' lang='lat' dir='ltr'>ex</span> <span class='ocrx_word' id='word_1_454' title='bbox 1282 5071 1406 5124; x_wconf 91' lang='lat' dir='ltr'>toto</span> <span class='ocrx_word' id='word_1_455' title='bbox 1428 5070 1605 5126; x_wconf 91' lang='lat' dir='ltr'>corde</span> <span class='ocrx_word' id='word_1_456' title='bbox 1628 5088 1783 5138; x_wconf 90' lang='lat' dir='ltr'>meo,</span> <span class='ocrx_word' id='word_1_457' title='bbox 1808 5074 1946 5131; x_wconf 90' lang='lat' dir='ltr'>dicit</span> <span class='ocrx_word' id='word_1_458' title='bbox 1976 5078 2083 5131; x_wconf 93' lang='lat' dir='ltr'>Do-</span> 
     </span>
    </p>
   </div>
   <div class='ocr_carea' id='block_1_71' title="bbox 446 5141 2086 5229">
    <p class='ocr_par' dir='ltr' id='par_1_71' title="bbox 446 5141 2086 5229">
     <span class='ocr_line' id='line_1_71' title="bbox 446 5141 2086 5229; baseline 0.02 -39"><span class='ocrx_word' id='word_1_459' title='bbox 446 5141 670 5229; x_wconf 76' lang='lat' dir='ltr'>minus.</span> <span class='ocrx_word' id='word_1_460' title='bbox 702 5141 759 5196; x_wconf 90' lang='lat' dir='ltr'>P.</span> <span class='ocrx_word' id='word_1_461' title='bbox 794 5145 860 5201; x_wconf 90' lang='lat' dir='ltr'>Et</span> <span class='ocrx_word' id='word_1_462' title='bbox 879 5149 986 5205; x_wconf 89' lang='lat' dir='ltr'>erit</span> <span class='ocrx_word' id='word_1_463' title='bbox 1012 5150 1163 5208; x_wconf 88' lang='lat' dir='ltr'>sicut</span> <span class='ocrx_word' id='word_1_464' title='bbox 1192 5170 1289 5209; x_wconf 90' lang='lat' dir='ltr'>ros</span> <span class='ocrx_word' id='word_1_465' title='bbox 1321 5158 1516 5224; x_wconf 85' lang='lat' dir='ltr'>Israel,</span> <span class='ocrx_word' id='word_1_466' title='bbox 1554 5162 1914 5229; x_wconf 88' lang='lat' dir='ltr'>germinabit</span> <span class='ocrx_word' id='word_1_467' title='bbox 1933 5165 2086 5223; x_wconf 89' lang='lat' dir='ltr'>sicut</span> 
     </span>
    </p>
   </div>
   <div class='ocr_carea' id='block_1_72' title="bbox 442 5226 2083 5312">
    <p class='ocr_par' dir='ltr' id='par_1_72' title="bbox 442 5226 2083 5312">
     <span class='ocr_line' id='line_1_72' title="bbox 442 5226 2083 5312; baseline 0.018 -30"><span class='ocrx_word' id='word_1_468' title='bbox 442 5226 655 5295; x_wconf 89' lang='lat' dir='ltr'>lilium,</span> <span class='ocrx_word' id='word_1_469' title='bbox 688 5235 746 5288; x_wconf 90' lang='lat' dir='ltr'>et</span> <span class='ocrx_word' id='word_1_470' title='bbox 770 5232 1023 5294; x_wconf 87' lang='lat' dir='ltr'>ﬂorebit.</span> <span class='ocrx_word' id='word_1_471' title='bbox 1047 5239 1312 5300; x_wconf 89' lang='lat' dir='ltr'>Alleluia.</span> <span class='ocrx_word' id='word_1_472' title='bbox 1336 5226 1602 5307; x_wconf 75' lang='lat' dir='ltr'>Alleluia.</span> <span class='ocrx_word' id='word_1_473' title='bbox 1625 5249 1686 5312; x_wconf 52' lang='grc' dir='ltr'>ἢν.</span> <span class='ocrx_word' id='word_1_474' title='bbox 1713 5254 1778 5309; x_wconf 88' lang='lat' dir='ltr'>Et</span> <span class='ocrx_word' id='word_1_475' title='bbox 1797 5255 1905 5311; x_wconf 90' lang='lat' dir='ltr'>erit</span> <span class='ocrx_word' id='word_1_476' title='bbox 1934 5259 2083 5312; x_wconf 88' lang='lat' dir='ltr'>tam-</span> 
     </span>
    </p>
   </div>
   <div class='ocr_carea' id='block_1_73' title="bbox 443 5319 2086 5402">
    <p class='ocr_par' dir='ltr' id='par_1_73' title="bbox 443 5319 2086 5402">
     <span class='ocr_line' id='line_1_73' title="bbox 443 5319 2086 5402; baseline 0.019 -31"><span class='ocrx_word' id='word_1_477' title='bbox 443 5331 630 5387; x_wconf 88' lang='lat' dir='ltr'>quam</span> <span class='ocrx_word' id='word_1_478' title='bbox 648 5319 900 5393; x_wconf 90' lang='lat' dir='ltr'>lignum,</span> <span class='ocrx_word' id='word_1_479' title='bbox 932 5326 1097 5396; x_wconf 90' lang='lat' dir='ltr'>quod</span> <span class='ocrx_word' id='word_1_480' title='bbox 1126 5331 1623 5402; x_wconf 88' lang='lat' dir='ltr'>transplantatum</span> <span class='ocrx_word' id='word_1_481' title='bbox 1680 5346 1768 5397; x_wconf 90' lang='lat' dir='ltr'>est</span> <span class='ocrx_word' id='word_1_482' title='bbox 1788 5358 1961 5399; x_wconf 91' lang='lat' dir='ltr'>secus</span> <span class='ocrx_word' id='word_1_483' title='bbox 1986 5343 2086 5400; x_wconf 85' lang='lat' dir='ltr'>de-</span> 
     </span>
    </p>
   </div>
   <div class='ocr_carea' id='block_1_74' title="bbox 446 5415 2087 5488">
    <p class='ocr_par' dir='ltr' id='par_1_74' title="bbox 446 5415 2087 5488">
     <span class='ocr_line' id='line_1_74' title="bbox 446 5415 2087 5488; baseline 0.02 -29"><span class='ocrx_word' id='word_1_484' title='bbox 446 5418 655 5463; x_wconf 91' lang='lat' dir='ltr'>cursus</span> <span class='ocrx_word' id='word_1_485' title='bbox 669 5424 966 5481; x_wconf 89' lang='lat' dir='ltr'>aquarum</span> <span class='ocrx_word' id='word_1_486' title='bbox 986 5415 1152 5486; x_wconf 90' lang='lat' dir='ltr'>quod</span> <span class='ocrx_word' id='word_1_487' title='bbox 1171 5416 1429 5477; x_wconf 90' lang='lat' dir='ltr'>fructum</span> <span class='ocrx_word' id='word_1_488' title='bbox 1454 5439 1632 5482; x_wconf 89' lang='lat' dir='ltr'>suum</span> <span class='ocrx_word' id='word_1_489' title='bbox 1648 5427 1817 5487; x_wconf 88' lang='lat' dir='ltr'>dabit</span> <span class='ocrx_word' id='word_1_490' title='bbox 1841 5431 1904 5487; x_wconf 92' lang='lat' dir='ltr'>in</span> <span class='ocrx_word' id='word_1_491' title='bbox 1934 5436 2087 5488; x_wconf 83' lang='lat' dir='ltr'>tem-</span> 
     </span>
    </p>
   </div>
   <div class='ocr_carea' id='block_1_75' title="bbox 448 5498 1906 5577">
    <p class='ocr_par' dir='ltr' id='par_1_75' title="bbox 448 5498 1906 5577">
     <span class='ocr_line' id='line_1_75' title="bbox 448 5498 1906 5577; baseline 0.018 -31"><span class='ocrx_word' id='word_1_492' title='bbox 448 5505 591 5560; x_wconf 88' lang='lat' dir='ltr'>pore</span> <span class='ocrx_word' id='word_1_493' title='bbox 622 5512 753 5555; x_wconf 87' lang='lat' dir='ltr'>suo.</span> <span class='ocrx_word' id='word_1_494' title='bbox 784 5498 841 5553; x_wconf 91' lang='lat' dir='ltr'>P.</span> <span class='ocrx_word' id='word_1_495' title='bbox 877 5502 1079 5561; x_wconf 87' lang='lat' dir='ltr'>Eterit.</span> <span class='ocrx_word' id='word_1_496' title='bbox 1128 5504 1190 5566; x_wconf 57' lang='grc' dir='ltr'>ὴν.</span> <span class='ocrx_word' id='word_1_497' title='bbox 1210 5506 1424 5577; x_wconf 86' lang='lat' dir='ltr'>Gloria,</span> <span class='ocrx_word' id='word_1_498' title='bbox 1453 5516 1561 5570; x_wconf 89' lang='lat' dir='ltr'>etc.</span> <span class='ocrx_word' id='word_1_499' title='bbox 1594 5514 1653 5570; x_wconf 93' lang='lat' dir='ltr'>P.</span> <span class='ocrx_word' id='word_1_500' title='bbox 1687 5518 1752 5572; x_wconf 85' lang='lat' dir='ltr'>Et</span> <span class='ocrx_word' id='word_1_501' title='bbox 1780 5519 1906 5575; x_wconf 89' lang='lat' dir='ltr'>erit.</span> 
     </span>
    </p>
   </div>
   <div class='ocr_carea' id='block_1_76' title="bbox 2266 1799 3822 1877">
    <p class='ocr_par' dir='ltr' id='par_1_76' title="bbox 2266 1799 3822 1877">
     <span class='ocr_line' id='line_1_76' title="bbox 2266 1799 3822 1877; baseline -0.005 -17"><span class='ocrx_word' id='word_1_502' title='bbox 2266 1805 2491 1861; x_wconf 60' lang='lat' dir='ltr'>Ultima;</span> <span class='ocrx_word' id='word_1_503' title='bbox 2514 1811 2813 1877; x_wconf 65' lang='lat' dir='ltr'>praenotus</span> <span class='ocrx_word' id='word_1_504' title='bbox 2841 1805 3023 1869; x_wconf 83' lang='lat' dir='ltr'>horae,</span> <span class='ocrx_word' id='word_1_505' title='bbox 3058 1803 3326 1860; x_wconf 89' lang='lat' dir='ltr'>scindere</span> <span class='ocrx_word' id='word_1_506' title='bbox 3371 1807 3513 1857; x_wconf 91' lang='lat' dir='ltr'>tunc</span> <span class='ocrx_word' id='word_1_507' title='bbox 3543 1799 3822 1872; x_wconf 67' lang='lat' dir='ltr'>praecipit.</span> 
     </span>
    </p>
   </div>
   <div class='ocr_carea' id='block_1_77' title="bbox 2192 1890 3661 1965">
    <p class='ocr_par' dir='ltr' id='par_1_77' title="bbox 2192 1890 3661 1965">
     <span class='ocr_line' id='line_1_77' title="bbox 2192 1890 3661 1965; baseline -0.003 -17"><span class='ocrx_word' id='word_1_508' title='bbox 2192 1896 2429 1949; x_wconf 86' lang='lat' dir='ltr'>Terram</span> <span class='ocrx_word' id='word_1_509' title='bbox 2451 1893 2678 1950; x_wconf 85' lang='lat' dir='ltr'>fossam</span> <span class='ocrx_word' id='word_1_510' title='bbox 2703 1894 3010 1964; x_wconf 87' lang='lat' dir='ltr'>ministris,</span> <span class='ocrx_word' id='word_1_511' title='bbox 3043 1908 3167 1965; x_wconf 91' lang='lat' dir='ltr'>qua</span> <span class='ocrx_word' id='word_1_512' title='bbox 3196 1891 3434 1948; x_wconf 89' lang='lat' dir='ltr'>reclinis</span> <span class='ocrx_word' id='word_1_513' title='bbox 3460 1890 3661 1957; x_wconf 89' lang='lat' dir='ltr'>inruit,</span> 
     </span>
    </p>
   </div>
   <div class='ocr_carea' id='block_1_78' title="bbox 2196 1977 3592 2054">
    <p class='ocr_par' dir='ltr' id='par_1_78' title="bbox 2196 1977 3592 2054">
     <span class='ocr_line' id='line_1_78' title="bbox 2196 1977 3592 2054; baseline -0.004 -15"><span class='ocrx_word' id='word_1_514' title='bbox 2196 1982 2388 2039; x_wconf 83' lang='lat' dir='ltr'>Mortis</span> <span class='ocrx_word' id='word_1_515' title='bbox 2418 1986 2470 2038; x_wconf 91' lang='lat' dir='ltr'>et</span> <span class='ocrx_word' id='word_1_516' title='bbox 2488 1982 2616 2038; x_wconf 90' lang='lat' dir='ltr'>vice</span> <span class='ocrx_word' id='word_1_517' title='bbox 2640 1982 2864 2054; x_wconf 86' lang='lat' dir='ltr'>quievit</span> <span class='ocrx_word' id='word_1_518' title='bbox 2907 1997 3088 2037; x_wconf 90' lang='lat' dir='ltr'>omne</span> <span class='ocrx_word' id='word_1_519' title='bbox 3118 1981 3324 2037; x_wconf 89' lang='lat' dir='ltr'>vivens</span> <span class='ocrx_word' id='word_1_520' title='bbox 3352 1977 3592 2034; x_wconf 62' lang='lat' dir='ltr'>saeculo.</span> 
     </span>
    </p>
   </div>
   <div class='ocr_carea' id='block_1_79' title="bbox 2267 2064 3833 2142">
    <p class='ocr_par' dir='ltr' id='par_1_79' title="bbox 2267 2064 3833 2142">
     <span class='ocr_line' id='line_1_79' title="bbox 2267 2064 3833 2142; baseline -0.004 -17"><span class='ocrx_word' id='word_1_521' title='bbox 2267 2073 2340 2125; x_wconf 91' lang='lat' dir='ltr'>Te</span> <span class='ocrx_word' id='word_1_522' title='bbox 2360 2085 2670 2140; x_wconf 90' lang='lat' dir='ltr'>rogamus,</span> <span class='ocrx_word' id='word_1_523' title='bbox 2685 2075 2739 2127; x_wconf 90' lang='lat' dir='ltr'>te</span> <span class='ocrx_word' id='word_1_524' title='bbox 2752 2086 3088 2142; x_wconf 91' lang='lat' dir='ltr'>precamur,</span> <span class='ocrx_word' id='word_1_525' title='bbox 3104 2074 3307 2126; x_wconf 87' lang='lat' dir='ltr'>sancte</span> <span class='ocrx_word' id='word_1_526' title='bbox 3321 2067 3531 2123; x_wconf 91' lang='lat' dir='ltr'>Christi</span> <span class='ocrx_word' id='word_1_527' title='bbox 3543 2064 3833 2138; x_wconf 83' lang='lat' dir='ltr'>Apostole,</span> 
     </span>
    </p>
   </div>
   <div class='ocr_carea' id='block_1_80' title="bbox 2196 2152 3829 2229">
    <p class='ocr_par' dir='ltr' id='par_1_80' title="bbox 2196 2152 3829 2229">
     <span class='ocr_line' id='line_1_80' title="bbox 2196 2152 3829 2229; baseline -0.005 -15"><span class='ocrx_word' id='word_1_528' title='bbox 2196 2157 2350 2214; x_wconf 91' lang='lat' dir='ltr'>Tolle</span> <span class='ocrx_word' id='word_1_529' title='bbox 2372 2163 2619 2229; x_wconf 91' lang='lat' dir='ltr'>pestem,</span> <span class='ocrx_word' id='word_1_530' title='bbox 2668 2159 2835 2214; x_wconf 87' lang='lat' dir='ltr'>aufer</span> <span class='ocrx_word' id='word_1_531' title='bbox 2886 2158 3074 2222; x_wconf 91' lang='lat' dir='ltr'>ulcus,</span> <span class='ocrx_word' id='word_1_532' title='bbox 3108 2162 3163 2213; x_wconf 92' lang='lat' dir='ltr'>et</span> <span class='ocrx_word' id='word_1_533' title='bbox 3215 2156 3408 2212; x_wconf 88' lang='lat' dir='ltr'>foveto</span> <span class='ocrx_word' id='word_1_534' title='bbox 3466 2152 3829 2223; x_wconf 86' lang='lat' dir='ltr'>languidos:</span> 
     </span>
    </p>
   </div>
   <div class='ocr_carea' id='block_1_81' title="bbox 2196 2241 3834 2315">
    <p class='ocr_par' dir='ltr' id='par_1_81' title="bbox 2196 2241 3834 2315">
     <span class='ocr_line' id='line_1_81' title="bbox 2196 2241 3834 2315; baseline -0.002 -15"><span class='ocrx_word' id='word_1_535' title='bbox 2196 2245 2346 2301; x_wconf 87' lang='lat' dir='ltr'>Pelle</span> <span class='ocrx_word' id='word_1_536' title='bbox 2368 2245 2670 2315; x_wconf 89' lang='lat' dir='ltr'>morbum,</span> <span class='ocrx_word' id='word_1_537' title='bbox 2685 2246 2847 2302; x_wconf 68' lang='lat' dir='ltr'>caede</span> <span class='ocrx_word' id='word_1_538' title='bbox 2862 2245 3118 2311; x_wconf 90' lang='lat' dir='ltr'>hostem,</span> <span class='ocrx_word' id='word_1_539' title='bbox 3136 2250 3444 2301; x_wconf 90' lang='lat' dir='ltr'>etremove</span> <span class='ocrx_word' id='word_1_540' title='bbox 3467 2241 3834 2298; x_wconf 86' lang='lat' dir='ltr'>scandalum.</span> 
     </span>
    </p>
   </div>
   <div class='ocr_carea' id='block_1_82' title="bbox 2267 2329 3835 2403">
    <p class='ocr_par' dir='ltr' id='par_1_82' title="bbox 2267 2329 3835 2403">
     <span class='ocr_line' id='line_1_82' title="bbox 2267 2329 3835 2403; baseline -0.003 -14"><span class='ocrx_word' id='word_1_541' title='bbox 2267 2337 2394 2389; x_wconf 88' lang='lat' dir='ltr'>Non</span> <span class='ocrx_word' id='word_1_542' title='bbox 2422 2334 2638 2390; x_wconf 90' lang='lat' dir='ltr'>adurat</span> <span class='ocrx_word' id='word_1_543' title='bbox 2660 2338 2879 2390; x_wconf 87' lang='lat' dir='ltr'>terram</span> <span class='ocrx_word' id='word_1_544' title='bbox 2910 2334 3084 2403; x_wconf 90' lang='lat' dir='ltr'>ignis,</span> <span class='ocrx_word' id='word_1_545' title='bbox 3133 2348 3333 2388; x_wconf 90' lang='lat' dir='ltr'>aerem</span> <span class='ocrx_word' id='word_1_546' title='bbox 3398 2348 3521 2388; x_wconf 91' lang='lat' dir='ltr'>non</span> <span class='ocrx_word' id='word_1_547' title='bbox 3577 2329 3835 2394; x_wconf 88' lang='lat' dir='ltr'>sanciet;</span> 
     </span>
    </p>
   </div>
   <div class='ocr_carea' id='block_1_83' title="bbox 2196 2419 3685 2483">
    <p class='ocr_par' dir='ltr' id='par_1_83' title="bbox 2196 2419 3685 2483">
     <span class='ocr_line' id='line_1_83' title="bbox 2196 2419 3685 2483; baseline -0.003 -5"><span class='ocrx_word' id='word_1_548' title='bbox 2196 2424 2324 2478; x_wconf 87' lang='lat' dir='ltr'>Non</span> <span class='ocrx_word' id='word_1_549' title='bbox 2353 2422 2629 2478; x_wconf 87' lang='lat' dir='ltr'>refundat</span> <span class='ocrx_word' id='word_1_550' title='bbox 2675 2422 2880 2478; x_wconf 88' lang='lat' dir='ltr'>ultioni</span> <span class='ocrx_word' id='word_1_551' title='bbox 2912 2422 3071 2477; x_wconf 90' lang='lat' dir='ltr'>triste</span> <span class='ocrx_word' id='word_1_552' title='bbox 3128 2420 3346 2476; x_wconf 64' lang='lat' dir='ltr'>caelum</span> <span class='ocrx_word' id='word_1_553' title='bbox 3375 2419 3641 2476; x_wconf 89' lang='lat' dir='ltr'>turbines</span> <span class='ocrx_word' id='word_1_554' title='bbox 3672 2435 3685 2483; x_wconf 91' lang='lat'><strong>;</strong></span> 
     </span>
    </p>
   </div>
   <div class='ocr_carea' id='block_1_84' title="bbox 2196 2507 3618 2566">
    <p class='ocr_par' dir='ltr' id='par_1_84' title="bbox 2196 2507 3618 2566">
     <span class='ocr_line' id='line_1_84' title="bbox 2196 2507 3618 2566; baseline -0.001 -1"><span class='ocrx_word' id='word_1_555' title='bbox 2196 2513 2323 2565; x_wconf 90' lang='lat' dir='ltr'>Non</span> <span class='ocrx_word' id='word_1_556' title='bbox 2343 2509 2583 2566; x_wconf 88' lang='lat' dir='ltr'>reclinet</span> <span class='ocrx_word' id='word_1_557' title='bbox 2613 2510 2672 2565; x_wconf 89' lang='lat' dir='ltr'>in</span> <span class='ocrx_word' id='word_1_558' title='bbox 2702 2509 2942 2566; x_wconf 90' lang='lat' dir='ltr'>ruinam</span> <span class='ocrx_word' id='word_1_559' title='bbox 2961 2510 3174 2566; x_wconf 90' lang='lat' dir='ltr'>Orbem</span> <span class='ocrx_word' id='word_1_560' title='bbox 3204 2509 3293 2564; x_wconf 91' lang='lat' dir='ltr'>ira</span> <span class='ocrx_word' id='word_1_561' title='bbox 3325 2507 3618 2563; x_wconf 87' lang='lat' dir='ltr'>funditus.</span> 
     </span>
    </p>
   </div>
   <div class='ocr_carea' id='block_1_85' title="bbox 2267 2594 3727 2667">
    <p class='ocr_par' dir='ltr' id='par_1_85' title="bbox 2267 2594 3727 2667">
     <span class='ocr_line' id='line_1_85' title="bbox 2267 2594 3727 2667; baseline -0.001 -15"><span class='ocrx_word' id='word_1_562' title='bbox 2267 2597 2508 2654; x_wconf 89' lang='lat' dir='ltr'>Dedicat</span> <span class='ocrx_word' id='word_1_563' title='bbox 2533 2598 2815 2654; x_wconf 89' lang='lat' dir='ltr'>delictum</span> <span class='ocrx_word' id='word_1_564' title='bbox 2847 2613 3060 2665; x_wconf 90' lang='lat' dir='ltr'>omne;</span> <span class='ocrx_word' id='word_1_565' title='bbox 3096 2596 3491 2667; x_wconf 90' lang='lat' dir='ltr'>subsequatur</span> <span class='ocrx_word' id='word_1_566' title='bbox 3522 2594 3727 2665; x_wconf 87' lang='lat' dir='ltr'>gratia.</span> 
     </span>
    </p>
   </div>
   <div class='ocr_carea' id='block_1_86' title="bbox 2195 2684 3483 2757">
    <p class='ocr_par' dir='ltr' id='par_1_86' title="bbox 2195 2684 3483 2757">
     <span class='ocr_line' id='line_1_86' title="bbox 2195 2684 3483 2757; baseline 0 -18"><span class='ocrx_word' id='word_1_567' title='bbox 2195 2684 2507 2741; x_wconf 88' lang='lat' dir='ltr'>Auferatnr</span> <span class='ocrx_word' id='word_1_568' title='bbox 2538 2686 2715 2757; x_wconf 91' lang='lat' dir='ltr'>culpa</span> <span class='ocrx_word' id='word_1_569' title='bbox 2744 2690 2880 2751; x_wconf 88' lang='lat' dir='ltr'>tota,</span> <span class='ocrx_word' id='word_1_570' title='bbox 2925 2686 3000 2741; x_wconf 91' lang='lat' dir='ltr'>sit</span> <span class='ocrx_word' id='word_1_571' title='bbox 3030 2684 3234 2741; x_wconf 86' lang='lat' dir='ltr'>salutis</span> <span class='ocrx_word' id='word_1_572' title='bbox 3267 2684 3441 2756; x_wconf 92' lang='lat' dir='ltr'>copia</span> <span class='ocrx_word' id='word_1_573' title='bbox 3468 2700 3483 2750; x_wconf 87' lang='lat'><strong>;</strong></span> 
     </span>
    </p>
   </div>
   <div class='ocr_carea' id='block_1_87' title="bbox 2196 2772 3658 2845">
    <p class='ocr_par' dir='ltr' id='par_1_87' title="bbox 2196 2772 3658 2845">
     <span class='ocr_line' id='line_1_87' title="bbox 2196 2772 3658 2845; baseline -0.002 -16"><span class='ocrx_word' id='word_1_574' title='bbox 2196 2774 2277 2830; x_wconf 90' lang='lat' dir='ltr'>Sit</span> <span class='ocrx_word' id='word_1_575' title='bbox 2306 2774 2555 2831; x_wconf 87' lang='lat' dir='ltr'>remoda</span> <span class='ocrx_word' id='word_1_576' title='bbox 2584 2780 2801 2831; x_wconf 89' lang='lat' dir='ltr'>cuncta</span> <span class='ocrx_word' id='word_1_577' title='bbox 2827 2774 2954 2829; x_wconf 92' lang='lat' dir='ltr'>lues</span> <span class='ocrx_word' id='word_1_578' title='bbox 2975 2793 2992 2845; x_wconf 72' lang='lat'><strong>;</strong></span> <span class='ocrx_word' id='word_1_579' title='bbox 3035 2778 3327 2844; x_wconf 86' lang='lat' dir='ltr'>augeatur</span> <span class='ocrx_word' id='word_1_580' title='bbox 3378 2772 3658 2828; x_wconf 85' lang='lat' dir='ltr'>charitas.</span> 
     </span>
    </p>
   </div>
   <div class='ocr_carea' id='block_1_88' title="bbox 2268 2861 3477 2932">
    <p class='ocr_par' dir='ltr' id='par_1_88' title="bbox 2268 2861 3477 2932">
     <span class='ocr_line' id='line_1_88' title="bbox 2268 2861 3477 2932; baseline -0.005 -14"><span class='ocrx_word' id='word_1_581' title='bbox 2268 2861 2461 2918; x_wconf 89' lang='lat' dir='ltr'>Gloria</span> <span class='ocrx_word' id='word_1_582' title='bbox 2490 2862 2611 2919; x_wconf 90' lang='lat' dir='ltr'>Deo</span> <span class='ocrx_word' id='word_1_583' title='bbox 2641 2863 2793 2919; x_wconf 88' lang='lat' dir='ltr'>Patri</span> <span class='ocrx_word' id='word_1_584' title='bbox 2845 2863 2943 2932; x_wconf 90' lang='lat' dir='ltr'>sit,</span> <span class='ocrx_word' id='word_1_585' title='bbox 2984 2863 3171 2932; x_wconf 90' lang='lat' dir='ltr'>gloria</span> <span class='ocrx_word' id='word_1_586' title='bbox 3215 2862 3287 2918; x_wconf 90' lang='lat' dir='ltr'>sit</span> <span class='ocrx_word' id='word_1_587' title='bbox 3311 2861 3477 2917; x_wconf 90' lang='lat' dir='ltr'>Filio.</span> 
     </span>
    </p>
   </div>
   <div class='ocr_carea' id='block_1_89' title="bbox 2198 2949 3654 3024">
    <p class='ocr_par' dir='ltr' id='par_1_89' title="bbox 2198 2949 3654 3024">
     <span class='ocr_line' id='line_1_89' title="bbox 2198 2949 3654 3024; baseline -0.001 -18"><span class='ocrx_word' id='word_1_588' title='bbox 2198 2950 2280 3006; x_wconf 87' lang='lat' dir='ltr'>Sit</span> <span class='ocrx_word' id='word_1_589' title='bbox 2300 2950 2585 3007; x_wconf 88' lang='lat' dir='ltr'>Paraclito</span> <span class='ocrx_word' id='word_1_590' title='bbox 2616 2952 2883 3007; x_wconf 89' lang='lat' dir='ltr'>manenti</span> <span class='ocrx_word' id='word_1_591' title='bbox 2915 2967 3152 3024; x_wconf 85' lang='lat' dir='ltr'>semper</span> <span class='ocrx_word' id='word_1_592' title='bbox 3196 2950 3407 3020; x_wconf 90' lang='lat' dir='ltr'>ingens</span> <span class='ocrx_word' id='word_1_593' title='bbox 3434 2949 3654 3019; x_wconf 88' lang='lat' dir='ltr'>gloria;</span> 
     </span>
    </p>
   </div>
   <div class='ocr_carea' id='block_1_90' title="bbox 2127 3038 3728 3130">
    <p class='ocr_par' dir='ltr' id='par_1_90' title="bbox 2127 3038 3728 3130">
     <span class='ocr_line' id='line_1_90' title="bbox 2127 3038 3728 3130; baseline 0.001 -38"><span class='ocrx_word' id='word_1_594' title='bbox 2127 3078 2167 3130; x_wconf 68' lang='grc' dir='ltr'>Ο</span> <span class='ocrx_word' id='word_1_595' title='bbox 2268 3038 2373 3102; x_wconf 86' lang='lat' dir='ltr'>Qui</span> <span class='ocrx_word' id='word_1_596' title='bbox 2391 3039 2541 3093; x_wconf 91' lang='lat' dir='ltr'>Deus</span> <span class='ocrx_word' id='word_1_597' title='bbox 2569 3039 2711 3094; x_wconf 89' lang='lat' dir='ltr'>vivit</span> <span class='ocrx_word' id='word_1_598' title='bbox 2734 3055 2837 3110; x_wconf 90' lang='lat' dir='ltr'>per</span> <span class='ocrx_word' id='word_1_599' title='bbox 2868 3039 3071 3095; x_wconf 90' lang='lat' dir='ltr'>omnia</span> <span class='ocrx_word' id='word_1_600' title='bbox 3099 3038 3319 3095; x_wconf 75' lang='lat' dir='ltr'>saecula</span> <span class='ocrx_word' id='word_1_601' title='bbox 3350 3038 3728 3094; x_wconf 64' lang='lat' dir='ltr'>saeculorum.</span> 
     </span>
    </p>
   </div>
   <div class='ocr_carea' id='block_1_91' title="bbox 2408 3129 2618 3183">
    <p class='ocr_par' dir='ltr' id='par_1_91' title="bbox 2408 3129 2618 3183">
     <span class='ocr_line' id='line_1_91' title="bbox 2408 3129 2618 3183; baseline 0.014 -4"><span class='ocrx_word' id='word_1_602' title='bbox 2408 3129 2618 3183; x_wconf 89' lang='lat' dir='ltr'>Amen.</span> 
     </span>
    </p>
   </div>
   <div class='ocr_carea' id='block_1_92' title="bbox 2267 3213 3841 3286">
    <p class='ocr_par' dir='ltr' id='par_1_92' title="bbox 2267 3213 3841 3286">
     <span class='ocr_line' id='line_1_92' title="bbox 2267 3213 3841 3286; baseline -0.002 -14"><span class='ocrx_word' id='word_1_603' title='bbox 2267 3214 2650 3285; x_wconf 72' lang='lat' dir='ltr'>Supplicatio.</span> <span class='ocrx_word' id='word_1_604' title='bbox 2672 3217 2919 3272; x_wconf 89' lang='lat' dir='ltr'>Oremus</span> <span class='ocrx_word' id='word_1_605' title='bbox 2940 3216 3042 3271; x_wconf 92' lang='lat' dir='ltr'>Dei</span> <span class='ocrx_word' id='word_1_606' title='bbox 3065 3215 3250 3272; x_wconf 89' lang='lat' dir='ltr'>Patris</span> <span class='ocrx_word' id='word_1_607' title='bbox 3287 3213 3723 3286; x_wconf 88' lang='lat' dir='ltr'>Omnipotentis</span> <span class='ocrx_word' id='word_1_608' title='bbox 3744 3214 3841 3269; x_wconf 87' lang='lat' dir='ltr'>mi-</span> 
     </span>
    </p>
   </div>
   <div class='ocr_carea' id='block_1_93' title="bbox 2197 3303 3840 3377">
    <p class='ocr_par' dir='ltr' id='par_1_93' title="bbox 2197 3303 3840 3377">
     <span class='ocr_line' id='line_1_93' title="bbox 2197 3303 3840 3377; baseline 0.002 -21"><span class='ocrx_word' id='word_1_609' title='bbox 2197 3303 2600 3369; x_wconf 89' lang='lat' dir='ltr'>sericordiam,</span> <span class='ocrx_word' id='word_1_610' title='bbox 2662 3305 2961 3377; x_wconf 90' lang='lat' dir='ltr'>supplices</span> <span class='ocrx_word' id='word_1_611' title='bbox 3006 3304 3396 3376; x_wconf 90' lang='lat' dir='ltr'>imploremus</span> <span class='ocrx_word' id='word_1_612' title='bbox 3431 3320 3445 3369; x_wconf 91' lang='lat'><strong>;</strong></span> <span class='ocrx_word' id='word_1_613' title='bbox 3487 3318 3598 3358; x_wconf 92' lang='lat' dir='ltr'>nos</span> <span class='ocrx_word' id='word_1_614' title='bbox 3644 3303 3840 3373; x_wconf 88' lang='lat' dir='ltr'>gratia</span> 
     </span>
    </p>
   </div>
   <div class='ocr_carea' id='block_1_94' title="bbox 2198 3390 3840 3463">
    <p class='ocr_par' dir='ltr' id='par_1_94' title="bbox 2198 3390 3840 3463">
     <span class='ocr_line' id='line_1_94' title="bbox 2198 3390 3840 3463; baseline 0.001 -19"><span class='ocrx_word' id='word_1_615' title='bbox 2198 3390 2405 3446; x_wconf 91' lang='lat' dir='ltr'>Christi</span> <span class='ocrx_word' id='word_1_616' title='bbox 2430 3392 2521 3446; x_wconf 90' lang='lat' dir='ltr'>sui</span> <span class='ocrx_word' id='word_1_617' title='bbox 2549 3392 2784 3448; x_wconf 89' lang='lat' dir='ltr'>Domini</span> <span class='ocrx_word' id='word_1_618' title='bbox 2813 3394 2999 3449; x_wconf 86' lang='lat' dir='ltr'>nostri</span> <span class='ocrx_word' id='word_1_619' title='bbox 3026 3395 3163 3449; x_wconf 85' lang='lat' dir='ltr'>Jesu</span> <span class='ocrx_word' id='word_1_620' title='bbox 3195 3392 3422 3456; x_wconf 90' lang='lat' dir='ltr'>Christi,</span> <span class='ocrx_word' id='word_1_621' title='bbox 3454 3397 3509 3448; x_wconf 89' lang='lat' dir='ltr'>et</span> <span class='ocrx_word' id='word_1_622' title='bbox 3532 3408 3635 3463; x_wconf 90' lang='lat' dir='ltr'>per</span> <span class='ocrx_word' id='word_1_623' title='bbox 3664 3391 3840 3446; x_wconf 87' lang='lat' dir='ltr'>inter-</span> 
     </span>
    </p>
   </div>
   <div class='ocr_carea' id='block_1_95' title="bbox 2198 3479 3844 3552">
    <p class='ocr_par' dir='ltr' id='par_1_95' title="bbox 2198 3479 3844 3552">
     <span class='ocr_line' id='line_1_95' title="bbox 2198 3479 3844 3552; baseline 0.002 -19"><span class='ocrx_word' id='word_1_624' title='bbox 2198 3479 2531 3535; x_wconf 90' lang='lat' dir='ltr'>cessionem</span> <span class='ocrx_word' id='word_1_625' title='bbox 2555 3482 3043 3537; x_wconf 68' lang='lat' dir='ltr'>SanctiJ’ohannis</span> <span class='ocrx_word' id='word_1_626' title='bbox 3073 3480 3355 3552; x_wconf 90' lang='lat' dir='ltr'>Apostoli,</span> <span class='ocrx_word' id='word_1_627' title='bbox 3377 3485 3432 3536; x_wconf 91' lang='lat' dir='ltr'>et</span> <span class='ocrx_word' id='word_1_628' title='bbox 3455 3479 3844 3549; x_wconf 68' lang='lat' dir='ltr'>Evangelistaa</span> 
     </span>
    </p>
   </div>
   <div class='ocr_carea' id='block_1_96' title="bbox 2198 3568 3841 3640">
    <p class='ocr_par' dir='ltr' id='par_1_96' title="bbox 2198 3568 3841 3640">
     <span class='ocr_line' id='line_1_96' title="bbox 2198 3568 3841 3640; baseline 0.001 -18"><span class='ocrx_word' id='word_1_629' title='bbox 2198 3568 2479 3639; x_wconf 89' lang='lat' dir='ltr'>propitius</span> <span class='ocrx_word' id='word_1_630' title='bbox 2530 3570 2857 3640; x_wconf 86' lang='lat' dir='ltr'>jnstiﬁcare</span> <span class='ocrx_word' id='word_1_631' title='bbox 2911 3570 3207 3640; x_wconf 87' lang='lat' dir='ltr'>dignetur.</span> <span class='ocrx_word' id='word_1_632' title='bbox 3252 3582 3315 3637; x_wconf 64' lang='grc' dir='ltr'>Η.</span> <span class='ocrx_word' id='word_1_633' title='bbox 3363 3571 3576 3625; x_wconf 70' lang='grc' dir='ltr'>Ρινεεεῑθ.</span> <span class='ocrx_word' id='word_1_634' title='bbox 3608 3572 3841 3625; x_wconf 70' lang='lat' dir='ltr'>Eterne</span> 
     </span>
    </p>
   </div>
   <div class='ocr_carea' id='block_1_97' title="bbox 2200 3657 2779 3728">
    <p class='ocr_par' dir='ltr' id='par_1_97' title="bbox 2200 3657 2779 3728">
     <span class='ocr_line' id='line_1_97' title="bbox 2200 3657 2779 3728; baseline 0.005 -17"><span class='ocrx_word' id='word_1_635' title='bbox 2200 3657 2579 3728; x_wconf 86' lang='lat' dir='ltr'>omnipotens</span> <span class='ocrx_word' id='word_1_636' title='bbox 2607 3661 2779 3714; x_wconf 90' lang='lat' dir='ltr'>Deus.</span> 
     </span>
    </p>
   </div>
   <div class='ocr_carea' id='block_1_98' title="bbox 2270 3746 3844 3816">
    <p class='ocr_par' dir='ltr' id='par_1_98' title="bbox 2270 3746 3844 3816">
     <span class='ocr_line' id='line_1_98' title="bbox 2270 3746 3844 3816; baseline 0.002 -17"><span class='ocrx_word' id='word_1_637' title='bbox 2270 3746 2463 3816; x_wconf 88' lang='lat' dir='ltr'>Kyrie,</span> <span class='ocrx_word' id='word_1_638' title='bbox 2492 3747 2733 3802; x_wconf 88' lang='lat' dir='ltr'>eleison.</span> <span class='ocrx_word' id='word_1_639' title='bbox 2766 3759 2830 3816; x_wconf 58' lang='lat' dir='ltr'>nu.</span> <span class='ocrx_word' id='word_1_640' title='bbox 2855 3747 3077 3803; x_wconf 89' lang='lat' dir='ltr'>Christe</span> <span class='ocrx_word' id='word_1_641' title='bbox 3101 3746 3371 3816; x_wconf 91' lang='lat' dir='ltr'>,eleison.</span> <span class='ocrx_word' id='word_1_642' title='bbox 3392 3746 3567 3816; x_wconf 89' lang='lat' dir='ltr'>Kyrie</span> <span class='ocrx_word' id='word_1_643' title='bbox 3591 3746 3844 3802; x_wconf 90' lang='lat' dir='ltr'>eleison.</span> 
     </span>
    </p>
   </div>
   <div class='ocr_carea' id='block_1_99' title="bbox 2272 3834 3851 3906">
    <p class='ocr_par' dir='ltr' id='par_1_99' title="bbox 2272 3834 3851 3906">
     <span class='ocr_line' id='line_1_99' title="bbox 2272 3834 3851 3906; baseline 0 -15"><span class='ocrx_word' id='word_1_644' title='bbox 2272 3835 2564 3905; x_wconf 76' lang='lat' dir='ltr'>Capitula.</span> <span class='ocrx_word' id='word_1_645' title='bbox 2599 3836 2926 3905; x_wconf 80' lang='lat' dir='ltr'>lnetfabilia</span> <span class='ocrx_word' id='word_1_646' title='bbox 2952 3840 3110 3906; x_wconf 89' lang='lat' dir='ltr'>sunt,</span> <span class='ocrx_word' id='word_1_647' title='bbox 3142 3834 3412 3900; x_wconf 90' lang='lat' dir='ltr'>Domine,</span> <span class='ocrx_word' id='word_1_648' title='bbox 3440 3834 3664 3890; x_wconf 90' lang='lat' dir='ltr'>ﬂuenta</span> <span class='ocrx_word' id='word_1_649' title='bbox 3695 3836 3851 3891; x_wconf 84' lang='lat' dir='ltr'>uteri</span> 
     </span>
    </p>
   </div>
   <div class='ocr_carea' id='block_1_100' title="bbox 2198 3924 3848 3996">
    <p class='ocr_par' dir='ltr' id='par_1_100' title="bbox 2198 3924 3848 3996">
     <span class='ocr_line' id='line_1_100' title="bbox 2198 3924 3848 3996; baseline -0.002 -14"><span class='ocrx_word' id='word_1_650' title='bbox 2198 3926 2303 3991; x_wconf 84' lang='lat' dir='ltr'>tui,</span> <span class='ocrx_word' id='word_1_651' title='bbox 2336 3924 2545 3996; x_wconf 90' lang='lat' dir='ltr'>quibus</span> <span class='ocrx_word' id='word_1_652' title='bbox 2566 3940 2689 3996; x_wconf 67' lang='lat' dir='ltr'>prae</span> <span class='ocrx_word' id='word_1_653' title='bbox 2720 3925 2944 3981; x_wconf 66' lang='lat' dir='ltr'>caeteris</span> <span class='ocrx_word' id='word_1_654' title='bbox 2966 3925 3213 3981; x_wconf 90' lang='lat' dir='ltr'>dilectus</span> <span class='ocrx_word' id='word_1_655' title='bbox 3234 3924 3327 3980; x_wconf 91' lang='lat' dir='ltr'>ille</span> <span class='ocrx_word' id='word_1_656' title='bbox 3349 3928 3460 3980; x_wconf 82' lang='lat' dir='ltr'>ate</span> <span class='ocrx_word' id='word_1_657' title='bbox 3490 3924 3848 3996; x_wconf 90' lang='lat' dir='ltr'>discipulus,</span> 
     </span>
    </p>
   </div>
   <div class='ocr_carea' id='block_1_101' title="bbox 2198 4013 3854 4085">
    <p class='ocr_par' dir='ltr' id='par_1_101' title="bbox 2198 4013 3854 4085">
     <span class='ocr_line' id='line_1_101' title="bbox 2198 4013 3854 4085; baseline 0.001 -17"><span class='ocrx_word' id='word_1_658' title='bbox 2198 4013 2494 4069; x_wconf 89' lang='lat' dir='ltr'>recubans</span> <span class='ocrx_word' id='word_1_659' title='bbox 2522 4014 2583 4069; x_wconf 91' lang='lat' dir='ltr'>in</span> <span class='ocrx_word' id='word_1_660' title='bbox 2626 4014 2759 4069; x_wconf 89' lang='lat' dir='ltr'>sinu</span> <span class='ocrx_word' id='word_1_661' title='bbox 2789 4019 2909 4083; x_wconf 91' lang='lat' dir='ltr'>tuo,</span> <span class='ocrx_word' id='word_1_662' title='bbox 2944 4015 3159 4069; x_wconf 89' lang='lat' dir='ltr'>saciari</span> <span class='ocrx_word' id='word_1_663' title='bbox 3188 4014 3518 4085; x_wconf 89' lang='lat' dir='ltr'>promeruit</span> <span class='ocrx_word' id='word_1_664' title='bbox 3550 4030 3562 4067; x_wconf 92' lang='lat'>:</span> <span class='ocrx_word' id='word_1_665' title='bbox 3605 4029 3854 4085; x_wconf 70' lang='lat' dir='ltr'>quassu-</span> 
     </span>
    </p>
   </div>
   <div class='ocr_carea' id='block_1_102' title="bbox 2199 4101 3854 4174">
    <p class='ocr_par' dir='ltr' id='par_1_102' title="bbox 2199 4101 3854 4174">
     <span class='ocr_line' id='line_1_102' title="bbox 2199 4101 3854 4174; baseline -0.001 -17"><span class='ocrx_word' id='word_1_666' title='bbox 2199 4118 2335 4157; x_wconf 92' lang='lat' dir='ltr'>mus</span> <span class='ocrx_word' id='word_1_667' title='bbox 2367 4118 2528 4174; x_wconf 89' lang='lat' dir='ltr'>ergo,</span> <span class='ocrx_word' id='word_1_668' title='bbox 2561 4108 2641 4168; x_wconf 92' lang='lat' dir='ltr'>ut,</span> <span class='ocrx_word' id='word_1_669' title='bbox 2684 4102 3048 4159; x_wconf 88' lang='lat' dir='ltr'>mortiﬁcatis</span> <span class='ocrx_word' id='word_1_670' title='bbox 3107 4101 3392 4157; x_wconf 89' lang='lat' dir='ltr'>membris</span> <span class='ocrx_word' id='word_1_671' title='bbox 3440 4102 3679 4166; x_wconf 90' lang='lat' dir='ltr'>nostris,</span> <span class='ocrx_word' id='word_1_672' title='bbox 3725 4103 3854 4157; x_wconf 85' lang='lat' dir='ltr'>tuis</span> 
     </span>
    </p>
   </div>
   <div class='ocr_carea' id='block_1_103' title="bbox 2201 4189 3849 4260">
    <p class='ocr_par' dir='ltr' id='par_1_103' title="bbox 2201 4189 3849 4260">
     <span class='ocr_line' id='line_1_103' title="bbox 2201 4189 3849 4260; baseline 0.001 -16"><span class='ocrx_word' id='word_1_673' title='bbox 2201 4205 2437 4260; x_wconf 89' lang='lat' dir='ltr'>semper</span> <span class='ocrx_word' id='word_1_674' title='bbox 2456 4205 2797 4245; x_wconf 89' lang='lat' dir='ltr'>mereamur</span> <span class='ocrx_word' id='word_1_675' title='bbox 2812 4191 3098 4246; x_wconf 62' lang='lat' dir='ltr'>inhaerere</span> <span class='ocrx_word' id='word_1_676' title='bbox 3115 4190 3377 4259; x_wconf 88' lang='lat' dir='ltr'>vestigiis</span> <span class='ocrx_word' id='word_1_677' title='bbox 3393 4211 3404 4245; x_wconf 82' lang='lat'><strong><em>:</em></strong></span> <span class='ocrx_word' id='word_1_678' title='bbox 3423 4194 3487 4245; x_wconf 88' lang='lat' dir='ltr'>nt</span> <span class='ocrx_word' id='word_1_679' title='bbox 3506 4189 3796 4244; x_wconf 86' lang='lat' dir='ltr'>intercess</span> <span class='ocrx_word' id='word_1_680' title='bbox 3808 4206 3849 4245; x_wconf 90' lang='lat' dir='ltr'>u</span> 
     </span>
    </p>
   </div>
   <div class='ocr_carea' id='block_1_104' title="bbox 2197 4278 3860 4348">
    <p class='ocr_par' dir='ltr' id='par_1_104' title="bbox 2197 4278 3860 4348">
     <span class='ocr_line' id='line_1_104' title="bbox 2197 4278 3860 4348; baseline 0.001 -15"><span class='ocrx_word' id='word_1_681' title='bbox 2197 4278 2379 4348; x_wconf 89' lang='lat' dir='ltr'>hujus</span> <span class='ocrx_word' id='word_1_682' title='bbox 2400 4278 2594 4335; x_wconf 89' lang='lat' dir='ltr'>Sancti</span> <span class='ocrx_word' id='word_1_683' title='bbox 2619 4278 2925 4344; x_wconf 89' lang='lat' dir='ltr'>Johannis,</span> <span class='ocrx_word' id='word_1_684' title='bbox 2951 4279 3031 4335; x_wconf 90' lang='lat' dir='ltr'>ita</span> <span class='ocrx_word' id='word_1_685' title='bbox 3051 4294 3162 4335; x_wconf 92' lang='lat' dir='ltr'>nos</span> <span class='ocrx_word' id='word_1_686' title='bbox 3180 4279 3335 4348; x_wconf 90' lang='lat' dir='ltr'>ignis</span> <span class='ocrx_word' id='word_1_687' title='bbox 3355 4278 3579 4335; x_wconf 89' lang='lat' dir='ltr'>amoris</span> <span class='ocrx_word' id='word_1_688' title='bbox 3604 4278 3687 4333; x_wconf 91' lang='lat' dir='ltr'>tui</span> <span class='ocrx_word' id='word_1_689' title='bbox 3707 4293 3860 4334; x_wconf 84' lang='lat' dir='ltr'>con-</span> 
     </span>
    </p>
   </div>
   <div class='ocr_carea' id='block_1_105' title="bbox 2200 4366 3859 4439">
    <p class='ocr_par' dir='ltr' id='par_1_105' title="bbox 2200 4366 3859 4439">
     <span class='ocr_line' id='line_1_105' title="bbox 2200 4366 3859 4439; baseline 0.001 -17"><span class='ocrx_word' id='word_1_690' title='bbox 2200 4371 2439 4427; x_wconf 89' lang='lat' dir='ltr'>cremet.</span> <span class='ocrx_word' id='word_1_691' title='bbox 2461 4371 2517 4423; x_wconf 91' lang='lat' dir='ltr'>et</span> <span class='ocrx_word' id='word_1_692' title='bbox 2539 4366 3107 4439; x_wconf 85' lang='lat' dir='ltr'>absumat,qualiter</span> <span class='ocrx_word' id='word_1_693' title='bbox 3124 4366 3566 4438; x_wconf 89' lang='lat' dir='ltr'>beneplacitum</span> <span class='ocrx_word' id='word_1_694' title='bbox 3596 4382 3711 4423; x_wconf 90' lang='lat' dir='ltr'>nos</span> <span class='ocrx_word' id='word_1_695' title='bbox 3744 4367 3859 4424; x_wconf 89' lang='lat' dir='ltr'>tibi</span> 
     </span>
    </p>
   </div>
   <div class='ocr_carea' id='block_1_106' title="bbox 2197 4455 3114 4513">
    <p class='ocr_par' dir='ltr' id='par_1_106' title="bbox 2197 4455 3114 4513">
     <span class='ocr_line' id='line_1_106' title="bbox 2197 4455 3114 4513; baseline -0.002 0"><span class='ocrx_word' id='word_1_696' title='bbox 2197 4456 2258 4513; x_wconf 91' lang='lat' dir='ltr'>in</span> <span class='ocrx_word' id='word_1_697' title='bbox 2278 4460 2401 4512; x_wconf 90' lang='lat' dir='ltr'>toto</span> <span class='ocrx_word' id='word_1_698' title='bbox 2426 4455 2842 4511; x_wconf 87' lang='lat' dir='ltr'>holocaustum</span> <span class='ocrx_word' id='word_1_699' title='bbox 2876 4455 3114 4512; x_wconf 86' lang='lat' dir='ltr'>efﬁciat.</span> 
     </span>
    </p>
   </div>
   <div class='ocr_carea' id='block_1_107' title="bbox 2267 4545 3244 4604">
    <p class='ocr_par' dir='ltr' id='par_1_107' title="bbox 2267 4545 3244 4604">
     <span class='ocr_line' id='line_1_107' title="bbox 2267 4545 3244 4604; baseline 0 -4"><span class='ocrx_word' id='word_1_700' title='bbox 2267 4547 2433 4602; x_wconf 92' lang='lat' dir='ltr'>Pater</span> <span class='ocrx_word' id='word_1_701' title='bbox 2456 4551 2675 4601; x_wconf 88' lang='lat' dir='ltr'>noster.</span> <span class='ocrx_word' id='word_1_702' title='bbox 2710 4545 2962 4602; x_wconf 89' lang='lat' dir='ltr'>Liberati</span> <span class='ocrx_word' id='word_1_703' title='bbox 2990 4561 3026 4602; x_wconf 90' lang='lat' dir='ltr'>a</span> <span class='ocrx_word' id='word_1_704' title='bbox 3064 4546 3244 4604; x_wconf 88' lang='lat' dir='ltr'>malo.</span> 
     </span>
    </p>
   </div>
   <div class='ocr_carea' id='block_1_108' title="bbox 2267 4633 3152 4691">
    <p class='ocr_par' dir='ltr' id='par_1_108' title="bbox 2267 4633 3152 4691">
     <span class='ocr_line' id='line_1_108' title="bbox 2267 4633 3152 4691; baseline -0.001 0"><span class='ocrx_word' id='word_1_705' title='bbox 2267 4634 2576 4691; x_wconf 85' lang='lat' dir='ltr'>Humiliate</span> <span class='ocrx_word' id='word_1_706' title='bbox 2600 4650 2709 4691; x_wconf 89' lang='lat' dir='ltr'>vos</span> <span class='ocrx_word' id='word_1_707' title='bbox 2735 4633 3152 4691; x_wconf 88' lang='lat' dir='ltr'>benedictioni.</span> 
     </span>
    </p>
   </div>
   <div class='ocr_carea' id='block_1_109' title="bbox 2265 4723 3402 4797">
    <p class='ocr_par' dir='ltr' id='par_1_109' title="bbox 2265 4723 3402 4797">
     <span class='ocr_line' id='line_1_109' title="bbox 2265 4723 3402 4797; baseline 0.002 -21"><span class='ocrx_word' id='word_1_708' title='bbox 2265 4723 2654 4779; x_wconf 92' lang='lat' dir='ltr'>Dominussit.</span> <span class='ocrx_word' id='word_1_709' title='bbox 2688 4735 2757 4793; x_wconf 52' lang='lat' dir='ltr'>ly.</span> <span class='ocrx_word' id='word_1_710' title='bbox 2788 4726 2853 4779; x_wconf 89' lang='lat' dir='ltr'>Et</span> <span class='ocrx_word' id='word_1_711' title='bbox 2879 4739 3017 4779; x_wconf 92' lang='lat' dir='ltr'>cum</span> <span class='ocrx_word' id='word_1_712' title='bbox 3047 4724 3255 4797; x_wconf 90' lang='lat' dir='ltr'>spiritu</span> <span class='ocrx_word' id='word_1_713' title='bbox 3279 4731 3402 4781; x_wconf 91' lang='lat' dir='ltr'>tuo.</span> 
     </span>
    </p>
   </div>
   <div class='ocr_carea' id='block_1_110' title="bbox 2264 4812 3863 4886">
    <p class='ocr_par' dir='ltr' id='par_1_110' title="bbox 2264 4812 3863 4886">
     <span class='ocr_line' id='line_1_110' title="bbox 2264 4812 3863 4886; baseline 0 -19"><span class='ocrx_word' id='word_1_714' title='bbox 2264 4812 2907 4869; x_wconf 71' lang='lat' dir='ltr'>Benedictio.Cbristus</span> <span class='ocrx_word' id='word_1_715' title='bbox 2923 4812 3231 4877; x_wconf 91' lang='lat' dir='ltr'>Dominus,</span> <span class='ocrx_word' id='word_1_716' title='bbox 3260 4813 3365 4886; x_wconf 90' lang='lat' dir='ltr'>qni</span> <span class='ocrx_word' id='word_1_717' title='bbox 3394 4812 3677 4869; x_wconf 91' lang='lat' dir='ltr'>dilectum</span> <span class='ocrx_word' id='word_1_718' title='bbox 3709 4816 3751 4869; x_wconf 78' lang='lat' dir='ltr'>a</span> <span class='ocrx_word' id='word_1_719' title='bbox 3795 4829 3863 4867; x_wconf 90' lang='lat' dir='ltr'>se</span> 
     </span>
    </p>
   </div>
   <div class='ocr_carea' id='block_1_111' title="bbox 2193 4898 3866 4972">
    <p class='ocr_par' dir='ltr' id='par_1_111' title="bbox 2193 4898 3866 4972">
     <span class='ocr_line' id='line_1_111' title="bbox 2193 4898 3866 4972; baseline 0 -17"><span class='ocrx_word' id='word_1_720' title='bbox 2193 4898 2542 4971; x_wconf 86' lang='lat' dir='ltr'>discipulum</span> <span class='ocrx_word' id='word_1_721' title='bbox 2558 4914 2666 4955; x_wconf 92' lang='lat' dir='ltr'>suo</span> <span class='ocrx_word' id='word_1_722' title='bbox 2686 4899 2822 4955; x_wconf 88' lang='lat' dir='ltr'>fecit</span> <span class='ocrx_word' id='word_1_723' title='bbox 2845 4901 3131 4956; x_wconf 90' lang='lat' dir='ltr'>recubare</span> <span class='ocrx_word' id='word_1_724' title='bbox 3156 4900 3214 4955; x_wconf 91' lang='lat' dir='ltr'>in</span> <span class='ocrx_word' id='word_1_725' title='bbox 3228 4906 3484 4972; x_wconf 79' lang='lat' dir='ltr'>pectore,</span> <span class='ocrx_word' id='word_1_726' title='bbox 3502 4900 3726 4956; x_wconf 67' lang='lat' dir='ltr'>illaesos</span> <span class='ocrx_word' id='word_1_727' title='bbox 3744 4915 3866 4956; x_wconf 86' lang='lat' dir='ltr'>nos</span> 
     </span>
    </p>
   </div>
   <div class='ocr_carea' id='block_1_112' title="bbox 2194 4986 3870 5060">
    <p class='ocr_par' dir='ltr' id='par_1_112' title="bbox 2194 4986 3870 5060">
     <span class='ocr_line' id='line_1_112' title="bbox 2194 4986 3870 5060; baseline 0.001 -19"><span class='ocrx_word' id='word_1_728' title='bbox 2194 4986 2489 5043; x_wconf 88' lang='lat' dir='ltr'>custodiat</span> <span class='ocrx_word' id='word_1_729' title='bbox 2516 4988 2576 5041; x_wconf 90' lang='lat' dir='ltr'>in</span> <span class='ocrx_word' id='word_1_730' title='bbox 2607 4988 2742 5043; x_wconf 90' lang='lat' dir='ltr'>sinu</span> <span class='ocrx_word' id='word_1_731' title='bbox 2772 4988 2977 5044; x_wconf 88' lang='lat' dir='ltr'>matris</span> <span class='ocrx_word' id='word_1_732' title='bbox 3004 4988 3294 5044; x_wconf 60' lang='lat' dir='ltr'>Ecclesiae.</span> <span class='ocrx_word' id='word_1_733' title='bbox 3318 5008 3371 5044; x_wconf 68' lang='grc' dir='ltr'>ιι.</span> <span class='ocrx_word' id='word_1_734' title='bbox 3406 4991 3615 5044; x_wconf 90' lang='lat' dir='ltr'>Amen.</span> <span class='ocrx_word' id='word_1_735' title='bbox 3651 4990 3720 5044; x_wconf 87' lang='lat' dir='ltr'>Et</span> <span class='ocrx_word' id='word_1_736' title='bbox 3750 4988 3870 5060; x_wconf 88' lang='lat' dir='ltr'>qui</span> 
     </span>
    </p>
   </div>
   <div class='ocr_carea' id='block_1_113' title="bbox 2192 5076 3866 5149">
    <p class='ocr_par' dir='ltr' id='par_1_113' title="bbox 2192 5076 3866 5149">
     <span class='ocr_line' id='line_1_113' title="bbox 2192 5076 3866 5149; baseline 0.001 -19"><span class='ocrx_word' id='word_1_737' title='bbox 2192 5076 2420 5131; x_wconf 83' lang='lat' dir='ltr'>fluentis</span> <span class='ocrx_word' id='word_1_738' title='bbox 2433 5076 2635 5145; x_wconf 63' lang='lat' dir='ltr'>gratiae</span> <span class='ocrx_word' id='word_1_739' title='bbox 2648 5093 2717 5132; x_wconf 87' lang='lat' dir='ltr'>ex</span> <span class='ocrx_word' id='word_1_740' title='bbox 2735 5077 2870 5132; x_wconf 91' lang='lat' dir='ltr'>sinu</span> <span class='ocrx_word' id='word_1_741' title='bbox 2883 5094 2986 5132; x_wconf 92' lang='lat' dir='ltr'>suo</span> <span class='ocrx_word' id='word_1_742' title='bbox 3000 5078 3488 5149; x_wconf 67' lang='lat' dir='ltr'>prmmanantibus</span> <span class='ocrx_word' id='word_1_743' title='bbox 3504 5076 3866 5133; x_wconf 86' lang='lat' dir='ltr'>recubantis</span> 
     </span>
    </p>
   </div>
   <div class='ocr_carea' id='block_1_114' title="bbox 2194 5165 3881 5238">
    <p class='ocr_par' dir='ltr' id='par_1_114' title="bbox 2194 5165 3881 5238">
     <span class='ocr_line' id='line_1_114' title="bbox 2194 5165 3881 5238; baseline 0 -17"><span class='ocrx_word' id='word_1_744' title='bbox 2194 5167 2462 5223; x_wconf 87' lang='lat' dir='ltr'>animam</span> <span class='ocrx_word' id='word_1_745' title='bbox 2476 5165 2890 5237; x_wconf 86' lang='lat' dir='ltr'>maduit,dono</span> <span class='ocrx_word' id='word_1_746' title='bbox 2904 5183 3012 5221; x_wconf 90' lang='lat' dir='ltr'>nos</span> <span class='ocrx_word' id='word_1_747' title='bbox 3026 5166 3355 5238; x_wconf 88' lang='lat' dir='ltr'>sempiterni</span> <span class='ocrx_word' id='word_1_748' title='bbox 3367 5166 3631 5222; x_wconf 89' lang='lat' dir='ltr'>muneris</span> <span class='ocrx_word' id='word_1_749' title='bbox 3639 5166 3660 5236; x_wconf 89' lang='lat' dir='ltr'>j</span> <span class='ocrx_word' id='word_1_750' title='bbox 3673 5166 3881 5222; x_wconf 81' lang='lat' dir='ltr'>ubeat</span> 
     </span>
    </p>
   </div>
   <div class='ocr_carea' id='block_1_115' title="bbox 2195 5254 3881 5328">
    <p class='ocr_par' dir='ltr' id='par_1_115' title="bbox 2195 5254 3881 5328">
     <span class='ocr_line' id='line_1_115' title="bbox 2195 5254 3881 5328; baseline 0 -19"><span class='ocrx_word' id='word_1_751' title='bbox 2195 5255 2509 5310; x_wconf 86' lang='lat' dir='ltr'>consolari.</span> <span class='ocrx_word' id='word_1_752' title='bbox 2536 5267 2602 5325; x_wconf 59' lang='lat' dir='ltr'>ﬁ.</span> <span class='ocrx_word' id='word_1_753' title='bbox 2621 5256 2827 5311; x_wconf 89' lang='lat' dir='ltr'>Amen.</span> <span class='ocrx_word' id='word_1_754' title='bbox 2846 5258 2916 5311; x_wconf 92' lang='lat' dir='ltr'>Ut</span> <span class='ocrx_word' id='word_1_755' title='bbox 2940 5271 3045 5328; x_wconf 90' lang='lat' dir='ltr'>per</span> <span class='ocrx_word' id='word_1_756' title='bbox 3069 5272 3253 5328; x_wconf 89' lang='lat' dir='ltr'>quem</span> <span class='ocrx_word' id='word_1_757' title='bbox 3283 5255 3611 5327; x_wconf 90' lang='lat' dir='ltr'>discipulus</span> <span class='ocrx_word' id='word_1_758' title='bbox 3635 5254 3742 5311; x_wconf 91' lang='lat' dir='ltr'>hic</span> <span class='ocrx_word' id='word_1_759' title='bbox 3775 5254 3881 5309; x_wconf 70' lang='lat' dir='ltr'>di-</span> 
     </span>
    </p>
   </div>
   <div class='ocr_carea' id='block_1_116' title="bbox 2196 5343 3875 5418">
    <p class='ocr_par' dir='ltr' id='par_1_116' title="bbox 2196 5343 3875 5418">
     <span class='ocr_line' id='line_1_116' title="bbox 2196 5343 3875 5418; baseline 0.001 -20"><span class='ocrx_word' id='word_1_760' title='bbox 2196 5343 2379 5399; x_wconf 87' lang='lat' dir='ltr'>lectus</span> <span class='ocrx_word' id='word_1_761' title='bbox 2393 5343 2633 5399; x_wconf 82' lang='lat' dir='ltr'>eﬁectns</span> <span class='ocrx_word' id='word_1_762' title='bbox 2647 5345 2935 5415; x_wconf 88' lang='lat' dir='ltr'>estvirgo,</span> <span class='ocrx_word' id='word_1_763' title='bbox 2955 5361 3061 5418; x_wconf 92' lang='lat' dir='ltr'>per</span> <span class='ocrx_word' id='word_1_764' title='bbox 3073 5361 3212 5401; x_wconf 92' lang='lat' dir='ltr'>eum</span> <span class='ocrx_word' id='word_1_765' title='bbox 3225 5350 3566 5418; x_wconf 88' lang='lat' dir='ltr'>peccatores</span> <span class='ocrx_word' id='word_1_766' title='bbox 3580 5343 3642 5399; x_wconf 88' lang='lat' dir='ltr'>in</span> <span class='ocrx_word' id='word_1_767' title='bbox 3655 5346 3875 5415; x_wconf 85' lang='lat' dir='ltr'>Ange-</span> 
     </span>
    </p>
   </div>
   <div class='ocr_carea' id='block_1_117' title="bbox 2198 5432 3878 5494">
    <p class='ocr_par' dir='ltr' id='par_1_117' title="bbox 2198 5432 3878 5494">
     <span class='ocr_line' id='line_1_117' title="bbox 2198 5432 3878 5494; baseline 0.001 -7"><span class='ocrx_word' id='word_1_768' title='bbox 2198 5432 2393 5489; x_wconf 89' lang='lat' dir='ltr'>lorum</span> <span class='ocrx_word' id='word_1_769' title='bbox 2407 5435 2887 5491; x_wconf 85' lang='lat' dir='ltr'>transmutatione</span> <span class='ocrx_word' id='word_1_770' title='bbox 2903 5439 3218 5491; x_wconf 85' lang='lat' dir='ltr'>evocentur</span> <span class='ocrx_word' id='word_1_771' title='bbox 3228 5434 3546 5491; x_wconf 90' lang='lat' dir='ltr'>consortio.</span> <span class='ocrx_word' id='word_1_772' title='bbox 3564 5435 3853 5494; x_wconf 64' lang='lat' dir='ltr'>mAmen</span> <span class='ocrx_word' id='word_1_773' title='bbox 3865 5476 3878 5489; x_wconf 93' lang='lat'>.</span> 
     </span>
    </p>
   </div>
   <div class='ocr_carea' id='block_1_118' title="bbox 2270 5520 3128 5595">
    <p class='ocr_par' dir='ltr' id='par_1_118' title="bbox 2270 5520 3128 5595">
     <span class='ocr_line' id='line_1_118' title="bbox 2270 5520 3128 5595; baseline 0.005 -19"><span class='ocrx_word' id='word_1_774' title='bbox 2270 5520 2374 5577; x_wconf 89' lang='lat' dir='ltr'>Per</span> <span class='ocrx_word' id='word_1_775' title='bbox 2402 5522 2873 5580; x_wconf 85' lang='lat' dir='ltr'>misericordiam</span> <span class='ocrx_word' id='word_1_776' title='bbox 2915 5523 3128 5595; x_wconf 87' lang='lat' dir='ltr'>ipsius.</span> 
     </span>
    </p>
   </div>
  </div>
