4118 6184
283 245 393 298 129

1379 240 1450 294 ΙΝ
1487 237 1712 294 FESTO
1753 236 1792 292 s
1830 222 2177 289 JOHANNIS
2217 227 2596 298 APOSTOLI.

3591 239 3687 305 130

354 365 1050 421 Lauda.Germinabunt
1076 380 1212 420 ossa
1237 368 1338 421 tua
1369 361 1938 437 quasisalices.Alle-—
1972 359 2019 412 A
2051 358 2165 428 piae
2197 362 2557 430 operationis
2577 379 2600 435 ,·
2626 368 2688 419 ut
2718 363 2819 420 tibi
2846 364 2972 420 sine
3008 366 3126 422 ﬁne
3139 367 3487 440 jungamur,
3517 373 3685 442 cujus

278 457 424 511 luia.
457 457 528 513 Ρ.
559 456 740 510 Juxta
768 455 1018 510 ﬂuentes
1085 471 1295 526 aquas.
1349 455 1610 511 Alleluia.
1670 451 1937 507 Alleluia.

281 547 341 602 V.
413 549 477 600 Et
534 545 644 599 erit
697 550 1010 616 tamquam
1081 545 1334 614 lignum,
1396 544 1563 617 quod
1605 541 1941 613 transplan-

281 639 474 689 tatum
528 639 636 688 est.
709 633 772 686 P.
812 634 991 689 Juxta
1048 632 1298 688 ﬂuentes
1352 649 1562 705 aquas.
1611 632 1670 690 V.
1724 629 1937 686 Gloria.

283 723 342 776 Ρ.
379 724 574 776 Juxta.

361 809 843 866 0ratio.Domine
874 811 1010 863 Jesu
1042 809 1284 875 Christe,
1310 809 1836 881 quibeatissimum
1855 810 1943 862 Jo-

285 901 552 954 hannem
579 897 932 969 Apostolum
964 901 1155 954 tuum.
1191 898 1396 964 Quwre
1433 899 1536 967 fol.

359 989 442 1041 Ad
466 987 851 1042 Matutinum.
877 986 1231 1055 Antiphonti.
1268 987 1448 1041 Labia
1489 1001 1644 1050 mea,
1674 983 1942 1052 Domine,

288 1076 664 1148 aperies.55
691 1076 750 1128 P.
784 1078 847 1130 Et
913 1091 979 1130 os
1038 1090 1238 1129 meum
1283 1074 1662 1131 annuntiabit
1702 1073 1944 1128 laudem

288 1172 458 1220 tuam
473 1208 485 1220 .
501 1165 775 1220 Psalmus
794 1180 843 1218 ι.

370 1254 599 1308 Oratio.
640 1252 857 1307 Laudet
885 1256 956 1318 te,
978 1251 1457 1321 Domine,lingua
1491 1258 1696 1308 nostra
1717 1266 1946 1307 annun-

300 1342 769 1412 tiandojustitias
788 1345 1006 1411 tuas,et
1033 1340 1470 1396 exultentlabia
1495 1347 1697 1395 nostra
1725 1355 1946 1412 praeco-

299 1431 402 1486 nio
433 1431 708 1498 veritatis,
729 1435 790 1484 ut
812 1445 929 1485 non
958 1428 1947 1500 dissolvanturvaniloquiofalsita-

295 1521 399 1584 tis;
433 1524 494 1574 ut
525 1520 624 1589 qui
645 1519 748 1573 tibi
775 1518 1114 1574 confitendo
1141 1517 1403 1572 remissis
1433 1518 1780 1572 criminibus
1802 1517 1861 1571 in
1889 1520 1943 1571 te

287 1609 650 1670 exultamus,
706 1612 761 1661 et
815 1608 872 1661 in
929 1606 1387 1677 congregatione
1424 1607 1726 1677 justorum
1773 1621 1942 1660 sacro

286 1697 532 1766 agmine
566 1698 973 1760 decantantes,
1005 1696 1135 1750 vitae
1163 1695 1349 1750 beatae
1401 1695 1736 1750 efﬁciamur
1773 1694 1941 1749 here-

283 1788 409 1840 des.
456 1798 520 1845 Rv.
568 1792 777 1853 Amen,

360 1879 464 1930 Per
496 1873 990 1929 misericordiam.

359 1981 697 2048 Antiphona
721 1981 925 2035 l.Caro
949 1995 1085 2034 mea
1103 1979 1431 2051 requiescet
1460 1979 1519 2033 in
1554 1994 1676 2050 spe.
1709 1980 1770 2032 P.
1837 1979 1947 2047 Qui

287 2085 413 2126 non
445 2069 819 2140 derelinques
840 2069 1109 2123 animam
1144 2083 1344 2123 meam
1368 2067 1428 2122 in
1461 2067 1758 2122 infernum
1787 2086 1803 2137 ;
1836 2081 1947 2121 nec

285 2158 467 2213 dabis
504 2162 782 2213 sanctum
802 2163 969 2212 tuum
996 2157 1194 2212 videre
1221 2156 1754 2227 corruptionemV.
1772 2159 1947 2210 Notas

291 2247 442 2302 mihi
476 2246 665 2301 fecisti
695 2247 825 2302 vias
845 2246 1001 2315 vitae,
1033 2244 1392 2316 adimplebis
1438 2261 1532 2299 me
1589 2244 1788 2300 laetitia
1810 2259 1948 2299 cum

285 2337 465 2392 vultu
487 2342 608 2401 tuo,
643 2335 1138 2390 etdelectationes
1158 2336 1218 2389 in
1241 2333 1483 2389 dextera
1513 2339 1614 2388 tua
1656 2348 1844 2404 usque
1886 2334 1948 2388 in

292 2426 505 2480 tinem.
539 2426 600 2480 P.
632 2425 927 2489 Quoniam
954 2438 1076 2478 non
1107 2421 1502 2493 derelinques.
1536 2421 1602 2480 ῆι.
1635 2421 1853 2485 Gloria,
1893 2424 1950 2476 et

287 2516 493 2571 honor
522 2515 698 2578 Patri,
726 2519 843 2569 etc.
884 2514 944 2568 P.
980 2513 1273 2578 Quoniam
1304 2527 1426 2567 non
1468 2511 1868 2582 derelinques.

373 2606 601 2660 Oratio.
635 2603 879 2666 Christe,
906 2604 1006 2658 Dei
1039 2602 1238 2666 Filius,
1272 2602 1374 2673 qui
1405 2601 1616 2669 virgini
1659 2600 1947 2671 discipulo

291 2693 655 2764 virginitatis
683 2693 933 2764 praemia
954 2691 1131 2748 etiam
1161 2691 1221 2746 in
1252 2691 1364 2746 hac
1383 2690 1502 2745 vita
1525 2690 1722 2761 posito
1745 2693 1950 2744 contu-

295 2783 434 2850 listi,
463 2787 528 2837 ut
555 2781 628 2836 de
661 2787 816 2836 sorte
848 2781 1052 2835 mortis
1090 2783 1291 2851 posset
1343 2779 1624 2834 suscitare
1678 2777 1952 2833 membra

297 2871 634 2935 morientia,
667 2869 772 2941 qui
800 2869 862 2924 in
885 2868 1169 2924 membris
1200 2867 1320 2923 suis
1343 2865 1659 2922 mortiferae
1691 2865 1951 2921 libidinis

299 2960 602 3015 dominari
632 2974 753 3014 non
789 2973 1006 3029 passus
1033 2961 1118 3012 est
1177 2956 1472 3012 incentiva
1502 2974 1518 3026 ;
1546 2953 1751 3010 adesto
1778 2954 1952 3010 nobis

300 3048 577 3119 precibus
623 3048 773 3118 ejus,
807 3052 869 3102 ut
906 3050 1042 3118 post
1067 3043 1954 3116 lapsus,quibuslasciveinhac

304 3138 426 3193 vita
452 3136 810 3199 decidimus,
836 3133 1144 3190 mundatis
1170 3133 1248 3188 ad
1277 3137 1333 3188 te
1377 3131 1660 3187 cordibus
1677 3136 1955 3203 etcorpo-

299 3227 470 3281 ribus
502 3224 883 3280 accedamus.
909 3235 969 3283 ἢ.
1003 3224 1209 3278 Amen.

377 3317 486 3370 Per
519 3313 992 3369 misericordiam
1007 3355 1019 3367 .

383 3422 740 3490 Antiphona
781 3419 1038 3475 2.Facies
1060 3423 1161 3474 tua
1177 3422 1486 3487 tamquam
1513 3413 1964 3470 mundaillumi-

304 3509 570 3565 nabitur.
605 3509 665 3562 P.
701 3508 904 3562 Vultus
935 3509 1131 3562 autem
1157 3510 1292 3561 tuus
1310 3505 1458 3559 sicut
1489 3501 1962 3570 Luciferorietur,

312 3597 700 3654 ameridiana
723 3592 1384 3667 partagerminabittibi
1403 3593 1542 3647 vita.
1577 3591 1635 3650 ἣν.
1669 3591 1777 3645 Per
1806 3589 1965 3644 diem

313 3689 400 3743 sol
426 3703 549 3742 non
581 3690 707 3741 uret
732 3691 805 3752 te,
831 3699 1025 3756 neque
1063 3683 1209 3738 luna
1235 3698 1342 3754 per
1383 3686 1639 3737 noctem.
1680 3682 1740 3733 P.
1767 3679 1966 3734 Vultus

312 3781 538 3840 autem,
572 3776 636 3832 V.
665 3773 886 3842 Gloria,
909 3778 963 3828 et
993 3773 1206 3836 honor,
1247 3775 1356 3826 etc.
1386 3771 1445 3824 P.
1481 3770 1691 3825 Vultus
1743 3772 1962 3824 autem.

387 3866 603 3921 Oratio.
634 3863 883 3918 Domine
921 3864 1056 3916 Jesu
1097 3860 1340 3926 Christe,
1390 3859 1494 3931 qui
1549 3856 1965 3913 beatissimum

310 3956 336 4008 ,1
343 3954 652 4010 obannem
673 3950 1018 4023 Apostolum
1050 3954 1217 4005 tuum
1231 3948 1412 4004 necin
1428 3944 1679 4002 vinculis
1701 3945 1853 4000 exilii
1868 3945 1965 4000 de-

312 4044 606 4108 seris,nec
633 4042 694 4096 in
719 4040 938 4096 effossa
958 4039 1129 4095 fovea
1149 4035 1514 4107 derelinquis
1537 4056 1549 4104 ;
1579 4050 1777 4091 annue
1791 4033 1966 4089 nobis

310 4131 595 4204 precibus
619 4131 768 4201 ejus,
789 4133 854 4184 ut
876 4129 955 4184 ita
985 4143 1098 4184 nos
1123 4140 1362 4197 semper
1381 4124 1571 4196 pietas
1597 4123 1967 4195 foveat,qua-

317 4221 457 4278 liter
483 4219 577 4274 hic
606 4224 661 4274 et
696 4220 754 4273 in
785 4221 1154 4281 aaternum,te
1177 4216 1844 4288 protegente,sceptrum
1859 4228 1970 4268 nos

317 4309 662 4382 sempiterni
693 4308 868 4379 regni
898 4320 1332 4380 usquequaque
1355 4302 1968 4376 possideat.R.Amen.

393 4400 501 4454 Per
527 4395 1020 4453 misericordiam.

394 4505 736 4573 Antiphone
774 4501 1073 4560 2.Custodi
1097 4516 1309 4572 corpus
1335 4514 1537 4554 meum
1569 4498 1646 4554 ab
1665 4497 1830 4553 omni
1849 4495 1974 4567 pol-

321 4595 565 4650 lutione.
591 4593 656 4648 P.
686 4591 845 4648 Odor
875 4595 1033 4654 tuus,
1061 4589 1330 4650 Domine,
1355 4585 1868 4658 concupiscentiae
1914 4584 1974 4639 in

324 4699 422 4738 me
451 4682 722 4737 excitavit
749 4685 1025 4735 aeternas.
1078 4678 1139 4737 x".
1192 4680 1369 4733 Notas
1427 4675 1572 4730 mihi
1620 4675 1804 4729 fecisti
1853 4673 1976 4728 vias

323 4773 482 4836 vitas,
516 4775 573 4826 et
601 4769 879 4841 implebis
907 4769 966 4822 in
995 4766 1195 4822 laetitia
1222 4781 1359 4820 cum
1389 4765 1554 4820 vultu
1579 4767 1700 4819 tuo:
1720 4762 1975 4818 delecta-

323 4861 516 4915 tiones
546 4859 608 4914 in
628 4858 875 4913 dextera
905 4860 1010 4912 tua
1038 4870 1226 4927 usque
1250 4854 1311 4908 in
1332 4853 1532 4909 ﬁnem.
1559 4851 1790 4909 P.0dor
1817 4854 1974 4906 tuus.

323 4949 384 5005 V.
417 4947 638 5016 Gloria,
673 4946 960 5010 ethonor,
990 4949 1098 5000 etc.
1127 4943 1194 4998 P.
1227 4943 1382 4999 Odor
1402 4946 1557 4998 tuus.

397 5055 624 5110 Oratio.
659 5052 914 5107 Dilectus
940 5067 976 5107 a
1015 5056 1088 5116 te,
1142 5050 1389 5105 Domine
1439 5051 1578 5104 Jesu
1620 5046 1862 5109 Christe,
1892 5044 1974 5099 in-

328 5143 563 5199 eﬂabile
579 5141 966 5198 testimonium
984 5138 1289 5212 discipulis
1303 5137 1616 5210 perhibuit,
1641 5133 1978 5206 dum,quod

332 5233 786 5295 admiraremur,
818 5235 918 5285 tuo
938 5230 1012 5285 de
1034 5233 1270 5301 pectore
1307 5225 1579 5298 sumpsit,
1608 5222 1852 5280 miriﬁce
1891 5237 1978 5277 re—

331 5327 532 5392 putare
561 5319 1280 5393 promeruit:principium
1308 5331 1448 5385 ergo
1471 5315 1634 5387 quod
1650 5317 1704 5369 et
1727 5311 1980 5383 mystica

327 5410 440 5465 ﬁde
481 5410 788 5480 cognovit,
819 5412 873 5463 et
896 5407 1093 5463 verbis
1121 5406 1388 5478 mysticis
1454 5403 1713 5462 exoravit
1738 5417 1750 5455 :
1775 5404 1898 5457 esto
1920 5400 1978 5455 in

325 5515 424 5555 ore
445 5503 656 5556 nostro
683 5497 762 5554 ad
789 5497 1291 5568 complementum
1321 5494 1570 5560 virtutis,
1600 5492 1678 5549 ad
1700 5490 1981 5548 affectum

2050 448 2374 516 potentiam
2402 451 2716 521 magniﬁce
2744 452 3111 509 conﬁtemur.
3147 467 3210 522 Pg.
3241 461 3453 515 Amen.

2123 537 2226 589 Per
2255 538 2728 596 misericordiam
2760 544 2946 596 tuam.

2122 653 2190 709 Ην.
2231 643 2324 697 Vir
2346 644 2450 698 iste
2479 644 2539 699 in
2570 646 2790 716 populo
2821 664 2929 702 suo
2959 648 3304 704 mitissimus
3318 654 3688 723 apparuitse-

2053 735 2285 784 nectute
2314 733 2498 799 gravi,
2534 740 2589 788 et
2619 734 2805 802 gloria
2831 735 3067 806 dignus.
3092 739 3148 791 P.
3177 740 3283 793 lste
3297 745 3404 803 est,
3443 741 3689 811 quiorat

2053 832 2160 887 pro
2182 818 2404 889 populo
2435 824 2490 874 et
2520 836 2627 891 pro
2659 822 2889 878 civitate
2912 823 3042 879 ista.
3067 823 3127 883 )7.
3152 825 3244 880 Vir
3265 826 3371 882 iste
3385 843 3689 885 consecra-

2053 905 2136 960 vit
2167 906 2359 975 legem
2387 909 2486 963 Dei
2513 911 2745 975 excelsi,
2780 916 2836 967 et
2865 911 2926 966 in
2960 915 3279 970 tentatione
3304 917 3576 972 inventus
3605 921 3692 972 est

2053 994 2273 1049 ﬁdelis.
2307 997 2362 1049 P.
2400 1000 2514 1054 Iste
2545 1004 2648 1054 est.
2683 999 2745 1058 Ψ.
2777 999 2991 1066 Gloria,
3023 1007 3079 1058 et
3106 1002 3317 1069 honor,
3346 1009 3452 1060 etc.
3511 1005 3693 1061 Reite—

2053 1085 2221 1137 retur
2250 1093 2316 1151 rp.
2345 1083 2441 1139 Vis
2465 1084 2597 1141 iste.

2129 1191 2357 1247 Oratio.
2397 1195 2678 1248 Memores
2707 1199 3137 1266 praeceptorum
3160 1200 3416 1265 tuorum,
3447 1201 3691 1255 Domine

2054 1278 2192 1333 Jesu
2219 1279 2456 1352 Christe,
2485 1282 2705 1352 quibus
2721 1297 2831 1338 nos
2850 1285 3155 1340 memoriis
3176 1290 3517 1343 sanctorum
3533 1303 3692 1343 com-

2054 1367 2360 1423 municare
2386 1372 2737 1441 prtecepisti,
2770 1371 3690 1445 beatissimiApoatolituiJohan-

2054 1455 2167 1520 nis,
2202 1472 2443 1526 sparsos
2462 1473 2567 1528 per
2605 1459 2812 1514 orbem
2831 1460 3176 1516 meritorum
3215 1462 3413 1518 titulos
3436 1463 3692 1518 celebra-

2055 1546 2318 1616 mus,qui
2331 1561 2828 1618 coronam,quam
2845 1549 3103 1604 nominis
3116 1551 3694 1622 suiinterpretatione

2055 1635 2400 1704 promeruit,
2422 1635 2733 1705 privilegio
2777 1637 3105 1693 sanctitatis
3146 1639 3399 1695 obtinuit
3431 1657 3443 1693 ε
3474 1644 3695 1711 praesta

2052 1721 2476 1791 igitur,eodem
2498 1724 3138 1797 interveniente,ut,qui
3162 1727 3460 1797 praeconia
3483 1728 3689 1799 ipsius,

2055 1809 2353 1878 religionis
2382 1810 2542 1864 cultu
2560 1827 2936 1875 veneramur,
2963 1813 3294 1882 patrocinia
3310 1814 3438 1882 ejus
3470 1814 3694 1885 impen-

2056 1897 2178 1951 sius
2209 1913 2670 1969 consequamur.
2703 1909 2766 1968 Bg.
2797 1903 3006 1956 Amen.

2128 1987 2231 2040 Per
2261 1985 2735 2042 misericordiam
2765 1991 2928 2043 tuam
2942 2029 2954 2042 .

2127 2093 2167 2146 A
2180 2092 2220 2146 d
2243 2093 2366 2147 C(m
2375 2092 2622 2149 ticum.A
2634 2093 3245 2164 ntiphona.Thronum
3260 2094 3460 2164 glorias
3476 2093 3698 2154 heredi-

2058 2185 2147 2235 tas
2162 2181 2316 2236 illius
2336 2182 2657 2237 dutvotum
2677 2182 2988 2253 optanti,et
3006 2183 3520 2240 benedicetannos
3531 2183 3691 2255 justi.

2483 2287 2796 2343 Canticum
2834 2289 2892 2360 (Ι
2908 2288 3145 2358 Regum,
3191 2290 3268 2358 ιι).

2129 2394 2555 2450 Conﬁrmatum
2588 2399 2678 2450 est
2708 2411 2810 2452 cor
2838 2396 3118 2451 meumin
3139 2396 3504 2462 Domino,'et
3537 2394 3694 2451 exal-

2058 2487 2248 2539 tatum
2269 2487 2358 2538 est
2383 2498 2571 2538 cornu
2597 2499 2796 2538 meum
2828 2485 2889 2539 in
2917 2484 3035 2540 Deo
3058 2483 3302 2540 salutari
3320 2499 3492 2540 meo:

2129 2571 2445 2626 Dilatatum
2475 2576 2561 2626 est
2591 2587 2769 2644 super
2809 2573 3082 2628 inimicos
3126 2588 3291 2627 meos
3318 2588 3384 2627 os
3420 2587 3647 2626 meum:
3677 2573 3697 2592 "

2057 2660 2224 2715 lsetor
2255 2659 2477 2713 mihiin
2500 2660 2809 2714 sanctitate
2841 2661 3262 2724 tua.Quoniam
3283 2675 3405 2715 non
3443 2659 3698 2727 estalius

2058 2751 2231 2814 Deus,
2258 2747 2565 2818 quomodo
2585 2748 2738 2800 Deus
2768 2752 2999 2801 noster:

2133 2837 2330 2905 Neque
2358 2835 2550 2903 justus
2568 2837 2779 2903 praeter
2803 2839 2877 2899 te,
2903 2833 3268 2897 Domine,'et
3289 2837 3514 2887 nonest
3531 2846 3700 2886 sanc-

2064 2929 2192 2980 ctus
2219 2925 2430 2994 printer
2460 2925 2532 2976 te.

1985 3027 2024 3082 (ζ,
2133 3011 2314 3068 Nolite
2345 3010 2584 3081 gloriari
2613 3009 2864 3078 excelse,
2893 3013 2949 3064 et
2976 3009 3153 3065 nolite
3181 3008 3301 3065 alta
3336 3007 3497 3079 loqui
3515 3009 3574 3064 in
3613 3023 3705 3062 su-

2067 3100 2276 3174 perbia
2302 3116 2315 3165 ;
2339 3100 2357 3119 '
2389 3102 2445 3154 et
2470 3113 2543 3154 ne
2569 3102 2740 3154 exeat
2768 3097 3247 3169 magniloquium
3269 3114 3340 3153 ex
3361 3113 3460 3153 ore
3474 3100 3702 3153 vestro:

2068 3188 2355 3261 quoniam
2396 3187 2549 3242 Deus
2573 3186 2833 3241 scientiae
2864 3185 3154 3242 Dominus
3187 3190 3277 3241 est
3306 3203 3317 3238 :

2141 3277 2311 3343 Deus,
2328 3276 2430 3347 qui
2453 3278 2623 3347 parat
2645 3273 3093 3330 adinventiones
3115 3274 3296 3341 suas,’
3323 3287 3495 3327 arcus
3509 3275 3711 3342 poten-

2075 3366 2220 3420 tium
2237 3364 2572 3419 inﬁrmatus
2591 3365 2759 3428 est,et
2778 3360 3000 3415 inﬁrmi
3014 3360 3222 3414 virtute
3240 3357 3539 3429 praecincti
3553 3361 3708 3412 sunt.

2145 3451 2300 3507 Pleni
2327 3449 2584 3521 panibus
2597 3447 2872 3503 minorati
2891 3450 3045 3512 sunt,
3070 3449 3089 3468 ‘
3112 3445 3502 3500 etesurientes
3520 3448 3712 3498 trans-

2073 3541 2268 3597 ierunt
2297 3545 2515 3595 terram
2547 3555 2560 3592 :

2144 3627 2364 3683 Sterilis
2414 3624 2645 3696 peperit
2674 3620 2960 3692 septem,‘
2992 3625 3047 3675 et
3075 3619 3286 3676 foetosa
3309 3619 3370 3675 in
3392 3618 3524 3674 ﬁliis
3543 3619 3713 3674 inﬁr-

2073 3720 2236 3773 mata
2273 3719 2378 3769 est.

2146 3805 2300 3858 Deus
2328 3799 2640 3856 mortiﬁcat
2669 3802 2726 3854 et
2752 3797 3030 3861 viviﬁcat,
3065 3794 3362 3852 'ducitad
3381 3793 3600 3851 inferos
3657 3798 3713 3850 et

2072 3892 2318 3949 reducit.

2146 3983 2297 4036 Deus
2324 3991 2673 4051 pauperem,
2732 3979 2787 4030 et
2834 3973 3071 4029 divitem
3126 3968 3610 4042 facit,'humiliat
3658 3973 3714 4025 et

2077 4070 2313 4126 cxaltat.

2154 4159 2267 4231 56
2289 4157 2540 4214 Suscitat
2558 4154 2632 4209 de
2654 4157 2806 4212 terra
2822 4151 3108 4223 inopem,‘
3131 4155 3185 4204 et
3206 4164 3242 4204 a
3265 4151 3518 4204 stercore
3538 4144 3716 4216 erigit

2078 4261 2404 4320 pauperem
2422 4261 2431 4299 ἒ

2153 4339 2218 4391 Et
2247 4335 2448 4391 sedere
2481 4332 2620 4388 facit
2648 4346 2787 4387 eum
2813 4345 2950 4385 cum
2969 4326 3344 4400 principibus
3357 4321 3716 4398 populisui,’

2082 4431 2135 4481 et
2161 4425 2444 4480 thronum
2472 4421 2671 4490 gloriae
2702 4417 3086 4474 hereditatem
3116 4414 3285 4470 dabit
3305 4413 3401 4468 illi.

2155 4514 2264 4568 Dat
2293 4515 2497 4568 votum
2545 4508 2789 4580 optanti,
2824 4510 2879 4561 et
2920 4504 3229 4560 benedicet
3277 4516 3469 4558 annos
3516 4498 3676 4570 justi,
3705 4498 3720 4515 '

2083 4604 2226 4674 quia
2251 4616 2367 4656 non
2398 4599 2457 4654 in
2482 4597 2708 4652 viribus
2731 4599 2937 4666 potens
2963 4599 3050 4648 est
3085 4593 3188 4647 vir.

2157 4691 2407 4745 Omnem
2434 4687 2593 4741 enim
2616 4684 2922 4738 inﬁrmum
2953 4683 2973 4703 ⁰
2999 4681 3136 4736 facit
3158 4677 3565 4736 adversarium
3591 4674 3720 4745 ejus

2084 4778 2369 4834 DominUS
2396 4779 2669 4832 sanctus:

2154 4871 2281 4923 Non
2313 4863 2594 4934 glorietur
2645 4859 2882 4931 sapiens
2917 4858 2976 4912 in
3021 4854 3309 4928 sapientia
3340 4853 3504 4920 sua,‘
3529 4866 3722 4925 neque

2087 4955 2368 5027 glorietur
2397 4952 2561 5007 dives
2592 4950 2651 5004 in
2683 4947 2899 5004 divitiis
2928 4946 3074 5002 suis.

2155 5047 2353 5114 Neque
2379 5040 2659 5113 glorietur
2702 5035 2864 5092 fortis
2913 5035 2971 5088 in
2991 5031 3326 5091 fortitudine
3383 5046 3510 5094 sua,
3541 5027 3642 5084 sed
3663 5027 3722 5082 in

2087 5134 2202 5189 hoc
2233 5131 2545 5200 glorietur:
2570 5129 2591 5149 '
2622 5126 2724 5198 qui
2746 5123 3037 5194 gloriatur
3079 5122 3245 5188 scire,
3295 5123 3350 5176 et
3404 5117 3722 5183 intelligere

2089 5219 2444 5286 Dominum;
2480 5216 2670 5271 facere
2697 5211 3011 5285 judicium,
3045 5214 3101 5266 et
3114 5210 3406 5282 justitiam
3433 5205 3723 5274 superter-

2090 5324 2239 5364 ram.

2158 5395 2446 5451 Dominus
2474 5393 2745 5452 ascendit
2775 5392 2835 5447 in
2861 5389 3061 5458 caelos,
3091 5392 3146 5443 et
3171 5386 3332 5440 tonat
3367 5397 3378 5434 :
3425 5373 3726 5448 ipsejudi-

2089 5489 2182 5542 cat
2223 5490 2488 5542 extrema
2517 5488 2703 5542 terrae.
