4118 6184
442 302 533 380 134

506 446 719 500 Potens
750 441 860 506 est,
886 441 944 495 et
970 435 1074 493 dat
1098 433 1374 497 virtutem
1424 426 1684 502 regibus.
1725 424 1813 486 *et
1861 418 2076 479 exaltat
2102 424 2149 479 A

440 547 628 590 cornu
658 526 864 585 Christi
902 526 1014 582 sui.

511 620 839 677 Reiteretur
868 612 1228 682 Antiphona.
1860 678 1863 679 γ

512 700 609 762 Ad
636 697 1401 766 Benedictus.Antiphona.
1450 688 1783 749 Benedictio
1839 682 2077 741 Domini

440 794 501 850 in
530 790 865 849 mercedem
890 789 1033 859 justi
1069 786 1321 841 festinat.

514 876 1175 938 CanticumBenedictus
1188 889 1248 927 es
1259 864 1493 927 Domine
1508 870 1681 924 Deus.
1692 861 2073 935 Quaererem.

509 970 667 1025 Sono
679 1010 691 1023 .
705 968 769 1021 In
794 966 1109 1035 conspectu
1118 960 1477 1030 Angelorum
1492 953 1743 1029 psallam
1756 947 2077 1014 tibi,Domi-

440 1049 1159 1121 ne,Alleluia.V.Adorabo
1188 1047 1265 1103 ad
1286 1046 1574 1116 templum
1595 1044 1868 1121 sanetum
1880 1040 2073 1101 tuum,

443 1118 872 1201 et—conﬁtebor
898 1137 1129 1194 nomini
1174 1141 1296 1200 tuo,
1362 1118 1637 1188 Domine.
1678 1122 1743 1182 P.
1817 1118 2072 1181 Psallam

442 1230 546 1289 tibi
559 1269 572 1285 .

511 1316 744 1373 Lauda.
800 1313 1054 1370 Laudate
1110 1310 1431 1367 Dominum
1474 1306 1548 1363 de
1591 1303 1785 1363 omlis:
1808 1299 2073 1358 Alleluia.

444 1406 704 1464 Laudate
733 1408 871 1459 eum
896 1404 956 1458 in
982 1399 1250 1457 excelsis.
1283 1396 1549 1453 Alleluia.

513 1495 649 1552 Atia
676 1487 1490 1551 Lauda.Alleluia.Confessio
1503 1485 1631 1556 ejus
1650 1494 1830 1554 super
1841 1478 2079 1544 caelum,

444 1589 502 1642 et
526 1577 1333 1641 terram.Alleluia.Exaltabit
1352 1590 1539 1632 cornu
1558 1570 1764 1646 populi
1792 1569 1904 1625 sui.
1935 1566 2083 1623 Alle-

444 1673 585 1729 luia.
617 1672 681 1731 1V.
713 1672 981 1741 Hymnus
1010 1672 1098 1723 est
1125 1665 1405 1722 omnibus
1453 1661 1677 1720 sanctis
1733 1660 1883 1729 ejus.
1940 1655 2086 1711 Alle~

448 1760 569 1816 luia
590 1775 602 1815 :
626 1759 897 1814 Psalmus
913 1770 1131 1811 axnvm.
2123 1769 2168 1823 Β

552 1846 745 1903 Lectio
773 1843 909 1901 libri
933 1842 1261 1912 Sapientiae
1282 1839 1609 1897 Salomonis
1634 1835 1808 1906 (Cap.
1858 1833 1935 1903 χ).

522 1945 591 2003 ﬁ.
630 1934 749 1988 Deo
780 1930 1020 2000 gratias.

521 2021 824 2093 Sapientia
837 2020 1070 2091 justum
1082 2016 1327 2073 deduxit
1340 2026 1447 2087 per
1460 2014 1591 2070 vias
1606 2013 1881 2081 rectas,et
1901 2010 2091 2063 osten-

446 2109 533 2167 dit
560 2109 642 2165 illi
677 2122 932 2178 regnum
960 2106 1083 2171 Dei,
1116 2108 1174 2161 et
1199 2104 1362 2159 dedit
1384 2102 1464 2158 illi
1491 2100 1799 2157 scientiam
1850 2098 2091 2153 Sancto-

444 2195 972 2253 rumzhonestavit
1014 2191 1181 2248 illum
1202 2191 1266 2246 in
1320 2189 1649 2251 laboribus,
1686 2191 1743 2243 et
1772 2182 2093 2254 complevit

444 2284 686 2341 labores
715 2282 965 2338 illius.ln
994 2279 1204 2338 fraude
1229 2275 1815 2339 circumvenientium
1831 2272 1998 2327 illum
2010 2268 2093 2326 af-

445 2371 636 2438 fuit,et
662 2371 981 2429 honestum
1000 2368 1169 2423 illum
1191 2364 1686 2423 facit.Custodivit
1706 2361 1875 2418 illum
1898 2358 1974 2415 ab
1986 2358 2090 2413 ini-

445 2459 636 2526 micis,
668 2462 726 2517 et
750 2474 787 2515 a
814 2456 1226 2519 seductoribus
1256 2452 1468 2512 tutavit
1494 2452 1688 2523 illum,
1708 2454 1764 2507 et
1790 2452 2093 2505 certamen

446 2548 689 2604 fortium
715 2545 877 2603 dedit
894 2532 975 2600 illi
1006 2547 1072 2599 ut
1088 2544 1369 2612 vinceret,
1401 2537 1945 2613 etsciretquoniam
1960 2550 2094 2591 om-

445 2637 613 2693 nium
634 2634 928 2708 potentior
956 2636 1044 2689 est
1065 2631 1373 2705 sapientia.
1405 2629 1540 2685 Haec
1560 2628 1828 2683 vinctum
1853 2626 2088 2696 justum

445 2739 568 2780 non
589 2718 920 2794 dereliquit,
953 2718 1059 2775 sed
1088 2735 1123 2775 a
1145 2717 1558 2791 peccatoribus
1574 2712 1849 2772 liberavit
1873 2712 2041 2766 illum
2074 2726 2087 2763 :

444 2810 750 2867 descendit
778 2825 915 2865 cum
927 2808 1070 2865 eoin
1082 2808 1401 2872 foveam,et
1430 2805 1492 2860 in
1520 2802 1771 2859 vinculis
1789 2815 1911 2857 non
1924 2798 2088 2855 dere-

441 2899 610 2973 liquit
628 2898 817 2963 illum,
857 2897 1049 2953 donec
1092 2895 1328 2952 afferret
1353 2893 1435 2949 illi
1467 2895 1771 2964 sceptrum
1811 2889 1998 2961 regni,
2032 2892 2091 2943 et

441 2987 773 3062 potentiam
799 2985 1088 3042 adversus
1103 3000 1224 3048 eos,
1258 2983 1361 3056 qui
1390 2997 1528 3037 eum
1553 2979 1971 3053 deprimebant
1999 2993 2009 3031 :
2034 2980 2092 3032 et

442 3076 763 3131 mendaces
792 3072 1066 3140 ostendit,
1088 3069 1194 3143 qui
1214 3070 1667 3126 maculaverunt
1685 3084 1843 3136 eum,
1859 3069 1916 3123 et
1929 3063 2092 3123 dedit

442 3162 525 3217 illi
554 3162 883 3216 claritatem
909 3164 1221 3226 aeternum,
1254 3170 1319 3227 Βρ.
1358 3159 1566 3213 Amen.

514 3248 903 3319 Hymnustte
925 3247 1145 3303 electus
1184 3245 1503 3302 Johannes.
1547 3244 1753 3312 Qua’re
1788 3257 1975 3313 supra
2028 3243 2091 3297 in

454 3325 618 3407 Vesp.
656 3336 769 3406 fol.
790 3332 881 3390 54.
911 3334 1305 3405 δἀρρίἱςαιιό,
1337 3336 1403 3388 ut
1424 3346 1634 3403 supra.

512 3424 801 3496 Capitula.
841 3412 1106 3478 Christus
1139 3419 1243 3476 Dei
1273 3419 1467 3488 Filius,
1499 3417 1606 3492 qui
1626 3412 1682 3477 te
1702 3417 2087 3492 principium,

441 3506 606 3585 quod
636 3512 766 3583 ipse
788 3527 871 3575 es,
904 3510 964 3566 in
995 3524 1096 3565 ore
1126 3524 1163 3565 a
1187 3511 1243 3564 te
1268 3506 1466 3563 dilecti
1489 3498 1764 3579 discipuli
1798 3508 1880 3563 ita
1901 3505 2088 3561 conﬁ-

445 3601 553 3659 teri
583 3599 819 3665 dedisti,
844 3602 910 3655 ut
936 3598 1074 3654 illuc
1094 3612 1197 3653 cor
1221 3596 1350 3669 ejus
1366 3594 1864 3669 ascenderet,quo
1887 3593 2090 3651 nullus

440 3676 593 3744 alius
614 3686 899 3743 valuisset
922 3729 937 3753 ,
962 3686 1057 3742 fac
1086 3702 1197 3742 nos
1217 3684 1301 3741 tui
1322 3685 1586 3741 muneris
1615 3686 1806 3756 gratia
1819 3700 1921 3741 cor
1938 3699 2092 3741 sem-

437 3792 545 3851 per
574 3776 635 3833 in
658 3776 930 3847 supernis
959 3774 1181 3831 habere
1204 3792 1215 3828 :
1240 3774 1544 3840 ut,exinde
1566 3774 1870 3845 capientes
1881 3773 2092 3851 verita-

440 3848 513 3920 tis
541 3863 904 3921 omnimodae
944 3860 1353 3933 disciplinam,
1386 3863 1552 3934 quod
1584 3858 1681 3919 hic
1696 3848 1950 3934 professi
1966 3860 2090 3918 fue-

438 3954 629 4017 rimus
657 3968 728 4009 ex
753 3967 872 4020 ore,
897 3951 1097 4007 futuro
1123 3966 1564 4022 consequamur
1594 3951 1657 4008 in
1686 3966 1954 4009 munere.

508 4042 680 4097 Pater
710 4044 931 4096 noster.
963 4038 1217 4095 Liberati
1247 4054 1284 4095 a
1321 4039 1506 4095 malo.
1538 4040 1650 4108 fol.
1700 4041 1754 4092 2.

506 4129 733 4187 Lauda.
768 4127 1198 4185 Germinabunt
1221 4143 1359 4185 ossa
1380 4128 1873 4186 tua.Benedictio.
1891 4127 2080 4197 Chris-

436 4210 532 4273 tus
558 4217 864 4283 Dominus,
904 4216 1009 4289 qui
1033 4214 1335 4273 dilectum.
1377 4216 1497 4285 fol.
1538 4216 1624 4271 54.

506 4308 570 4361 ln
593 4304 834 4363 nomine
864 4303 1117 4363 Domini.

441 4386 509 4449 IN
566 4393 930 4457 ALLISIONE
983 4392 1601 4494 §IVE
1668 4393 2085 4452 SANCTORUM
2111 4428 2158 4494 Ι)

482 4502 503 4519 ι
982 4480 1356 4538 INNOCENTI
1366 4480 1487 4539 UM.

1031 4570 1119 4626 Ad
1164 4560 1459 4640 Vesperos.

2130 3113 2171 3170 C

500 4660 731 4721 Lauda.
774 4661 1054 4717 Exortum
1100 4662 1188 4714 est
1229 4657 1291 4714 in
1332 4655 1593 4715 tenebris
1642 4657 1848 4717 lumen
1905 4659 2079 4716 rectis

433 4750 645 4805 corde:
679 4748 1033 4815 misericors,
1070 4751 1127 4803 et
1155 4746 1466 4804 miserator
1508 4747 1819 4804 Dominus.
1863 4745 1931 4810 ἡ.
1983 4749 2084 4807 Di-

431 4840 653 4894 rectam
682 4836 817 4893 fecit
843 4836 1005 4897 viam
1031 4835 1416 4907 justorum,et
1430 4835 1794 4909 praeparavit
1813 4836 1920 4893 iter
1942 4852 2074 4894 san-

434 4928 689 4981 ctorum.
711 4928 770 4979 P.
804 4924 1145 4981 Misericors.

500 5012 675 5068 Dicat
704 5013 1031 5083 Presbyter.
1060 5008 1349 5070 Dominus
1381 5012 1461 5072 sit
1487 5013 1812 5086 sempemt.
1832 5016 1897 5072 Et
1916 5029 2075 5071 cum.

500 5102 659 5160 Sono
683 5102 993 5167 Justorum
1019 5102 1235 5160 animai
1260 5103 1321 5159 in
1349 5118 1538 5161 manu
1558 5102 1660 5158 Dei
1680 5106 1837 5172 sunt,
1869 5107 1927 5160 et
1954 5119 2079 5160 non

428 5194 633 5262 tanget
659 5190 791 5247 illos
830 5194 1194 5249 tormentum
1240 5192 1471 5249 mortis.
1514 5190 1781 5248 Alleluia.
1836 5190 1896 5253 ir.
1959 5193 2075 5249 Visi

429 5285 565 5335 sunt
592 5280 652 5335 in
677 5279 864 5336 oculis
888 5279 1301 5352 insipientium
1321 5280 1493 5345 mori,
1522 5280 1912 5337 aestimataest
1951 5297 2075 5339 ma-

426 5368 1106 5426 litiaexitusillorumzilli
1133 5372 1333 5425 autem
1360 5372 1497 5425 sunt
1526 5368 1586 5423 in
1618 5366 2061 5439 pace.Alleluia.

499 5458 673 5514 Dicat
700 5454 1327 5528 Presbyter.Dominus
1353 5454 1425 5509 sit
1456 5471 1711 5530 semper.
1733 5455 1795 5519 Ψ.
1828 5446 2069 5517 Etcum.

500 5543 679 5603 Sana.
701 5545 970 5603 Alleluia.
1000 5548 1027 5601 J
1034 5544 1150 5602 usti
1174 5544 1237 5601 in
1262 5534 1630 5614 perpetuum.

1679 280 2131 356 BBEVIARIUM
2172 284 2562 350 GOTHICUM.

3728 282 3829 343 132

2254 419 2314 479 Ψ.
2350 421 2416 475 Et
2445 416 2609 489 apud
2640 415 2927 473 Dominus
2956 415 3044 469 est
3071 425 3298 468 merces
3326 409 3829 468 eorum.Alleluia.

2183 506 2451 563 Alleluia.

2253 594 2432 651 Dicat
2455 593 2788 663 Presbyter.
2821 589 3110 648 Dominus
3138 588 3228 645 sit.
3252 586 3313 649 Y.
3357 587 3425 643 Et
3457 602 3615 642 cum.

2254 674 2614 751 Antiphona.
2643 682 2709 737 Hi
2749 683 2905 745 sunt,
2941 679 3046 751 qui
3067 680 3401 748 sequuntur
3416 690 3643 744 agnum
3686 692 3837 749 quo-

2186 786 2444 842 cumque
2473 770 2686 825 ieritzhi
2709 772 2849 824 sunt
2873 766 3055 841 empti
3074 781 3143 821 ex
3171 763 3521 820 hominibus
3554 763 3830 837 primitiae

2186 858 2326 926 Deo,
2351 863 2406 913 et
2434 857 2767 928 Agno.P.Et
2791 858 2853 912 in
2873 872 2974 911 ore
3005 870 3210 909 eorum
3243 868 3366 909 non
3396 854 3487 908 est
3528 851 3837 909 inventum

2184 947 2566 1004 mendacium
2593 966 2605 1001 ί
2628 946 2914 1018 quoniam
2950 943 3073 999 sine
3100 940 3336 998 macula
3366 945 3503 999 sunt
3542 941 3602 998 in
3671 958 3840 1000 cons-

2182 1037 2355 1107 pectu
2385 1035 2484 1090 Dei
2514 1035 2623 1089 sui.
2656 1034 2717 1093 if.
2746 1036 2774 1087 J
2782 1033 2891 1089 usti
2915 1048 3053 1088 vero
3078 1031 3137 1087 in
3158 1033 3505 1104 perpetuum
3535 1031 3754 1102 vivent,
3782 1037 3838 1087 et

2184 1120 2347 1193 apud
2374 1122 2694 1177 Dominum
2716 1126 2803 1177 est
2821 1136 3050 1177 merces
3081 1120 3382 1176 eorum.P.
3424 1121 3489 1175 Et
3516 1119 3579 1175 in
3613 1136 3731 1183 ore.
3764 1120 3831 1181 tr.

2184 1210 2395 1266 Gloria.
2428 1210 2495 1265 P.
2525 1210 2591 1265 Et
2612 1211 2673 1265 in
2697 1225 2819 1266 ore.

2253 1300 2484 1356 Lauda.
2508 1300 2576 1354 Hi
2603 1304 2756 1362 sunt,
2789 1297 2895 1371 qui
2948 1312 3071 1354 non
3094 1296 3558 1369 inquinaverunt
3618 1299 3841 1352 vestem

2190 1406 2365 1446 suam
2394 1406 2406 1444 :
2431 1404 2669 1445 mecum
2700 1386 3099 1443 ambulabunt
3115 1385 3173 1442 in
3189 1383 3654 1457 albis,quoniam
3672 1383 3845 1456 digni

2191 1480 2351 1534 sunt.
2384 1478 2423 1533 P
2437 1521 2450 1534 .
2465 1477 2529 1533 Et
2545 1477 2909 1550 quicumque
2929 1474 3240 1545 vicerit,sic
3256 1473 3840 1530 vestietur.Alleluia.

2190 1569 2361 1622 Veste
2391 1566 2667 1623 candida.
2720 1563 2986 1620 Alleluia.
3019 1562 3289 1619 Alleluia.
3346 1562 3611 1617 Alleluia.
3662 1562 3724 1621 it.
3777 1561 3845 1617 Et

2195 1654 2601 1710 clamaverunt
2621 1652 2764 1724 justi
2777 1652 2854 1707 ad
2877 1651 3364 1714 Dominum,cum
3380 1648 3834 1704 tribularentur:

2196 1743 2271 1799 de
2295 1741 2780 1798 necesssitatibus
2819 1756 3027 1796 eorum
3059 1754 3217 1810 saepe
3240 1738 3643 1794 liberaviteos.
3673 1730 3740 1792 P.
3776 1736 3844 1793 Et

2197 1832 2583 1905 quicumque.
2622 1830 2684 1890 il.
2717 1829 2931 1885 Gloria.
2966 1829 3028 1883 P.
3057 1827 3123 1883 Et
3150 1827 3537 1900 quicumque.

2876 1917 3176 1986 Hymnus.

2446 2009 2602 2063 Deus
2622 2008 2987 2069 sanctorum,
3019 2003 3351 2076 psallimus,

2378 2096 2587 2153 Christi
2616 2098 2894 2150 canentes
2925 2093 3194 2165 praemia,

2378 2184 2490 2249 Qui
2506 2186 2711 2239 sancto
2734 2182 2937 2253 largus
2970 2181 3188 2254 Spiritu

2376 2270 2779 2344 Triumphum
2815 2269 2977 2326 dedit
2999 2265 3279 2342 parvulis.

2452 2360 2559 2434 57
2595 2360 2675 2415 Ex
2706 2374 2808 2415 ore
2838 2374 3081 2433 quoque
3099 2356 3418 2413 infantium

2376 2450 2636 2505 Perfecta
2650 2448 2825 2504 laude
2860 2446 3116 2514 Domini,

2374 2541 2584 2593 Totum
2615 2540 2825 2609 potens
2855 2538 2920 2594 in
2940 2535 3219 2592 omnibus

2375 2630 2543 2682 Artes
2564 2624 2854 2682 destruxit
2872 2624 3095 2681 Zabuli.

2445 2716 2556 2781 Qui
2585 2719 2848 2771 mentem
2875 2714 3031 2784 regis
3050 2712 3217 2786 impii

2373 2804 2644 2860 Visorum
2674 2818 2859 2873 agens
2891 2802 3167 2871 stimulis,

2374 2894 2564 2949 Deum
2592 2906 2913 2963 regemque
2935 2890 3256 2946 Dominum

2374 2982 2551 3037 Posse
2581 2980 2886 3052 persuasit
2915 2979 3153 3051 perimi.

2447 3070 2599 3139 Magi
2638 3073 2969 3141 sequuntur
2996 3067 3255 3124 indicem

2374 3159 2649 3215 Ducentis
2674 3158 2887 3214 faciem
2914 3156 3148 3224 sideris,

2373 3248 2514 3314 Quae
2551 3251 2685 3303 ortu
2716 3247 2811 3302 sui
2830 3245 3079 3302 luminis

2374 3338 2608 3391 IEterno
2639 3334 2887 3391 serviret
2913 3334 3063 3405 regi.

2444 3423 2705 3479 Herodes
2727 3427 2939 3479 natum
2968 3421 3179 3478 metuit

2375 3513 2594 3581 Regem
2611 3512 2831 3567 Judmae
2851 3510 3140 3576 debitum,

2374 3602 2437 3655 In
2468 3615 2591 3671 qua
2616 3603 2895 3656 externus
2926 3612 3138 3669 genere

2377 3688 2620 3744 Succedi
2650 3687 2899 3745 timebat
2938 3687 3071 3743 sibi.

2440 3777 2483 3831 E
2508 3778 2664 3833 dicto
2685 3776 2818 3833 caeli
2848 3776 3061 3848 posito,

2374 3865 2559 3935 Magis
2585 3866 2647 3921 in
2667 3870 2888 3922 terram
2916 3862 3155 3920 territus

2372 3954 2570 4011 Totius
2590 3969 2840 4011 causam
2874 3952 3074 4009 saeculi

2373 4044 2576 4099 Caecus
2599 4044 2833 4113 ignorat
2860 4041 3155 4099 ambiens.

2444 4132 2767 4204 Verbisque
2805 4132 2964 4188 mitis
2993 4131 3257 4203 primum

2372 4219 2642 4276 Gaudere
2662 4235 2793 4277 sese
2830 4219 3095 4288 simulat,

2370 4308 2775 4364 Adoraturum
2814 4308 3103 4379 pollicens

2370 4398 2587 4452 Natum
2610 4397 2861 4467 regressi
2891 4400 2955 4451 ut
2974 4394 3294 4467 prodeunt.

2437 4483 2551 4540 Sed
2579 4485 3027 4556 postquamDeo
3055 4482 3288 4547 moniti,

2367 4572 2526 4629 Dolis
2548 4576 2701 4630 terra
2729 4572 2973 4629 evanuit
3002 4590 3016 4628 :

2368 4664 2634 4717 lmmane
2659 4665 2842 4718 tentat
2870 4660 3122 4729 facinus,

2370 4749 2605 4807 Cunctis
2630 4750 2902 4820 ignotum
2934 4748 3186 4806 saeculis.

2440 4838 2736 4895 Christum
2764 4838 3100 4895 Bethlehem
3136 4835 3411 4897 audierat

2368 4926 2578 4982 Divino
2609 4926 2775 4984 nasci
2800 4925 3061 4997 oraculo,

2368 5010 2539 5067 Urbis
2564 5011 2770 5068 audito
2800 5011 3063 5079 nomine,

2364 5097 2616 5156 Parente
2641 5115 2762 5173 quo
2792 5099 3051 5155 nascitur
3072 5096 3337 5154 nescius.

2453 5190 2756 5269 Nascentis
2784 5194 3018 5261 tempus
3056 5191 3436 5259 computans,

2365 5277 2523 5334 infra
2541 5278 2837 5335 bimatum
2861 5293 3103 5349 pueros,

2363 5368 2612 5423 Matrum
2636 5370 2839 5438 raptos
2868 5368 2946 5422 ab
2977 5364 3281 5435 uberibus,

2363 5458 2581 5513 Necare
2601 5454 2773 5526 jubet
2810 5455 3056 5528 impius.

2470 5545 2628 5609 Quos
2655 5546 2831 5601 testes
2862 5543 2973 5600 sibi
3002 5542 3288 5601 Dominus
