4118 6184
247 205 355 262 133

434 333 605 388 Certo
636 347 926 403 passurus
955 337 1234 408 tempore,

434 421 574 476 Pius
607 421 968 494 Redemptor
996 428 1269 484 omnium

434 510 635 565 Laude
662 513 914 568 sacravit
937 516 1250 586 perpetim,

505 599 731 654 Oblatis
756 603 1004 657 Matrum
1030 604 1286 671 fletibus,

433 688 770 742 Ostendens
794 691 908 744 seri
928 689 1286 763 lachrymis,

433 776 517 829 Ad
542 776 805 832 futuram
839 779 1090 848 gloriam

431 867 614 920 Certis
647 872 900 922 metetur
926 869 1185 936 gaudiis.

503 955 796 1010 Memento
828 957 1035 1012 salutis
1055 958 1296 1027 Auctor,

429 1043 600 1106 Quod
628 1045 816 1100 nostri
835 1046 1146 1118 quondam
1176 1050 1441 1120 corporis

435 1140 520 1192 Ex
555 1131 786 1191 illibata
816 1135 1054 1205 Virgine

427 1223 736 1282 Nascendo
763 1222 1022 1278 formam
1052 1225 1402 1298 sumpseris.

511 1313 698 1370 Gloria
727 1311 847 1380 tibi,
882 1311 1153 1378 Domine,

1450 217 1520 272 IN
1558 209 1783 275 FESTO
1818 213 1924 277 SS.
1966 213 2478 285 INNOCENTIUM.

1951 359 1995 411 Α
2099 344 2528 406 0ratio.Redde
2539 352 2714 409 nobis
2733 355 2973 414 astitiam
2988 359 3261 420 salutaris
3276 366 3380 432 tui,
3394 368 3664 431 Domine:

3561 239 3666 309 194

2023 446 2210 503 quam
2233 436 2545 495 amisimus
2565 441 2766 514 inique
2788 447 3067 515 gerendo,
3098 449 3211 522 58
3229 458 3670 527 etprmtermisi-

2023 534 2158 575 mus
2172 524 2530 593 negligendo
2550 549 2561 586 :
2585 534 2648 585 tu
2660 546 2768 586 nos
2781 533 2858 588 ad
2869 550 3002 591 eam
3015 553 3247 604 revoca,
3263 524 3319 599 et
3333 561 3468 602 eam
3491 549 3668 606 nobis

2020 613 2324 703 restaura:
2359 620 2422 668 ut
2443 623 2686 686 peccato
2716 621 2987 692 expulso,
3010 629 3290 686 succedat
3307 631 3536 701 justitia
3567 656 3581 703 ;
3611 643 3667 693 et

2020 699 2300 793 maestitia
2325 704 2583 773 repulsa,
2621 712 2840 764 aaterna
2873 710 3028 767 adsit
3054 713 3256 772 laetitia
3285 699 3410 788 ;'da
3433 699 3666 793 quaesu-

2017 799 2174 871 mus,
2223 787 2380 844 hanc
2401 791 2850 861 jocunditatem,
2882 803 2945 854 ut
2992 804 3298 871 pervenire
3324 787 3664 869 mereamur

2014 870 2090 925 ad
2114 876 2399 930 aeternam
2427 879 2700 936 salutem.
2730 895 2792 952 Βι.
2817 870 3022 942 Amen.

2084 960 2192 1014 Per
2213 963 2685 1024 misericordiam
2723 975 2910 1029 tuam.

2081 1051 2445 1140 Antiphona.
2485 1056 2661 1112 Sinite
2693 1059 2954 1118 Infantes
2998 1066 3198 1123 venire
3223 1069 3302 1124 ad
3326 1086 3422 1128 me
3455 1091 3468 1140 ;
3503 1073 3563 1129 P.
3598 1078 3665 1133 Et

2010 1135 2189 1191 nolite
2209 1141 2524 1208 prohibere
2545 1160 2648 1200 eos
2679 1163 2690 1201 :
2717 1149 2924 1204 talium
2952 1156 3038 1208 est
3058 1155 3217 1210 enim
3251 1135 3466 1226 regum
3492 1164 3664 1219 coelo-

2010 1239 2146 1280 rum
2175 1226 2236 1285 ἰν.
2260 1229 2533 1287 Accedite
2559 1233 2636 1288 ad
2665 1235 2872 1304 Deum,
2901 1245 2957 1295 et
2977 1239 3392 1301 illuminamini
3417 1265 3430 1301 :
3455 1253 3512 1305 et
3534 1249 3661 1306 vul-

2011 1316 2307 1406 tus_vestri
2352 1333 2472 1373 non
2501 1321 2877 1380 erubescent.
2918 1327 2979 1381 P.
3013 1331 3077 1382 Et
3102 1332 3286 1388 nolite
3323 1336 3660 1406 prohibere.

437 1403 542 1468 Qui
577 1406 744 1456 natus
766 1415 828 1455 es
848 1399 924 1456 de
944 1401 1196 1471 Virgine,
1223 1407 1334 1460 etc.
2012 1400 2072 1459 γ.
2099 1399 2315 1467 Gloria,
2340 1410 2394 1460 et
2418 1406 2612 1463 honor
2641 1415 2752 1466 etc.
2780 1413 2842 1468 P.
2868 1416 2935 1468 Et
2954 1415 3153 1473 nolite.

312 1491 711 1561 Supplicatio.
733 1491 982 1545 Oremus
1005 1491 1454 1563 Redemptorem
1472 1493 1680 1549 mundi
1708 1493 1907 1553 Domi.
2014 1575 2023 1576 ί
2087 1489 2310 1546 Oratio.
2341 1492 2585 1563 Christe,
2606 1497 2707 1552 Dei
2750 1501 2946 1566 Filius,
2965 1506 3067 1575 qui
3085 1507 3366 1576 parvulos
3385 1511 3461 1566 ad
3479 1515 3665 1568 tecm-

232 1595 378 1634 num
393 1585 665 1634 nostrum
679 1580 872 1633 Jesum
894 1577 1211 1647 Christum,
1237 1596 1374 1636 cum
1402 1582 1567 1636 omni
1608 1583 1900 1655 supplica-
2010 1575 2173 1631 lestis
2207 1581 2530 1650 magisterii
2561 1585 2829 1644 doctrina
2853 1575 3112 1664 invitas;
3148 1593 3243 1651 fac
3271 1607 3382 1654 [λος
3431 1615 3666 1672 semper

235 1670 401 1723 tione
415 1684 728 1738 rogemus;
751 1674 938 1722 utnos
953 1685 1052 1738 per
1083 1669 1336 1737 gratiam
1354 1671 1674 1726 nativitatis
1697 1674 1826 1743 ejus
1847 1679 1902 1730 et
1932 1699 1974 1754 Β
2012 1679 2139 1719 esse
2170 1667 2401 1725 malitia
2427 1674 2729 1741 parvulos,
2767 1683 2822 1732 et
2849 1681 3275 1738 mandatorum
3303 1688 3540 1744 tuorum
3562 1667 3665 1745 ob-

234 1771 344 1828 per
361 1756 854 1812 intercessionem
871 1758 1220 1811 Sanctorum
1238 1759 1643 1815 innocentium
1685 1776 1900 1832 parvu-
2008 1755 2337 1844 ξθτνειῐίοηθ
2358 1759 2648 1828 Perfectos
2669 1779 2682 1827 ;
2707 1767 2763 1819 et
2784 1767 2886 1835 qui
2913 1767 3118 1824 talium
3137 1786 3264 1826 esse
3277 1788 3531 1844 regnum
3549 1793 3663 1833 coe-

234 1822 254 1828 -
1690 1822 1703 1832 .
2361 1822 2377 1828 -
2670 1822 2677 1827 .
2801 1822 2822 1835 ι
2961 1822 2966 1823 κ
3095 1822 3117 1824 ἡ
3145 1822 3531 1844 ατη-οη...
3551 1822 3636 1833 -w

234 1846 437 1900 lorum
467 1850 804 1916 martyrum
837 1845 1012 1900 nobis
1033 1845 1280 1900 salutem
1296 1845 1510 1903 anima:
1530 1853 1585 1904 et
1607 1851 1894 1922 corporis,
2005 1822 2199 1897 1οῐἮῐΗ
2251 1851 2623 1915 pronuntias,
2674 1867 2786 1908 nos
2826 1854 2937 1909 illis
2986 1873 3137 1927 quos
3175 1859 3368 1917 bonos
3399 1865 3565 1936 apud
3605 1869 3658 1922 te

237 1938 299 1988 et
313 1933 739 1988 remissionem
781 1938 1158 2004 peccatorum
1188 1939 1467 2004 etpacem
1489 1939 1781 2010 propitius
1803 1940 1900 1995 tri-
2006 1933 2380 2000 COHJPI‘ObaS,
2421 1935 2545 1992 sine
2571 1939 2688 1995 ﬁne
2719 1943 3068 2014 coniungas.
3103 1955 3165 2012 Pr.
3196 1951 3386 2006 Amen

235 2021 427 2077 buere
450 2022 747 2092 dignetur.
768 2033 829 2090 ἢν.
849 2025 1306 2087 Prassta,:eterne
1324 2025 1702 2096 omnipotens
1723 2031 1893 2084 Deus.
2079 2019 2189 2074 P8P
2213 2023 2682 2083 misericordiam
2709 2033 2895 2086 tuam.

307 2112 488 2182 Hyrie
527 2111 770 2166 eleison.
814 2120 874 2181 ﬁ.
901 2110 1126 2166 Christe
1163 2110 1403 2168 eleison.
1448 2115 1620 2185 Kyrie
1653 2115 1876 2174 eleison

2078 2108 2432 2177 Antiphona.
2487 2113 2705 2170 Vocem
2761 2120 3070 2188 sanguinis
3117 2122 3196 2179 ad
3241 2127 3298 2181 te
3324 2123 3654 2185 clamantis.

305 2199 610 2270 Capitula.
634 2199 1283 2269 Christe,inenarrabile
1314 2201 1520 2258 lumen
1547 2204 1776 2273 mundi,
1797 2207 1900 2279 qui
2009 2195 2070 2248 P.
2105 2197 2275 2264 Audi,
2302 2199 2549 2258 Domine
2577 2220 2590 2258 τ
2624 2219 2958 2264 memorare
2987 2209 3407 2270 invictissimas
3438 2222 3659 2273 mortes

224 2288 662 2360 adhucinipsis
675 2287 989 2344 cunabulis
1001 2289 1645 2359 constitutus,nondum
1657 2293 1897 2350 effectus

221 2383 491 2448 martyr,
510 2377 778 2448 martyrii
792 2375 995 2450 palma
1017 2382 1280 2434 catervas
1296 2378 1613 2436 Infantium
1632 2381 1897 2440 dedicas-

223 2466 295 2522 ti:
320 2466 454 2536 qui,
503 2481 611 2520 nec
646 2465 793 2520 dum
820 2464 981 2537 loqui
1016 2465 1301 2532 valentes,
1335 2468 1446 2522 sub
1478 2485 1762 2526 mucrone
1793 2487 1896 2528 saa-

225 2554 483 2608 vientim
503 2553 704 2608 varios
726 2554 908 2609 fecisti
924 2555 1184 2624 mugitus
1205 2555 1753 2629 emittere:quorurn
1768 2561 1892 2615 ani-

227 2657 369 2696 mas
387 2641 465 2696 de
489 2641 707 2696 abditis
741 2641 1128 2712 infernorum,
1156 2647 1205 2698 te
1231 2649 1557 2714 spontanee
1586 2663 1687 2717 pro
1716 2649 1890 2703 nobis

224 2729 521 2784 omnibus
546 2730 853 2799 moriente,
878 2729 1137 2785 maluisti
1159 2731 1416 2803 eripere;
1443 2733 1673 2804 inspira
1691 2735 1792 2800 eis,
1817 2736 1889 2791 si-

224 2833 298 2873 ne
315 2818 762 2873 intermissione
781 2835 948 2874 orare
962 2836 1070 2891 pro
1093 2821 1384 2892 parvulis:
1405 2827 1484 2886 ut,
1509 2822 1613 2895 qui
1633 2826 1888 2895 propriis

222 2921 354 2961 non
369 2907 681 2962 valeamus
696 2908 1558 2979 supplicationibusemundari
1572 2912 1887 2985 acrimine,

219 3013 463 3066 eorum,
510 2998 612 3068 qui
661 3003 731 3063 te,
773 3014 1148 3072 quocumque
1177 2998 1334 3064 ieris,
1359 3016 1494 3056 cum
1528 3000 1792 3073 hymnis,
1834 3007 1890 3061 et

222 3086 483 3140 canticis
515 3085 935 3157 adsequentur,
959 3092 1012 3143 et
1033 3087 1128 3143 hic
1149 3093 1204 3144 et
1226 3089 1285 3143 in
1316 3092 1602 3146 reternum
1626 3090 1887 3162 postula~

219 3173 497 3229 tionibus
527 3173 856 3230 abluamur.

291 3263 478 3319 Pater
501 3270 718 3320 noster.
755 3264 1004 3321 Liberati
1033 3281 1067 3322 a
1095 3265 1274 3323 malo.
1300 3267 1554 3339 Require
1568 3267 1682 3338 fol.
1708 3273 1759 3326 2.

289 3353 614 3409 Humiliate
643 3370 750 3410 vos
799 3355 1216 3411 benedictioni.

284 3441 578 3497 Dominus
592 3445 664 3498 sit
676 3458 896 3515 semper
906 3445 1209 3500 vobiscum
1221 3457 1301 3513 .m.
1313 3447 1377 3502 Et
1391 3459 1519 3500 cum
1534 3445 1737 3518 spiritu
1755 3449 1879 3504 tuo.

285 3531 664 3587 Benedictio.
694 3532 1042 3602 Unigenitus
1071 3534 1170 3588 Dei
1197 3534 1375 3602 ﬁlius,
1403 3551 1524 3606 quo
1547 3541 1798 3592 nacente
1820 3537 1880 3590 in

210 3619 408 3682 terris,
443 3620 920 3678 Bethlehemitica
949 3637 1089 3677 rura
1119 3623 1450 3678 occisorum
1474 3639 1584 3694 pro
1606 3639 1667 3679 se
1691 3622 1880 3679 Infan-

207 3708 369 3762 tium
397 3724 607 3763 cruore
637 3709 852 3765 infecta
875 3714 1029 3780 sunt,
1058 3709 1157 3766 det
1176 3710 1354 3766 nobis
1382 3711 1606 3767 habere
1639 3728 1881 3784 semper

209 3811 332 3867 pro
354 3812 415 3851 se
429 3797 692 3868 optabile
709 3803 938 3867 votum,
957 3803 1010 3855 et
1023 3799 1517 3855 remunerationis
1532 3800 1715 3872 parile
1735 3817 1880 3872 prte-

207 3886 433 3941 mium.
471 3898 532 3956 ne.
560 3887 766 3942 Amen.
803 3889 1032 3960 Quique
1053 3888 1183 3944 illos
1204 3903 1324 3944 non
1357 3905 1428 3945 ex
1458 3894 1646 3955 aetate,
1679 3891 1778 3945 sed
1805 3891 1879 3947 de

207 3975 511 4042 sanguine
548 3975 796 4030 victores
819 3976 1026 4042 effecit,
1054 3976 1181 4048 ipse
1210 3992 1320 4032 nos
1353 3977 1722 4033 confessores
1752 3977 1877 4033 effi-

207 4065 333 4118 ciat
355 4064 622 4119 criminis
643 4067 850 4120 nostri.
877 4078 939 4128 BI.
958 4067 1244 4124 Amen.Ut
1264 4083 1401 4121 cum
1430 4066 1517 4122 his
1546 4081 1802 4138 quorum
1825 4071 1880 4124 et

203 4168 326 4208 vox
345 4154 661 4221 sanguinis
675 4154 752 4208 ad
771 4153 955 4210 Deum
971 4154 1189 4211 clamat
1208 4155 1284 4210 de
1302 4161 1472 4225 terra,
1493 4161 1878 4212 remuneran-

201 4241 293 4297 da
311 4240 679 4314 quandoque
697 4242 1048 4300 admittatur
1065 4259 1099 4300 a
1116 4243 1342 4301 Christo
1361 4242 1654 4301 confessio
1673 4249 1878 4301 nostra.

202 4346 256 4384 ιι.
289 4332 493 4385 Amen

277 4419 398 4475 Per
420 4419 916 4476 misericordiam.

274 4511 523 4567 Lauda.
552 4509 863 4567 Candidati
886 4513 1026 4565 sunt
1055 4511 1307 4566 nazaraai
1339 4511 1441 4575 tui,
1485 4510 1641 4574 Sion,
1692 4525 1875 4582 supra

200 4601 416 4656 nivem
448 4617 460 4654 :
496 4598 558 4653 P.
589 4599 932 4671 Comparati
962 4599 1204 4670 saphiro
1245 4599 1610 4670 pulchriores
1649 4599 1874 4654 inventi

202 4695 367 4756 sunt,
405 4687 822 4760 dederuntque
845 4686 1096 4756 gloriam
1123 4687 1263 4742 Deo.
1301 4685 1564 4742 Alleluia.
1599 4685 1665 4744 ν.
1701 4688 1875 4742 Acce-

201 4774 323 4830 dite
346 4773 431 4828 ad
451 4774 661 4833 Deum,
687 4780 743 4828 et
763 4773 1187 4830 illuminamini
1212 4795 1223 4844 ;
1255 4774 1525 4831 etvultus
1552 4775 1722 4830 vestri
1753 4790 1874 4830 non

201 4864 586 4918 erubescent.
655 4861 712 4914 P.
778 4863 1117 4933 Comparati
1172 4863 1412 4934 saphiro
1480 4863 1872 4935 pulchriores.

201 4955 263 5010 it.
290 4953 514 5016 Gloria,
539 4955 596 5006 et
612 4951 808 5005 honor
829 4950 1007 5019 Patri,
1038 4954 1094 5007 et
1113 4951 1256 5016 ﬁlio,
1285 4956 1339 5006 et
1366 4950 1603 5024 Spiritui
1634 4953 1869 5008 Sancto.

201 5044 280 5099 P.
314 5040 662 5112 Comparati
683 5039 925 5111 saphiro
953 5039 1338 5111 pulchriores.

279 5133 511 5187 Oratio.
537 5130 784 5192 Christe,
814 5129 916 5184 Dei
939 5129 1122 5199 ﬁlius,
1145 5130 1248 5200 qui
1273 5127 1556 5200 parvulos
1588 5128 1666 5184 ad
1689 5132 1742 5185 te
1759 5143 1872 5184 cre-

201 5220 391 5276 lestis.
421 5221 672 5288 Require
686 5219 858 5285 infra
877 5218 941 5274 in
963 5217 1281 5274 Matutim's
1307 5218 1473 5273 istius
1496 5217 1657 5285 festi.

278 5309 782 5364 Adﬂalutinum.
805 5307 1167 5378 Antiphond.
1191 5307 1278 5362 Da
1297 5306 1471 5362 nobis
1496 5305 1761 5363 laetitiam
1782 5321 1872 5363 sa-

197 5398 411 5453 lutaris
433 5397 521 5453 tui
545 5414 558 5452 :
578 5400 638 5452 et
665 5396 875 5468 spiritu
894 5395 1209 5471 principali
1234 5394 1528 5452 conﬁrma
1539 5407 1669 5467 nos,
1680 5394 1872 5452 Domi-

198 5502 302 5544 ne.
335 5488 610 5544 Psatmus
637 5505 688 5542 ι..

2009 2284 2414 2343 Innocentium
2470 2294 2864 2362 parvulorum
2895 2301 3154 2355 tuorum.
3186 2301 3249 2360 ἡ.
3313 2304 3659 2363 Effuderunt

2007 2377 2359 2442 sanguinem
2386 2378 2768 2439 innocentem
2796 2385 2856 2440 in
2896 2386 3146 2444 circuitu
3175 2390 3556 2459 Hierusalem,
3603 2398 3660 2452 et

2003 2476 2125 2518 non
2147 2471 2270 2521 erat
2297 2468 2400 2538 qui
2427 2471 2714 2540 sepeliret.
2750 2474 2811 2527 P.
2843 2477 3014 2542 Audi,
3035 2477 3301 2545 Domine,
3322 2495 3659 2540 memorare

2002 2549 2064 2608 Ψ.
2111 2551 2308 2609 Gloria
2353 2561 2408 2611 et
2459 2557 2652 2615 honor
2695 2561 2872 2627 Patri,
2924 2570 3032 2620 etc.
3085 2567 3147 2621 P.
3185 2569 3358 2640 Audi,
3402 2570 3656 2628 Domine

2001 2653 2356 2700 memorare.

2075 2729 2292 2783 Oratio.
2318 2733 2659 2802 Memorare,
2684 2737 2947 2804 Domine,
2967 2739 3494 2799 invictissimorum
3516 2762 3648 2816 par-

1999 2815 2268 2871 vulorum
2300 2823 2536 2874 tuorum
2589 2837 2698 2891 pro
2730 2827 2836 2878 tuo
2889 2827 3132 2882 nomine
3176 2815 3557 2897 occisorumi,
3595 2838 3651 2890 et

1997 2907 2234 2975 praesta,
2267 2909 2552 2962 utvocem
2578 2911 2887 2979 sanguinis
2914 2929 3121 2969 eorum
3153 2931 3261 2987 pro
3291 2918 3465 2974 nobis
3491 2920 3570 2976 ad
3593 2925 3648 2976 te

1997 2993 2370 3066 clamantem,
2407 2997 2490 3052 sic
2515 2998 2832 3055 clementer
2862 3002 3146 3060 exaudias
3177 3023 3194 3072 ;
3230 3009 3292 3062 ut
3306 3006 3482 3063 nobis
3513 3023 3645 3066 om-

1991 3081 2170 3138 nibus
2198 3088 2442 3155 peccata
2471 3085 2752 3144 dimittas.
2789 3100 2850 3159 rp.
2882 3092 3088 3148 Amen.

2064 3170 2174 3226 Per
2202 3173 2692 3232 misericordiam.

2062 3261 2414 3331 Antiphona.
2449 3264 2750 3335 Sapientia
2780 3267 3010 3337 aperuit
3038 3285 3105 3324 os
3129 3273 3454 3334 mutorum,
3484 3269 3550 3329 P.
3576 3275 3642 3329 Et

1991 3347 2228 3417 linguas
2247 3349 2563 3406 infantium
2592 3351 2727 3406 fecit
2747 3352 3013 3410 disertas.
3042 3355 3103 3415 ἣ.
3135 3357 3496 3412 invocabant
3526 3359 3640 3414 Do-

1991 3436 2244 3504 minum,
2276 3443 2330 3493 et
2351 3439 2514 3509 ispse
2538 3439 2897 3496 exaudiebat
2917 3456 3018 3496 eos
3044 3458 3056 3496 :
3080 3443 3138 3496 in
3161 3443 3442 3499 columna
3462 3444 3641 3499 nubis

1989 3522 2349 3595 loquebatur
2373 3526 2449 3581 ad
2477 3542 2596 3581 eos.
2627 3527 2684 3581 P.
2707 3527 3021 3596 Etlinguas
3053 3529 3388 3586 infantium.
3421 3531 3482 3591 37.
3509 3532 3640 3588 Glo-

1990 3613 2094 3677 ria,
2126 3620 2180 3668 et
2214 3616 2406 3669 honor
2450 3615 2624 3680 Patri,
2658 3621 2768 3671 etc.
2803 3617 2873 3669 P.
2917 3619 2982 3672 Et
3009 3616 3248 3687 linguas
3297 3620 3636 3677 infantium.

2064 3703 2288 3756 Oratio.
2323 3702 2476 3757 Vera
2505 3702 2604 3756 Dei
2643 3703 2944 3776 Sapientia
2985 3706 3189 3773 Patris,
3218 3707 3321 3779 qui
3350 3724 3418 3764 os
3447 3713 3638 3765 muto-

1987 3805 2124 3844 rum
2146 3791 2360 3860 aperis,
2381 3795 2436 3845 et
2456 3789 2691 3859 linguas
2717 3790 3036 3848 infantium
3058 3794 3310 3851 disertas
3327 3795 3508 3851 efﬁcis
3527 3815 3541 3865 ;
3561 3797 3641 3853 da

1990 3887 2056 3942 in
2080 3902 2181 3942 ore
2208 3890 2416 3942 nostro
2438 3888 2758 3958 perfectam
2782 3888 2929 3960 legis
2954 3893 3068 3947 tua:
3100 3891 3430 3950 custodiam
3458 3913 3470 3952 :
3497 3898 3641 3964 ut,te

1988 3975 2375 4031 immaculato
2420 3977 2596 4032 corde
2641 3983 2978 4050 sequentes,
3007 3979 3154 4036 illud
3191 3987 3427 4054 semper
3463 3982 3640 4038 labiis

1989 4064 2401 4136 praedicemus,
2433 4069 2489 4119 et
2516 4081 2695 4137 opere
2725 4066 3086 4139 impleamus
3116 4086 3128 4123 :
3156 4070 3314 4126 unde
3343 4075 3416 4134 te,
3441 4072 3538 4142 qui
3576 4086 3638 4127 es

1984 4169 2127 4209 vera
2152 4153 2460 4223 sapientia,
2491 4154 2616 4210 sine
2645 4155 2763 4210 ﬁne
2784 4156 3119 4214 laudemus.
3173 4169 3236 4227 13;.
3265 4161 3477 4216 Amen.

2050 4242 2160 4297 Per
2189 4243 2660 4300 misericordiam
2691 4250 2857 4301 tuam

2057 4343 2126 4402 Ην.
2157 4332 2399 4396 Hisunt,
2423 4334 2525 4404 qui
2551 4348 2672 4389 non
2706 4335 3166 4406 inquinaverunt
3185 4340 3412 4394 vestem
3438 4353 3632 4411 suam,

1908 4397 1954 4454 Β
1986 4419 2046 4473 Ρ.
2083 4422 2216 4474 Cum
2264 4421 2507 4476 Domino
2545 4421 3006 4479 ambulaverunt
3049 4424 3111 4479 in
3154 4425 3317 4491 albis,
3345 4429 3636 4500 quoniam

1985 4507 2150 4576 digni
2168 4512 2305 4563 sunt
2329 4525 2341 4562 :
2366 4513 2422 4563 et
2441 4508 2809 4581 quicumque
2831 4509 3054 4579 vicerit,
3087 4511 3169 4567 sic
3191 4514 3469 4570 vestietur
3490 4530 3636 4570 can-

1984 4596 2128 4652 dida
2151 4602 2331 4652 veste.
2356 4596 2417 4656 1V.
2447 4599 2788 4668 Sequuntur
2813 4612 3057 4666 agnum,
3087 4615 3468 4673 quocumque
3483 4602 3632 4667 ierit,

1986 4690 2042 4741 et
2072 4685 2132 4739 in
2160 4700 2260 4740 ore
2285 4700 2483 4740 eorum
2513 4701 2633 4740 non
2661 4690 2746 4741 est
2773 4685 3083 4742 inventum
3122 4691 3524 4745 mendacium.
3567 4691 3633 4745 P.

1985 4775 2133 4828 Cum
2159 4772 2414 4828 Domino
2439 4773 2912 4830 ambulaverunt.
2937 4774 2997 4834 ἲν.
3028 4775 3224 4832 Gloria
3243 4779 3298 4832 et
3316 4777 3509 4834 honor
3533 4779 3637 4837 Pa-

1985 4863 2074 4931 tri,
2105 4867 2212 4917 etc.
2237 4862 2302 4918 P.
2334 4861 2483 4916 Cum
2514 4861 2767 4917 Domino
2794 4863 3274 4920 ambulaverunt.

2059 4951 2287 5006 Orat-io.
2315 4949 2411 5005 lsti
2432 4953 2588 5015 sunt,
2606 4950 2875 5017 Domine,
2894 4953 2996 5023 qui
3015 4968 3135 5008 non
3148 4953 3489 5024 polluerunt
3508 4973 3635 5014 ves-

1982 5039 2229 5096 timenta
2249 5056 2378 5107 sua,
2410 5040 2629 5112 quibus
2648 5040 2811 5096 nulla
2839 5059 2851 5096 :
2876 5042 3082 5114 utique
3129 5044 3320 5115 potuit
3341 5046 3633 5118 peccandi

1986 5128 2238 5183 suboriri
2255 5127 2529 5183 illecebra
2548 5148 2559 5185 :
2581 5129 2839 5185 concede
2853 5145 2992 5199 ergo
3011 5130 3184 5187 nobis
3197 5148 3300 5204 per
3321 5135 3424 5189 ind
3433 5135 3630 5202 ulgen-

1984 5216 2077 5272 tiae
2095 5215 2446 5271 donumillis
2468 5231 2598 5271 esse
2616 5218 2950 5290 participes,
2964 5234 3120 5292 quos
3139 5221 3302 5295 apud
3316 5226 3367 5278 te
3380 5236 3487 5293 pro
3509 5233 3629 5273 me-

1983 5305 2106 5360 ritis
2128 5303 2431 5376 approbas
2460 5320 2591 5361 esse
2618 5304 2832 5362 felices.
2858 5318 2920 5379 ἢ.
2947 5311 3159 5365 Amen.

2058 5393 2169 5448 Per
2188 5392 2661 5451 misericordiam
2693 5397 2884 5453 tuam.

1984 5482 2070 5538 Ad
2091 5482 2416 5540 Canticum.
2443 5483 2818 5557 Antiphonti.
2839 5483 3065 5541 Inﬁrmi
3090 5481 3298 5538 virtute
3321 5478 3624 5551 praecincti
