4118 6184
471 248 572 305 135

471 370 627 427 sunt.
671 367 800 422 Non
829 357 1108 433 glorietur
1135 349 1300 410 fortis
1326 348 1388 404 in
1411 340 1754 433 fortitudine
1791 348 1906 433 sua
1927 327 2056 433 set:
2061 325 2123 380 in
2155 321 2202 374 A

474 415 913 525 agiles—eiii
936 465 946 503 :
973 445 1083 512 Qui
1109 439 1396 513 gloriatur
1421 433 1569 490 scire
1591 435 1648 487 et
1669 425 1991 494 intelligere
2015 415 2119 472 Do.

474 559 730 603 minum.

552 631 884 690 Canticum.
917 620 1343 682 Conﬁrmatnm
1375 617 1460 668 est
1488 624 1591 665 cor
1620 618 1841 663 meum.
1871 596 2126 669 Require

478 724 1034 865 regizenedictus.
1056 799 1175 852 Ant
1184 793 1422 866 iphona.
1445 783 1640 844 Sancti
1658 777 1982 866 ethumiles
1998 787 2122 829 cor-

480 895 826 969 de,spiritus
839 894 894 947 et
905 889 1109 946 animae
1117 885 1136 956 j
1146 863 1412 938 ustorum
1422 870 1769 969 ,benedicite
1784 863 2100 969 Dominum
2110 900 2124 916 .

555 957 891 1042 Canticum.
925 974 1275 1032 Benedictus
1306 985 1370 1025 es
1402 964 1670 1026 Domine,
1707 959 1860 1013 Deus
1886 957 2127 1026 patrum

487 1078 850 1132 nostrorum.
881 1063 1136 1136 Require
1165 1057 1271 1129 fol.
1298 1061 1350 1112 6.

552 1125 927 1217 gon—dSalus
943 1125 1241 1222 justorum
1261 1158 1298 1200 a
1318 1139 1570 1197 Domino
1592 1140 1699 1191 est.
1737 1132 1801 1188 P.
1844 1131 1911 1184 Et
1935 1125 2130 1222 salva-

482 1211 716 1305 bit‘eos.
764 1211 1032 1296 Alleluia.
1067 1231 1333 1290 Alleluia.
1351 1229 1414 1289 ἡ.
1463 1225 1611 1292 Quia
1637 1218 2024 1294 speraverunt
2071 1211 2132 1268 in

485 1335 672 1392 Deum
694 1332 924 1387 vivum.
955 1326 1018 1380 P.
1051 1327 1118 1380 Et
1141 1317 1395 1376 salvabit
1441 1331 1564 1371 eos.

555 1389 1051 1479 iaudaLaudate
1065 1408 1386 1466 Dominum
1401 1405 1475 1460 de
1501 1393 1936 1458 ccelis.Alleluia
1964 1389 2129 1447 :lau-

489 1512 627 1567 date
647 1523 785 1564 eum
808 1507 868 1560 in
889 1500 1159 1558 excelsis.
1183 1493 1449 1552 Alleluia.
1473 1490 1751 1546 Psalmut.
1771 1495 1997 1541 chvm.

554 1595 752 1653 Lectio
775 1590 920 1649 libri
940 1586 1251 1645 Hieremiae
1271 1580 1584 1650 Propheta:
1613 1575 1780 1645 (Cap.
1815 1569 1989 1640 xxxi).

554 1696 621 1754 Βι.
643 1686 762 1739 Deo
782 1679 1019 1751 gratias.

559 1743 691 1828 liam
725 1743 866 1825 dicit
889 1764 1177 1821 Dominus
1208 1777 1220 1816 :
1249 1761 1371 1816 Vox
1397 1757 1456 1812 in
1480 1755 1671 1809 Rama
1697 1750 1902 1806 audita
1933 1748 2018 1802 est
2055 1743 2134 1800 la-

489 1853 888 1924 mentationis,
913 1854 1109 1916 ﬂetus,
1135 1854 1193 1906 et
1223 1848 1402 1910 luctu,
1439 1843 1727 1916 ploratus,
1750 1840 1838 1893 est
1857 1833 2134 1924 ululatus

490 1948 732 2005 multus.
764 1940 981 2000 Rachel
999 1939 1244 2013 plorans
1261 1934 1414 1990 ﬁlios
1435 1946 1595 1999 suos,
1623 1931 1680 1983 et
1703 1923 1895 2013 noluit
1914 1935 2134 2013 conso-

493 2035 604 2093 lari
635 2046 815 2105 super
841 2045 962 2095 eos,
995 2009 1141 2100 quia
1164 2039 1284 2081 non
1316 2024 1472 2078 sunt.
1501 2021 1635 2074 Htec
1658 2013 1802 2070 dicit
1824 2009 2132 2105 Dominus:

495 2096 768 2191 Quiescat
785 2135 901 2176 vox
924 2096 1035 2176 tua
1047 2130 1085 2173 a
1103 2113 1359 2188 ploratu,
1379 2114 1435 2166 et
1452 2106 1608 2165 oculi
1628 2104 1713 2162 tui
1733 2119 1768 2159 a
1786 2096 2134 2191 lachrymis:

493 2189 637 2286 quia
651 2214 741 2267 est
762 2222 987 2265 merces
1006 2203 1172 2277 operi
1199 2204 1322 2264 tuo,
1351 2199 1433 2255 ait
1452 2196 1741 2253 Dominus
1767 2195 1824 2247 et
1849 2189 2138 2283 reverten-

495 2272 589 2360 tur
607 2301 682 2356 de
710 2303 866 2355 terra
888 2272 1138 2351 inimici.
1161 2293 1228 2347 Et
1247 2288 1355 2346 erit
1379 2303 1516 2359 spes
1538 2279 1876 2340 novissimis
1897 2276 2031 2346 tuis,
2061 2272 2142 2330 ait

498 2389 783 2448 Dominus
809 2401 823 2440 :
846 2389 904 2441 et
929 2383 1295 2440 revertentur
1315 2375 1420 2432 ﬁlii
1439 2373 1526 2432 tui
1555 2372 1631 2428 ad
1659 2367 1944 2427 terminos
1977 2377 2136 2419 suos.

495 2478 754 2534 Audiens
773 2471 979 2531 audivi
991 2467 1268 2542 Ephraim
1283 2462 1809 2534 transmigrantem
1824 2474 1838 2512 :
1854 2452 2143 2542 Castigas—

497 2567 540 2622 ti
556 2581 671 2630 me,
687 2568 742 2619 et
761 2560 1026 2618 eruditus
1039 2541 1386 2627 isum,quasi
1399 2547 1753 2623 juvenculus
1779 2541 2102 2600 indomitus
2123 2555 2141 2591 ε

499 2628 776 2710 converte
796 2664 917 2716 me,
929 2651 986 2703 et
1003 2650 1284 2702 revertar:
1305 2641 1449 2713 quia
1465 2642 1528 2694 tu
1541 2652 1604 2692 es
1621 2636 1775 2690 Deus
1789 2628 2147 2716 meus.Post-

500 2756 686 2812 quam
700 2737 860 2793 enim
872 2715 1209 2790 cionvertisti
1225 2727 1440 2796 me,egi
1456 2720 1866 2797 paenitentiam
1885 2735 1902 2770 :
1921 2721 1978 2772 et
1991 2715 2147 2786 post-

503 2803 690 2900 quam
714 2820 1030 2881 ostendisti
1048 2818 1216 2883 mihi,
1241 2813 1510 2889 percussi
1535 2812 1729 2868 femur
1755 2820 1974 2863 meum.
2005 2803 2149 2859 Con-

1753 194 2609 279 DREVARIUMGOTHICUM.

3786 183 3890 240 136

2412 324 2493 377 Ex
2513 320 2741 377 illibata
2762 317 3003 388 Virgine

2411 408 2740 474 Nascendo,
2769 407 3026 463 formam
3051 396 3405 472 sumpseris.

2478 497 2673 554 Gloria
2707 495 2824 559 tibi,
2850 491 3114 554 Domine,

2411 585 2518 650 Qui
2539 587 2740 652 natus,
2766 587 2880 639 etc.

2303 673 2690 746 Supplicatio.
2708 671 2954 726 Oremus
2968 665 3426 736 Redemptorem
3439 660 3674 716 mundi.
3684 661 3796 731 fol.
3816 662 3886 718 57

2231 801 2236 806 ς
2307 763 2612 833 Capitula.
2652 759 2849 816 Turba
2878 754 3284 814 Innocentium
3325 750 3712 823 parvulorum
3745 766 3885 823 quae

2235 869 2344 926 pro
2379 852 2471 907 sui
2509 846 2918 920 Redemptoris
2948 843 3190 900 nomine
3220 838 3458 913 proprio
3489 844 3579 895 est
3616 838 3888 896 delibuta

2235 955 2463 1005 cruore,
2484 955 2605 995 non
2625 940 2812 993 cesset
2837 934 3156 991 Dominum
3175 945 3286 1002 pro
3313 927 3566 984 servulis
3583 943 3833 986 exorare
3869 946 3883 984 :

2235 1044 2372 1101 quo,
2392 1032 2445 1084 te
2474 1028 2843 1098 impetrante,
2866 1022 3000 1078 licet
3024 1017 3305 1076 immeriti
3333 1032 3466 1090 ,pro
3490 1016 3618 1088 ejus
3639 1017 3887 1073 nomine

2237 1122 2377 1190 post
2430 1115 2611 1186 hujus
2651 1115 2786 1169 vitae
2831 1125 3148 1168 excursum
3201 1111 3548 1163 sanctorum
3585 1121 3888 1178 queamus

2238 1203 2493 1262 adunari
2539 1200 2900 1263 cohortibus,
2951 1197 3202 1271 qualiter
3237 1210 3376 1250 cum
3417 1194 3500 1250 eis
3547 1195 3891 1266 perenniter

2235 1293 2530 1366 hymnum
2560 1291 2877 1347 decantare
2901 1288 2962 1343 in
2988 1285 3181 1358 jubilo
3205 1297 3562 1340 mereamur.

2311 1382 2484 1438 Pater
2513 1384 2734 1437 noster.
2767 1376 3020 1434 Liberati
3045 1391 3082 1432 a
3109 1372 3292 1430 malo.
3320 1372 3432 1440 fol.
3465 1375 3518 1426 2.

2308 1471 2525 1528 Lauda.
2551 1467 2862 1527 Candidati
2893 1461 3320 1522 suntnazarmi.
3345 1459 3714 1516 Benedictio.
3760 1461 3898 1518 Uni-

2219 1550 2476 1631 'genitus
2508 1559 2607 1614 Dei
2631 1557 2824 1613 Filius.
2857 1556 3066 1623 Quaere
3086 1553 3200 1623 fol.
3227 1556 3313 1608 57.

2315 1652 2377 1704 ln
2404 1647 2646 1703 nomine
2676 1645 2910 1702 Domini

2311 1737 2510 1793 Sancti
2528 1734 2756 1792 Thomae
2783 1730 3260 1802 Archiepiscopi,
3289 1736 3344 1786 et
3374 1730 3897 1802 Martyris.0mnia

2243 1826 2527 1884 dicantur
2551 1829 2615 1880 ut
2636 1826 2698 1879 in
2727 1821 3024 1878 Communi
3047 1821 3216 1875 unius
3238 1819 3524 1890 Martyris
3552 1818 3895 1886 Pontiﬁcis.

2315 1915 2382 1970 ΙΝ
2414 1913 2632 1993 FESTO
2657 1911 2910 1968 SANCTI
2940 1907 3178 1964 JACOBI
3202 1907 3567 1964 APOSTOLI.

2847 1997 2934 2052 Ad
2965 1998 3259 2068 Vesperos.

2320 2089 2542 2146 Lauda.
2574 2087 2770 2144 Gloria
2795 2090 2850 2142 et
2888 2087 3116 2142 honore
3145 2083 3441 2140 coronasti
3469 2097 3628 2154 eum,
3680 2082 3745 2136 P.
3780 2084 3903 2137 Do-

2247 2179 2426 2235 mine.
2459 2189 2523 2246 m.
2547 2175 2828 2244 Gloriam,
2850 2177 2907 2231 et
2931 2188 3222 2244 magnum
3251 2171 3538 2228 decorum
3563 2171 3906 2244 imposuisti

2251 2283 2434 2340 super
2463 2281 2625 2321 eum.
2655 2265 2724 2322 P.
2758 2264 3026 2320 Domine.

2321 2357 2490 2412 Sono.
2523 2352 2785 2409 Alleluia.
2820 2355 3028 2408 Beatus
3064 2349 3175 2419 vir,
3207 2348 3310 2422 qui
3343 2349 3504 2405 timet
3529 2348 3855 2405 Dominum
3888 2366 3901 2403 :

2253 2444 2517 2501 Alleluia.
2542 2442 2604 2497 P.
2638 2445 2699 2497 In
2727 2440 3027 2497 mandatis
3051 2439 3180 2510 ejus
3201 2438 3396 2510 cupiet
3413 2437 3609 2493 nimis.
3630 2437 3903 2508 Alleluia,

2255 2533 2509 2590 alleluia.
2538 2531 2601 2591 ἲν.
2634 2530 2852 2594 Gloria,
2881 2533 2937 2584 et
2964 2527 3180 2583 divitiae
3217 2527 3276 2582 in
3307 2525 3490 2582 domo
3519 2526 3650 2596 ejus
3686 2543 3698 2581 :
3732 2531 3788 2582 et
3811 2527 3909 2598 ju-

2257 2622 2416 2678 stitia
2440 2620 2568 2691 ejus
2581 2624 2783 2675 manet
2812 2619 2874 2673 in
2903 2617 3188 2672 saeculum
3213 2614 3433 2671 saeculi.
3456 2614 3720 2671 Alleluia.

2329 2710 2685 2780 Antiphona.
2717 2707 2934 2764 Oculus
2962 2705 3063 2761 Dei
3093 2704 3366 2777 adspexit
3384 2703 3614 2775 justum
3634 2704 3696 2758 in
3716 2703 3906 2762 bono.

2259 2801 2324 2857 P.
2354 2802 2418 2854 Et
2443 2797 2617 2868 elegit
2639 2796 2806 2852 illum
2838 2795 2915 2851 ad
2943 2793 3272 2850 humilitate
3299 2809 3411 2849 sua
3443 2809 3456 2848 :
3491 2792 3716 2848 audivit
3741 2809 3906 2858 eum,

505 2881 674 2973 Fusus
695 2927 852 2976 sum,
873 2907 1173 2973 eterubui,
1197 2881 1477 2977 quoniam
1495 2897 1746 2956 sustinui
1764 2891 2151 2968 opprobrium
2261 2891 2318 2944 et
2342 2902 2548 2943 vocem
2577 2885 2793 2958 ipsius.
2826 2883 2888 2944 ἡ.
2923 2887 3131 2939 Beatus
3159 2881 3249 2938 vir
3272 2881 3377 2954 qui
3407 2881 3673 2951 intelligit
3725 2898 3917 2954 super

511 2969 926 3060 adolescentiae
957 3010 1126 3052 meae.
1161 2969 1395 3051 Siﬁlius
1419 3005 1589 3045 meus
1610 2982 1979 3043 honorabilis
2009 2979 2154 3036 mihi
2196 3047 2232 3060 _
2261 2991 2538 3046 egenum,
2567 2979 2624 3030 et
2655 2989 2983 3046 pauperem
3019 2989 3030 3027 :
3062 2973 3122 3027 in
3148 2971 3244 3026 die
3287 2970 3450 3027 mala
3472 2969 3748 3026 liberabit
3767 2987 3916 3026 eum

515 3047 1536 3162 delicatuszquia
1551 3088 1756 3162 exquo
1777 3071 2161 3127 locutussum'
2193 3047 2234 3104 (ἶ
2266 3065 2570 3122 Dominus.
2613 3063 2680 3118 P.
2721 3065 2788 3119 Et
2825 3061 3000 3133 elegit
3035 3060 3199 3116 illum
3229 3059 3290 3120 ir.
3337 3058 3554 3124 Gloria,
3587 3064 3644 3116 et
3678 3059 3907 3116 honor.

515 3159 589 3234 de
614 3191 705 3240 eo,
738 3173 937 3230 adhuc
960 3167 1320 3226 recordabor
1349 3166 1497 3237 ejus.
1533 3164 1646 3236 59
1670 3159 1890 3216 Idcirco
1920 3162 2156 3214 contur-

513 3265 658 3321 bata
681 3265 819 3317 sunt
838 3260 1063 3316 viscera
1083 3272 1219 3314 mea
1245 3269 1426 3327 super
1449 3268 1606 3308 eum:
1636 3246 1962 3305 miserebor
1983 3245 2157 3301 mise-

515 3366 658 3408 rans
700 3349 850 3419 ejus,
881 3345 964 3403 ait
990 3343 1280 3400 Dominus
1309 3339 1713 3411 omnipotens.
1772 3332 2157 3406 Respondeat

516 3441 724 3496 Amen.

1191 3519 1480 3590 Hymnus.

774 3616 1021 3670 Caterva
1031 3613 1289 3667 matrum
1313 3606 1630 3680 personat:

700 3700 935 3758 Conlisa
953 3698 1140 3755 defert
1160 3697 1431 3770 pignora,

700 3791 966 3855 Quarum
994 3792 1284 3859 tyrannus
1308 3783 1496 3840 millia

702 3877 928 3933 Christo
955 3873 1209 3930 sacravit
1230 3872 1492 3928 victima.

771 3960 1059 4021 Miraculis
1085 3960 1248 4017 dedit
1271 3959 1455 4015 ﬁdem

703 4052 929 4109 Habere
951 4066 1012 4106 se
1041 4046 1230 4104 Deum
1255 4048 1511 4111 Patrem,

703 4137 942 4197 lnﬁrma
969 4153 1189 4194 sanans
1214 4150 1481 4208 corpora,

700 4229 768 4287 Et
791 4227 1085 4285 suscitans
1105 4226 1415 4282 cadavera.

777 4319 917 4374 Orat
931 4314 1185 4372 salutem
1207 4311 1444 4370 servulo

704 4405 886 4462 Nixus
909 4419 1068 4474 genu
1096 4402 1390 4467 Centurio,

704 4492 1006 4551 Credentis
1031 4492 1208 4548 ardor
1225 4488 1520 4564 plurimus

705 4582 960 4639 Extinxit
985 4581 1154 4651 ignes
1177 4579 1451 4635 febrium.

780 4671 987 4727 Petrus
1010 4685 1112 4742 per
1132 4669 1328 4725 undas
1354 4665 1622 4724 ambulat

710 4759 918 4818 Christi
941 4758 1172 4816 levatus
1192 4757 1465 4822 dextera;

711 4852 930 4906 Natura
942 4863 1130 4920 quam
1145 4849 1488 4917 negaverat,

711 4937 883 4992 Fides
911 4936 1145 5010 paravit
1170 4933 1465 4991 semitam.

785 5025 982 5081 Honor
1002 5021 1210 5081 matris
1234 5025 1290 5078 et
1315 5021 1624 5092 gaudium,

716 5114 1014 5168 lmmensa
1034 5127 1172 5184 spes
1193 5109 1561 5168 credentium

719 5200 828 5256 Per
854 5205 982 5257 atra
1008 5200 1214 5257 mortis
1242 5200 1460 5272 pocula

717 5289 970 5347 Resolvit
989 5295 1192 5347 nostra
1215 5288 1482 5344 crimina.

786 5381 1076 5436 Memento
1097 5375 1302 5433 salutis
1323 5379 1547 5445 auctor,

719 5468 895 5535 Quod
918 5466 1107 5524 nostri
1126 5463 1440 5538 quondam
1465 5462 1726 5537 corporis

2266 3159 2325 3210 P.
2357 3157 2421 3210 Et
2444 3153 2633 3222 elegit.

2338 3244 2562 3299 Lauda.
2596 3242 2662 3296 In
2679 3239 2972 3296 memoria
3000 3242 3222 3294 aeterna
3252 3237 3359 3293 erit
3381 3238 3600 3309 justus.
3633 3237 3911 3295 Alleluia.

2270 3332 2334 3386 P.
2367 3332 2454 3388 Ab
2485 3330 2693 3387 auditu
2721 3327 2882 3385 malo
2912 3344 3035 3384 non
3066 3326 3310 3384 timebit.
3350 3326 3619 3390 Alleluia,
3651 3325 3921 3394 alleluia,

2271 3419 2523 3476 alleluia.
2555 3418 2618 3479 ἵ.
2653 3417 2866 3474 Potens
2891 3417 2952 3472 in
2981 3421 3137 3473 terra
3163 3416 3271 3472 erit
3301 3431 3504 3471 semen
3533 3415 3662 3486 ejus
3694 3431 3706 3468 :
3740 3431 3927 3486 gene-

2270 3507 2421 3565 ratio
2445 3511 2742 3563 rectorum
2771 3505 3173 3561 benedicatur.
3204 3504 3269 3559 P.
3297 3503 3386 3560 Ab
3412 3504 3622 3560 auditu
3646 3503 3830 3561 malo.
3851 3504 3920 3564 V.

2273 3596 2492 3660 Gloria,
2526 3601 2581 3652 et
2599 3596 2811 3652 honor.
2842 3595 2904 3650 P.
2929 3593 3018 3650 Ah
3049 3593 3255 3650 auditu
3283 3592 3464 3651 malo.

2957 3683 3240 3754 Hymnus.

2455 3773 2622 3831 Clara
2644 3775 2995 3830 Sanctorum
3027 3788 3148 3828 una
3169 3770 3535 3828 Hierusalem

2453 3865 2628 3921 Mater
2657 3862 2958 3920 conlauda
2989 3877 3000 3916 :
3032 3861 3283 3917 nimium
3305 3859 3505 3917 laetare
3534 3877 3548 3926 ;

2455 3950 2580 4007 Filii
2607 3950 2775 4007 multi
2798 3951 2944 4023 quia
2966 3954 3103 4006 sunt
3118 3949 3384 4020 desertae,

2527 4041 2719 4106 Quam
2743 4039 2938 4095 virum
2968 4038 3218 4116 habens.

2524 4129 2804 4196 Iacobus,
2835 4128 2912 4186 ob
2941 4129 3074 4195 hoc,
3109 4133 3270 4196 tuus,
3301 4126 3498 4183 dictus
3525 4127 3721 4198 justus

2457 4220 2701 4276 Sacram
2731 4218 3075 4274 conscendit
3103 4232 3290 4284 sacer,
3319 4221 3375 4272 et
3396 4215 3676 4272 sacerdos

2458 4310 2636 4363 Intrat
2663 4308 3013 4362 Sanctorum
3040 4305 3200 4362 solus
3229 4305 3323 4361 hic
3355 4303 3417 4360 in
3447 4306 3684 4368 Sancta,

2525 4395 2700 4464 Virgo
2724 4394 2888 4467 quod
2909 4397 3086 4450 extat.

2530 4485 2713 4540 Carne
2738 4483 2834 4538 hic
2863 4483 3040 4539 frater
3062 4482 3293 4539 Domini
3308 4486 3576 4550 vocatus,

2461 4571 2658 4628 Gratia
2686 4571 2869 4628 fretus
2896 4577 2952 4628 et
2981 4571 3334 4644 Apostolatu

2458 4661 2676 4718 lmbuit
2694 4660 2918 4733 plebes,
2952 4661 3056 4734 pia
3075 4659 3374 4717 custodire

2529 4751 2821 4820 Dogmata
2847 4749 3076 4806 Christi.

2533 4837 2731 4894 Ardua
2755 4841 2892 4911 post
2918 4838 3056 4894 hinc
3084 4836 3318 4909 positus
3341 4837 3401 4892 in
3426 4851 3560 4892 arce

2461 4930 2508 4982 A
2533 4927 2704 4983 malis
2733 4944 2746 4981 :
2780 4925 3096 4992 Christum,
3121 4929 3186 4981 ut
3214 4929 3389 4995 neget
3411 4923 3662 4980 venisse:

2466 5015 2743 5072 Confutat
2772 5017 2988 5087 dogma
3017 5014 3264 5070 disserte
3289 5012 3614 5086 impiorum

2525 5104 2977 5160 Pharisaeorum.

2469 5193 2557 5249 Ad
2581 5194 2696 5250 hoc
2721 5193 3020 5266 impulsus
3050 5191 3196 5255 solo,
3231 5196 3288 5247 et
3319 5190 3618 5262 projectus

2473 5283 2612 5346 Stat,
2635 5283 2740 5338 sed
2763 5283 3005 5338 inlaesus
3036 5285 3346 5346 memorat,
3380 5279 3541 5350 quod
3565 5279 3732 5350 prius
3758 5297 3772 5345 ;

2473 5372 2720 5443 Moxque
2741 5370 3035 5428 fullonum
3061 5386 3218 5427 unus
3246 5369 3397 5425 fuste
3419 5382 3659 5426 sacrum

2546 5458 2864 5517 Cerebrum
2888 5459 3097 5533 quatit.
