4118 6184
194 194 292 250 137

420 310 734 370 Poscimus
762 309 984 378 moesti,
1010 310 1105 383 pie
1135 314 1192 369 et
1217 312 1477 386 benigne

344 404 582 474 Martyr
609 398 858 465 excelse,
877 398 1157 473 plebique
1189 417 1475 461 connexe:

352 491 524 550 Plebi
555 488 863 548 convulsae
890 489 1110 546 durum
1137 491 1350 563 jugum
1385 493 1536 567 pelle
1565 512 1578 550 :

778 579 932 636 Bella
959 595 1219 638 remove.

425 670 510 729 Sit
543 668 708 725 salus
749 667 952 737 aegris,
989 669 1062 724 sit
1090 669 1258 741 quies
1288 669 1611 730 defunctis:

352 759 439 818 Sit
461 758 636 830 vigor
664 756 863 824 fessis,
890 757 962 813 sit
991 763 1224 815 remota
1252 759 1438 831 pestis
1473 777 1484 815 :

351 848 512 906 Vitiis
535 847 743 921 pulsis,
778 846 1022 903 miseris
1065 847 1144 904 sit
1170 848 1330 905 caelis

783 934 991 991 Aditus
1021 941 1252 1008 patens.

423 1027 506 1085 Sit
530 1025 651 1081 Deo
689 1024 824 1080 laus
844 1023 1024 1091 Patri,
1055 1031 1237 1098 atque
1267 1029 1442 1082 Nato:

349 1115 584 1189 Triplici
604 1115 801 1170 honor
828 1112 1085 1170 nimium
1107 1130 1247 1171 cum
1279 1117 1493 1172 Sancto
1525 1132 1538 1170 :

348 1203 588 1262 Nomini
607 1202 782 1260 Trino
812 1218 824 1256 :
861 1201 1067 1258 Deitati
1096 1202 1225 1258 soli.

711 1290 917 1347 Sidera
941 1289 1217 1347 clament.

250 1395 315 1453 13v.
348 1386 560 1439 Amen.

243 1470 612 1542 Supplicatio
637 1469 898 1534 dicatur,
925 1475 989 1524 ut
1016 1469 1074 1524 in
1126 1469 1275 1539 festo
1299 1469 1512 1528 Sancti
1534 1469 1826 1528 Johannis

177 1559 438 1632 Apostoti
467 1565 688 1615 mutato
719 1558 957 1613 nomine
979 1558 1088 1627 fol.
1123 1561 1208 1614 54.

241 1649 360 1720 60
397 1647 1092 1717 Capitulaﬂmnipotens
1122 1645 1312 1714 Pater,
1349 1647 1452 1720 qui
1475 1647 1825 1704 beatissimo

175 1736 450 1810 Apostolo
487 1741 542 1791 et
574 1736 820 1807 martyri
861 1740 962 1791 tuo
987 1735 1214 1792 Jacobo
1244 1737 1552 1808 prtecipuo
1579 1752 1826 1793 munere

173 1825 516 1899 praestitisti,
546 1829 611 1880 ut
639 1840 748 1897 per
767 1829 817 1880 te
844 1825 1007 1881 ﬁeret
1026 1825 1098 1880 de
1130 1824 1528 1896 fragilifortis,
1555 1826 1630 1882 de
1655 1826 1825 1882 mini-

173 1931 268 1971 mo
298 1911 652 1984 grandis,de
668 1911 1006 1982 militedux,
1037 1913 1110 1969 de
1124 1929 1295 1970 servo
1325 1915 1575 1984 amicus,
1599 1915 1672 1970 de
1690 1930 1828 1985 sup-

171 2002 298 2076 plici
333 2000 634 2058 miriﬁcus
664 2001 995 2058 advocatus
1016 2007 1259 2075 ;praesta
1283 2003 1831 2075 placatus,utinter-

171 2097 345 2148 ventu
369 2091 586 2148 sedulo
613 2091 831 2147 iisdem
853 2107 1012 2148 nunc
1030 2093 1102 2149 de
1127 2093 1480 2165 quibusipse
1506 2094 1726 2150 electus
1749 2096 1836 2148 est

173 2181 486 2248 membris,
516 2180 796 2237 adhibeat
826 2179 1124 2252 fragilitati
1146 2183 1494 2254 potentiam,
1519 2180 1834 2238 humilitati

173 2271 447 2342 gloriam,
477 2270 704 2326 militize
739 2269 1138 2342 disciplinam,
1171 2271 1434 2328 servituti
1477 2270 1833 2354 libertatem,

172 2361 518 2418 necessitati
545 2360 1024 2416 advocationem.

237 2452 420 2506 Pater
447 2456 666 2506 noster.
699 2449 951 2506 Liberati
1000 2466 1035 2507 a
1065 2450 1245 2508 malo.
1275 2451 1394 2521 fol.
1425 2455 1476 2506 2.

237 2539 568 2595 llumiliate
592 2554 702 2595 vos
734 2538 1149 2596 benedictioni.

236 2628 538 2685 Dominus
570 2627 642 2683 sit
663 2643 921 2700 semper.
951 2640 1014 2699 3-.
1039 2627 1104 2684 Et
1135 2645 1294 2685 cum.

237 2718 621 2774 Benedictio.
653 2717 977 2772 Beatissimi
997 2717 1476 2790 JacobiApostoli
1503 2718 1833 2791 etMartyris

175 2809 256 2863 sui
283 2823 404 2863 nos
437 2807 734 2863 Dominus
759 2806 1179 2863 intercessione
1207 2807 1518 2864 custodiat.
1538 2820 1601 2878 11v.
1621 2810 1829 2864 Amen.

171 2897 556 2969 Sperantium
590 2895 650 2951 in
673 2911 734 2952 se
764 2895 1145 2952 necessitates
1167 2897 1438 2969 placatus
1463 2897 1748 2954 intendat.
1765 2909 1828 2967 Bg.

1319 190 1389 246 IN
1435 189 1660 248 FESTO
1701 189 1764 246 S.
1800 185 2054 246 JACOBI
2093 193 2462 257 APOSTOLI.

3485 220 3590 278 138

1862 313 1910 368 Α
2013 314 2232 414 Oratio.
2259 321 2459 414 Homo
2478 323 2595 414 iste
2619 326 3002 397 gloriﬁcatus,
3056 331 3318 393 Christus
3346 341 3584 414 exultat,

1940 404 2045 499 qui
2062 412 2486 499 cognominari
2502 417 2828 488 promeruit
2835 417 3124 489 justus,ut
3151 427 3254 482 tua
3285 404 3589 499 promissa

1933 493 2106 584 justis
2119 501 2364 569 praemia
2390 504 2629 576 populis
2655 506 3004 579 praedicaret
3033 528 3049 566 :
3076 511 3255 584 hujus
3277 493 3337 572 in
3359 519 3586 579 honore

1936 582 2188 642 acclives
2220 594 2596 662 exposcimus
2619 593 2799 652 ﬂebili
2830 596 3113 671 oratione,
3139 582 3206 658 ut
3244 619 3449 675 preces
3478 624 3585 668 no-

1936 674 2057 728 tras
2087 677 2387 750 suscipere
2416 680 2680 753 digneris
2711 685 2871 742 mitis
2897 690 3075 760 atque
3091 674 3414 761 placabilis,
3449 713 3584 755 nos-

1934 775 2051 901 gue
2098 763 2213 820 tuis
2261 766 2445 826 facias
2503 787 2741 846 semper
2805 774 3091 834 inhaerere
3138 781 3462 840 mandatis.
3519 797 3585 854 nr.

1984 864 2140 901 men.

1984 864 2140 906 men.

2005 937 2116 995 Per
2143 940 2618 1004 misericordiam
2646 956 2831 1006 tuam.

2002 1026 2361 1096 Antiphona.
2380 1031 2492 1091 Iste
2507 1042 2750 1094 sanctus
2781 1038 3082 1107 clamavit,
3107 1047 3165 1100 et
3185 1043 3475 1104 Dominus
3494 1063 3588 1107 ex-

1934 1113 2343 1207 audiviteum.
2376 1121 2526 1178 P.Et
2556 1139 2627 1180 ex
2641 1126 2921 1183 omnibus
2944 1129 3425 1189 tribulationibus
3455 1136 3585 1207 ejus

1933 1200 2205 1296 liberavit
2234 1222 2390 1296 eum.
2418 1209 2479 1270 V.
2515 1211 2581 1269 Et
2612 1213 2695 1269 sic
2743 1214 3127 1274 benedicetur
3161 1220 3365 1288 homo,
3393 1200 3504 1296 qui
3523 1223 3588 1280 ti-

1934 1296 2056 1348 met
2084 1293 2430 1356 Dominum.
2462 1299 2524 1354 P.
2562 1301 2627 1357 Et
2677 1320 2748 1359 ex
2799 1306 3101 1363 omnibus.
3162 1309 3230 1370 V.
3272 1293 3487 1378 Gloria,
3535 1317 3590 1370 et

1933 1379 2146 1450 honor,
2179 1392 2289 1444 etc.
2321 1385 2378 1442 P.
2409 1384 2476 1445 Et
2510 1405 2580 1446 ex
2611 1393 2914 1450 omnibus.

2009 1471 2237 1531 Oratio.
2281 1477 2884 1555 Cognoscensitaque
2913 1485 3000 1541 vir
3052 1491 3297 1546 sanctus
3330 1491 3594 1548 Jacobus

1935 1563 2254 1653 Apostolus
2268 1569 2406 1622 tuus
2420 1569 2711 1628 malitiam
2738 1573 2944 1645 populi
2957 1571 3594 1653 Judaeorum,aquibus

1938 1650 2289 1710 sublimatas
2309 1656 2636 1727 pinnaculo
2688 1662 2912 1733 templi,
2945 1665 3147 1737 tuique
3177 1683 3287 1738 pro
3330 1650 3592 1726 nominis

1937 1739 2313 1799 confessione
2329 1745 2460 1801 inde
2473 1746 3058 1820 dejectus,lapidibus
3072 1754 3384 1826 impressus
3402 1758 3593 1812 obrui-

1938 1833 2034 1884 tur
2056 1845 2070 1883 :
2090 1829 2418 1888 advocatus
2433 1851 2718 1906 suprema
2736 1838 2886 1894 inter
2907 1842 3219 1914 supplicia,
3240 1859 3346 1915 per
3363 1844 3589 1901 miseri-

1941 1916 2208 1975 cordiam
2241 1924 2352 1976 tuae
2385 1922 2619 1995 pietatis
2631 1925 2876 1982 amicam
2898 1929 3134 1986 assistat
3153 1946 3262 2002 pro
3282 1930 3458 1988 nobis
3483 1932 3594 1990 mi-

1942 2005 2506 2081 serisinterpellator
2520 2013 3199 2086 assiduus,utmalorum
3233 2037 3268 2076 a
3297 2022 3592 2093 pressuris

1944 2096 2067 2152 erui
2089 2113 2429 2157 mereamur
2458 2108 2808 2162 contuentes
2828 2106 3082 2177 gloriam
3101 2116 3287 2168 tuam.
3311 2111 3590 2181 mAmen.

2017 2184 2128 2242 Per
2153 2189 2625 2250 misericordiam
2655 2199 2840 2252 tuam.

2016 2273 2380 2348 Antiphona.
2411 2282 2632 2338 Stolam
2665 2283 2867 2354 gloriae
2896 2285 3088 2344 induit
3109 2303 3248 2346 eum
3307 2289 3598 2346 Dominus

1951 2361 2452 2425 PJocunditatem
2478 2375 2532 2426 et
2546 2371 2970 2432 exultationem
2986 2375 3083 2432 the
3093 2378 3407 2434 saurizavit
3420 2394 3601 2452 super

1948 2458 2172 2518 eum,et
2194 2457 2440 2514 nomine
2466 2467 2686 2516 teterno
2716 2462 3071 2521 hereditavit
3104 2465 3602 2527 illum.V.Potens

1946 2539 2006 2595 in
2028 2546 2182 2599 terra
2213 2547 2543 2603 eritsemen
2576 2549 2706 2619 ejus
2742 2569 2753 2618 ;
2785 2554 3394 2620 generatiorectorum
3421 2555 3599 2612 bene-

1946 2628 2172 2685 dicetur
2191 2633 2250 2686 P.
2281 2635 2739 2693 Jocunditatem.
2778 2638 2839 2696 ἲν.
2865 2639 3092 2708 Gloria,
3137 2646 3192 2698 et
3225 2643 3440 2710 honor,
3485 2647 3594 2699 etc.

1946 2716 2002 2772 P.
2033 2719 2498 2778 Jocunditatem.

2018 2806 2238 2863 Oratio.
2269 2809 2549 2866 Exultans
2570 2811 2737 2882 plebs
2758 2816 2881 2881 tua,
2914 2814 3185 2884 Domine,
3212 2815 3272 2870 in
3293 2815 3409 2872 hoc
3447 2816 3595 2872 festo

1941 2894 2146 2950 Jacobi
2169 2895 2252 2951 tui
2267 2897 2531 2969 Apostoli
2547 2901 2780 2956 summis
2806 2905 2858 2957 te
2871 2901 3102 2974 ﬂagitat
3115 2903 3394 2974 precibus
3412 2904 3594 2973 idem,

170 2963 460 3042 Amen.L't
485 2985 616 3055 ejus
646 2985 830 3041 secuti
857 2986 1103 3056 vestigia
1126 2963 1204 3042 ad
1220 2985 1485 3043 coelestia
1500 3002 1683 3058 regna
1699 2963 1831 3059 per-
1877 2965 1916 3021 Ο
1944 2982 2168 3039 utsicut
2189 2984 2267 3041 ab
2293 2963 2570 3043 omnibus
2587 2963 3046 3059 cognominatus
3064 2963 3150 3048 est
3163 2993 3382 3064 justus,
3396 2963 3598 3064 itaque

171 3089 306 3143 gere
335 3074 669 3130 valeamus.
698 3086 763 3141 ηε.
795 3075 1004 3130 Amen.

237 3164 349 3221 Per
380 3164 860 3220 misericordiam
894 3165 1104 3236 ipsius.

233 3253 681 3309 Lauda.Justus
715 3253 995 3326 utpalma
1024 3253 1624 3312 ﬂorebit.Alleluia.P.
1668 3255 1832 3313 Sicut

169 3342 380 3398 cedrus
411 3343 623 3399 Libani
655 3342 1164 3415 multiplicabitur.
1190 3344 1465 3413 Alleluia,
1486 3346 1741 3403 alleluia.
1765 3346 1826 3407 3‘}.

174 3430 389 3488 Potens
406 3432 469 3486 in
488 3437 643 3488 terra
655 3432 977 3488 eritsemen
1010 3434 1139 3503 ejus
1160 3449 1171 3485 :
1193 3435 1495 3504 generatio
1519 3441 1817 3492 rectorum

174 3518 586 3578 benedicetur.
619 3520 683 3576 P.
719 3521 880 3577 Sicut
898 3521 1129 3577 cedrus.
1160 3520 1220 3581 ἢν.
1292 3521 1507 3593 Gloria,
1536 3529 1592 3581 et
1614 3524 1826 3597 honor,

171 3612 281 3667 etc.
325 3610 395 3665 P.
433 3609 596 3666 Sicut
616 3609 848 3665 cedrus.

239 3699 472 3755 Oratio.
509 3700 699 3754 Homo
729 3698 840 3755 iste
865 3698 1250 3771 glorificatus,
1299 3700 1555 3773 Require
1585 3703 1749 3772 infra
1769 3703 1832 3758 in

164 3787 516 3845 Matutinus.

233 3879 336 3933 Ad
364 3877 753 3933 Matutinum.
783 3873 1154 3948 Antiphona.
1173 3877 1359 3936 Labia
1380 3895 1535 3947 mea,
1561 3877 1829 3952 Domine,

167 3966 407 4037 aperies
447 3983 460 4022 :
495 3965 564 4021 Et
603 3980 670 4021 os
700 3981 902 4024 meum
943 3966 1324 4025 annuntiabit
1353 3967 1596 4025 laudem
1645 3973 1830 4024 tuam.

165 4054 469 4112 Psalmus.
499 4071 548 4108 ι..

239 4144 489 4200 Oratio.
505 4142 800 4210 Exultent,
835 4144 1106 4213 Domine,
1128 4144 1291 4203 labia
1314 4149 1518 4203 nostra
1533 4146 1834 4218 praeconio

160 4231 450 4291 veritatis
479 4238 576 4298 ;ut
600 4248 724 4288 non
751 4235 1126 4291 resolvantur
1142 4234 1489 4307 vaniloquio
1523 4234 1830 4303 falsitatis;

1939 3086 2051 3127 nos
2074 3073 2362 3145 appellari
2381 3091 2722 3134 mereamur
2749 3079 3010 3136 cultores
3030 3081 3600 3152 justitiae,etmiseri—

1940 3161 2157 3217 cordia:
2205 3167 2550 3221 sectatores.
2585 3178 2650 3238 1}.
2681 3167 2890 3225 Amen.

2010 3249 2120 3305 Per
2141 3250 2614 3311 misericordiam
2653 3259 2838 3312 tuam.

2007 3348 2076 3404 It.
2119 3337 2734 3412 Justusjustiﬁcetur:
2792 3349 2848 3400 et
2899 3349 3142 3400 sanctus
3199 3342 3597 3400 sanctiﬁcetur

1940 3425 2156 3483 adhuc.
2193 3430 2425 3495 Beatus,
2447 3431 2551 3504 qui
2577 3430 2721 3489 lavit
2749 3430 2964 3488 stolam
2997 3447 3192 3488 suam.
3222 3431 3284 3486 P.
3320 3433 3387 3487 Ut
3407 3431 3455 3486 si
3483 3446 3594 3502 po-

1941 3517 2118 3573 testas
2144 3517 2272 3588 ejus
2301 3519 2363 3575 in
2395 3519 2560 3590 ligno
2590 3521 2744 3577 vitae.
2775 3519 2837 3580 if.
2873 3523 2935 3576 Et
2963 3520 3334 3594 quicumque
3361 3519 3586 3587 vicerit,

1941 3603 2022 3661 sic
2042 3607 2323 3665 vestietur
2334 3609 2581 3666 candida
2596 3613 2972 3678 veste,etnon
2988 3609 3197 3666 delebo
3216 3625 3439 3667 nomen
3465 3608 3594 3682 ejus

1941 3693 2015 3750 de
2043 3692 2191 3750 libro
2216 3697 2371 3752 vitas.
2399 3697 2461 3752 P.
2498 3700 2566 3754 Ut
2595 3698 2669 3754 sit
2697 3703 2981 3771 potestas.
3036 3698 3101 3759 ἴ.
3129 3699 3344 3766 Gloria,
3397 3703 3454 3756 et
3489 3698 3596 3755 ho-

1941 3797 2070 3851 nor,
2107 3787 2216 3841 etc.
2248 3783 2593 3842 Reiteretur.
2624 3786 2734 3856 ἢν.ιῖ
2743 3792 2906 3845 ustus
2929 3788 3307 3859 justiﬁcetur.

2577 3875 2649 3930 In
2680 3875 2990 3933 Laudibus.

2012 3960 2058 4016 A
2070 3960 2111 4016 d
2136 3959 2442 4018 Canticum
2454 3962 2518 4018 .A
2531 3964 2847 4034 ntiphona.
2868 3968 2952 4021 Tu
2965 3963 3125 4022 solus
3141 3962 3595 4036 Dominus,quia

1942 4063 2065 4105 non
2093 4053 2185 4105 est
2207 4048 2378 4116 alius,
2394 4066 2590 4125 neque
2615 4052 2813 4124 justus
2826 4059 3328 4127 praetertemeque
3349 4057 3592 4112 sanctus

1940 4141 2150 4211 praeter
2184 4139 2375 4196 Deum
2396 4146 2690 4198 nostrum.

2015 4228 2335 4284 Canticum.
2370 4230 2799 4287 Conﬁrmatum
2832 4235 2936 4289 est.
2974 4229 3184 4301 Quaere
3201 4230 3312 4299 fol.
3380 4235 3465 4289 55.

165 4323 386 4395 sicque
419 4319 627 4391 lingua
651 4327 860 4380 nostra
875 4324 1170 4394 judicium
1197 4323 1830 4397 veritatisloquatur,ut

2015 4315 2110 4371 Ad
2133 4315 2498 4374 Benedictus.
2523 4318 2894 4390 Antiphona.
2913 4317 3250 4377 Benedictio
3278 4315 3514 4377 Domini
3534 4319 3594 4376 in

165 4413 480 4469 Christum
499 4417 665 4468 tuum
690 4428 896 4469 verum
909 4415 1176 4485 judicem
1195 4415 1644 4487 promptissima
1658 4415 1836 4472 devo-

167 4503 330 4558 tione
357 4501 606 4557 laudet:
642 4506 822 4574 atque
847 4503 1238 4577 itapraecepta
1260 4508 1360 4559 tua
1381 4504 1622 4560 assidue
1649 4506 1706 4559 iu
1733 4520 1836 4561 no-

166 4595 292 4648 stro
324 4591 516 4646 corde
548 4597 943 4659 versentur,ut
964 4593 1402 4662 gressusnostri
1430 4592 1508 4649 ab
1533 4593 1835 4650 insidiosis

168 4679 475 4754 decipulis
497 4679 750 4736 minime
777 4681 1255 4753 supplantantur.
1300 4693 1363 4752 It.
1392 4682 1602 4738 Amen.

233 4769 351 4826 Per
377 4769 857 4826 misericordiam
885 4775 1070 4827 tuam.

231 4858 622 4930 Antiphona.
659 4863 767 4916 lste
805 4859 990 4916 homo
1013 4860 1437 4917 honoriﬁcatus
1467 4866 1558 4918 est
1579 4859 1838 4928 valde,et

163 4948 633 5019 confregitDeus
657 4948 841 5006 corda
865 4949 1244 5006 inimicorum
1267 4951 1412 5021 ejus.
1448 4951 1504 5006 P.
1538 4950 1606 5008 Et
1626 4967 1835 5023 prope.

163 5038 322 5091 ravit
361 5037 423 5090 in
454 5036 642 5092 domo
674 5036 910 5094 Domini
931 5038 1032 5094 Dei
1064 5038 1156 5093 sui
1182 5039 1442 5110 perfecto
1459 5039 1658 5106 corde,
1683 5039 1836 5095 etvi-

165 5117 393 5175 derunt
419 5135 636 5175 omnes
649 5137 784 5193 quae
804 5123 1127 5193 magniﬁca
1154 5123 1284 5178 fecit
1308 5121 1457 5179 Deus
1489 5140 1591 5196 per
1611 5124 1830 5195 ipsum.

162 5207 227 5264 1'.
264 5210 528 5266 Maxima
557 5215 647 5265 est
677 5210 867 5279 gloria
887 5213 1014 5282 ejus
1045 5213 1104 5266 in
1132 5212 1375 5266 salutari
1399 5218 1530 5270 tuo:
1559 5213 1828 5281 gloriam,

158 5300 216 5351 et
248 5311 552 5368 magnum
577 5298 855 5356 decorem
884 5301 1156 5374 impones
1177 5317 1525 5372 supereum.
1548 5302 1679 5357 P.Et
1705 5318 1833 5374 pro-

159 5388 523 5458 peravit.i’.
579 5388 797 5454 Gloria,
856 5396 912 5445 et
966 5391 1177 5458 honor,
1211 5398 1317 5446 ctc.
1375 5391 1437 5448 P.
1495 5391 1558 5446 Et
1627 5409 1831 5464 prope-

159 5478 344 5534 ravit.
1047 5556 1050 5560 _

463 5566 712 5627 PATROL.
753 5569 1049 5628 LXXXVI.

1944 4406 2283 4462 mercedem
2299 4408 2443 4479 justi
2468 4408 2721 4466 festinat.

2017 4495 2334 4553 Canticum.
2372 4495 2721 4554 Benedictus
2768 4514 2856 4570 es,
2889 4498 3137 4556 Domine
3165 4499 3326 4556 Deus
3354 4503 3590 4572 patrum

1944 4593 2309 4643 nostrorum.
2337 4586 2573 4658 Require
2589 4588 2701 4657 fol.
2735 4591 2787 4643 6.

2014 4678 2126 4749 ει
2154 4677 2330 4732 Sono.
2355 4675 2621 4734 Alleluia.
2646 4680 2858 4733 Beatus
2884 4677 3098 4750 vir,qui
3121 4676 3306 4737 timet.
3344 4677 3597 4750 Require

1941 4766 2052 4836 fol.
2087 4771 2174 4822 59.

2014 4855 2248 4911 Lauda.
2271 4851 2532 4911 Laudate
2552 4854 2875 4912 Dominum
2887 4854 2961 4913 de
2974 4855 3155 4914 caelis.
3170 4854 3422 4914 Alleluia
3439 4875 3451 4914 :
3471 4855 3598 4916 lau-

1945 4943 2234 5000 dateeum
2262 4943 2324 4999 in
2371 4943 2637 5001 excelsis.
2699 4944 2970 5014 Alleluia,
2999 4946 3254 5004 alleluia.
3323 4947 3598 5007 Psalmus

1943 5049 2168 5092 CXLVI".

2023 5123 2320 5191 Hymnus.
2361 5119 2529 5180 Clara
2552 5124 2907 5180 Sanctorum
2925 5140 3050 5182 una
3076 5124 3462 5185 Hierusalem.
3493 5125 3595 5180 Re-

1944 5214 2113 5284 quire
2134 5213 2241 5281 fol.
2271 5216 2356 5267 59.

2017 5301 2207 5356 Lectio
2243 5300 2384 5354 libri
2408 5299 2722 5371 Sapientia
2743 5303 3068 5361 Salomonis
3103 5305 3267 5375 (Cap.
3293 5301 3451 5364 xvm)

1933 5392 1941 5400 '
2013 5402 2075 5460 ἢ.
2107 5390 2221 5444 Deo
2253 5388 2495 5460 gratias.

2016 5479 2228 5550 Tetigit
2253 5479 2484 5551 justum
2525 5483 2767 5541 tentatio
2793 5482 3020 5547 mortis,
3049 5485 3104 5535 et
3153 5473 3478 5534 commotio
3532 5474 3592 5529 in
