4118 6184
505 254 612 311 439

1748 215 2206 290 BBEVIARiUM
2245 203 2512 281 eorum
2528 215 2653 281 UM.

3813 219 3917 285 140

501 382 704 434 eremo
721 372 874 430 facta
889 369 982 425 est
1003 329 1424 430 multitudinis;
1457 357 1564 416 sed
1586 373 1709 416 non
1735 357 1840 415 diu
1868 368 2148 430 perman-
2177 341 2226 404 Α
2326 349 2682 421 Antiphonti.
2712 343 3239 434 Viderunt-omnes
3264 343 3416 401 ﬁnes
3445 347 3616 404 terra:
3646 348 3916 409 salutare

503 463 577 521 sit
604 463 692 520 ira
714 465 838 518 tua.
852 457 1191 528 Properans
1207 451 1367 507 enim
1391 447 1576 506 homo
1591 447 1718 504 sine
1746 444 1990 520 querela
2009 457 2150 516 pro-

501 550 811 626 pugnavit,
848 543 1152 620 proferens
1192 539 1480 596 servitutis
1500 554 1622 593 suae
1647 540 1905 602 scutum,
1937 531 2150 626 oratio-

500 620 831 713 nem,etper
850 638 1156 692 incensum
1174 629 1654 703 deprecationem
1673 625 1960 696 allegans,
1988 620 2149 713 resti-

395 777 398 780 .
500 731 707 797 titirae,
729 709 786 785 et
836 725 1017 782 finem
1068 718 1356 792 imposuit
1414 714 1770 782 necessitati,
1827 709 2148 769 ostendens

497 817 790 892 quoniam
803 817 938 872 tuus
968 815 1053 868 est
1079 807 1362 865 famulus.
1391 802 1536 860 Vicit
1553 807 1753 860 autem
1783 799 2010 868 turbas,
2026 811 2149 892 non

498 884 709 964 virtute
727 901 1013 975 corporis,
1034 913 1145 954 nec
1172 898 1478 952 armatura
1506 892 1805 964 potentiae,
1834 889 1939 945 sed
1968 884 2149 942 verbo

495 995 598 1051 Dei
632 995 976 1049 vexatorem
1001 983 1270 1058 projecit,
1286 980 1960 1054 juramentaparentum
1991 989 2150 1029 com-

496 1095 861 1138 memorans.
899 1077 1048 1131 Cum
1074 1071 1236 1128 enim
1257 1071 1389 1141 jam
1418 1066 1768 1124 catervatim
1791 1062 2149 1120 cecidissent

497 1184 676 1240 super
707 1165 1056 1222 alterutrum
1088 1157 1328 1230 mortui,
1369 1155 1698 1220 interstetit,
1736 1155 1792 1208 et
1813 1147 2150 1240 amputavit

495 1236 808 1328 impetum,
835 1255 890 1310 et
941 1247 1142 1308 divisit
1160 1245 1346 1317 illam,
1397 1261 1532 1318 quae
1560 1241 1638 1300 ad
1675 1242 1843 1298 vivos
1891 1236 2150 1295 ducebat

492 1348 677 1402 viam.
711 1347 776 1399 In
805 1345 960 1397 veste
989 1335 1151 1396 enim
1172 1333 1437 1410 poderis,
1461 1347 1649 1406 quam
1678 1329 1962 1391 habebat,
1991 1332 2150 1383 totus

494 1434 657 1490 orbis
687 1437 1001 1494 terrarum,
1025 1431 1084 1483 et
1109 1428 1425 1498 parentum
1467 1419 1772 1491 magnalia
1807 1419 1867 1474 in
1889 1421 2150 1490 quatuor

494 1519 802 1577 ordinibus
814 1516 1070 1588 lapidum
1087 1518 1256 1570 erant
1268 1511 1577 1582 sculpta,et
1593 1503 2033 1578 magniﬁcentia
2047 1507 2150 1559 tua

491 1608 553 1665 in
582 1607 924 1664 diademate
955 1602 1168 1676 capitis
1194 1601 1353 1657 illius
1383 1603 1508 1655 erat
1531 1598 1832 1668 inscripta.
1854 1595 2151 1666 mAmen-

2255 437 2357 495 Dei
2384 437 2591 495 nostri.
2624 435 2693 492 P.
2729 434 2984 492 Jubilate
2998 431 3117 491 Deo
3138 434 3424 492 universa
3439 435 3637 494 terra:
3669 443 3915 497 cantate

2258 529 2315 582 et
2350 526 2606 582 exultate
2632 530 2687 580 et
2710 523 2963 597 psallite.
2993 521 3056 584 ῒ.
3098 520 3333 579 Psallite
3385 521 3642 583 Domino
3683 536 3920 596 nostro,

2257 614 2489 687 psallite
2520 614 2782 686 ;psallite
2823 612 2946 684 regi
2980 614 3201 678 nostro,
3232 611 3490 684 psallite.
3516 613 3583 670 P.
3626 617 3918 678 Jubilate.

2256 701 2318 763 ἲν.
2358 702 2570 768 Gloria,
2607 706 2662 758 et
2685 703 2898 768 honor,
2919 705 3026 756 etc.
3069 701 3124 755 P.
3150 699 3408 757 Jubilate
3439 699 3583 761 Deo.

2330 791 3022 863 0ratz'o.Domine,quem
3037 804 3110 846 ex
3128 789 3374 846 homine
3390 795 3604 850 natum
3624 793 3913 854 homines

2257 884 2714 952 conspexerunt,
2743 883 2799 936 et
2839 877 3193 951 praedictum
3222 878 3375 935 ﬁnes
3405 880 3576 938 terra:
3601 881 3913 953 viderunt,

2257 969 2364 1044 qui
2397 975 2532 1028 ante
2562 970 2765 1043 aliqua
2789 972 3061 1041 tempora
3072 968 3394 1041 praedictus
3420 986 3483 1026 es
3504 972 3758 1030 vocibus
3778 978 3917 1032 Pro-

2256 1059 2592 1131 phetarum,
2623 1061 2679 1114 et
2710 1057 2772 1114 in
2803 1061 3069 1130 tempore
3098 1058 3282 1122 visus,
3309 1060 3366 1114 et
3397 1057 3759 1129 gioriﬂcatus
3786 1079 3919 1121 mo-

2258 1148 2413 1204 dulis
2430 1138 2828 1221 populorum:
2860 1146 3119 1204 concede
3149 1147 3422 1220 proptius
3475 1163 3624 1207 vasa
3653 1167 3765 1209 nos
3808 1157 3916 1212 tua

2260 1237 2367 1294 tibi
2391 1253 2744 1310 permanere
2774 1235 3266 1308 mundissima,ut
3296 1236 3446 1294 lucis
3477 1244 3687 1297 auctor
3711 1257 3823 1299 nos
3850 1247 3912 1300 et

2255 1327 2472 1398 jugiter
2501 1326 2772 1392 illustres,
2786 1331 2842 1382 et
2870 1325 3594 1386 indesinenterinhabites.
3617 1341 3684 1401 Βε.
3702 1331 3917 1389 Amen.

2258 1419 2366 1472 Per
2392 1415 2864 1472 misericordiam
2887 1420 3076 1472 tuam.

2328 1501 2983 1575 .4ntiphona.Viderunt
2999 1502 3155 1560 oculi
3177 1503 3284 1560 mei
3314 1504 3581 1562 salutare
3603 1506 3922 1576 tuum,Do-

2258 1592 2607 1666 mine,quod
2631 1592 2852 1664 parasti
2875 1593 2936 1648 in
2965 1597 3290 1664 conspectu
3343 1594 3922 1667 populorum.P.Lu-

575 1695 949 1766 Supplicatio.
982 1694 1232 1748 Oremus
1251 1688 1704 1759 Redemptorem
1727 1683 1935 1740 mundi
1955 1680 2152 1737 Domi-
2179 1698 2223 1754 Β
2259 1699 2396 1739 men
2416 1683 2493 1739 ad
2524 1679 2946 1738 revelationem
2985 1681 3279 1749 Gentium,
3332 1689 3389 1740 et
3417 1684 3670 1754 gloriam
3719 1686 3920 1759 plebis

490 1801 640 1842 num
667 1787 940 1841 nostrum
969 1784 1171 1838 Jesum
1195 1779 1656 1845 Christum,cum
1674 1774 1836 1831 omni
1851 1771 2149 1845 supplica.

503 1874 664 1932 tione
692 1888 974 1942 rogemus
1009 1875 1226 1938 ;utnos
1249 1866 1469 1938 gratias
1494 1862 1816 1921 nativitatis
1830 1866 2037 1926 suae,et
2048 1877 2149 1931 per

492 1962 984 2020 intercessionem
1002 1959 1199 2016 Sancti
1215 1956 1425 2013 Jacobi
1443 1952 1708 2026 Apostoli
1743 1951 1837 2007 sui
1865 1949 2038 2007 nobis
2059 1966 2148 2006 sa-

489 2051 676 2109 lutem
707 2052 923 2108 animae
955 2053 1010 2105 et
1037 2048 1386 2120 corporis,et
1403 2043 1825 2101 remissionem
1873 2043 2150 2114 peccato-

489 2155 644 2206 rum,
661 2144 944 2213 etpacem
973 2136 1266 2212 propitius
1285 2134 1542 2192 tribuere
1586 2132 1955 2202 digneturn.
1996 2129 2147 2185 Prae-

492 2235 587 2288 sta
615 2235 832 2287 aeterne
893 2227 1275 2299 omnipotens
1333 2223 1505 2279 Deus.
1556 2221 1730 2295 Kyrie
1778 2219 2023 2287 eleison,
2079 2230 2144 2291 131.

495 2319 722 2376 Christe
751 2317 996 2374 eleison.
1038 2315 1211 2387 Kyrie
1266 2313 1511 2370 eleison.

560 2406 846 2479 Capitula.
878 2406 1040 2462 Juste
1059 2403 1372 2474 Domine,a
1397 2417 1518 2475 quo
1544 2399 1726 2472 justis
1750 2395 1963 2455 merito
1973 2395 2148 2469 justi-

487 2495 763 2553 tiateneri
783 2492 1267 2564 conceditur,qui
1283 2508 1388 2564 per
1405 2495 1457 2547 te
1472 2490 1492 2562 j
1506 2494 1632 2546 uste
1646 2489 1839 2545 vivere
1879 2487 2142 2559 cupiunt,

492 2584 571 2641 da
590 2583 904 2656 justitiam,
937 2597 1126 2654 quam
1164 2579 1421 2636 retinent
1473 2580 1692 2641 mente,
1744 2575 2061 2632 ostendant
2084 2574 2145 2630 in

494 2687 694 2744 opere,
722 2687 790 2728 ex
815 2687 936 2743 quo
967 2674 1244 2725 sanctum
1272 2665 1623 2739 Apostolum
1652 2669 1825 2721 tuum
1846 2663 2144 2720 Iacobum

483 2763 641 2816 recte
665 2761 902 2831 justum
922 2758 1000 2814 ab
1015 2757 1294 2813 omnibus
1327 2754 1758 2824 cognoscimus
1782 2753 2103 2809 vocitatum
2127 2769 2141 2819 ;

484 2847 658 2919 cujus
684 2846 848 2918 justa
864 2843 1105 2918 eloquia
1122 2843 1522 2916 reproborum
1540 2841 1872 2898 confutavit
1893 2839 2145 2898 malitia-

488 2951 627 2990 cum
645 2935 726 2991 illi
742 2951 882 2990 cum
906 2932 1434 3004 fallacianequitiae
1451 2947 1598 3002 suae,
1623 2935 1678 2986 et
1685 2931 1919 3002 justum
1944 2927 2138 3002 appel,

482 3021 1344 3092 larent,etinjustitiamdocere
1369 3023 1649 3091 Optarent
1675 3036 1687 3073 :
1716 3018 1796 3074 ob
1813 3017 1929 3075 hoc
1971 3018 2147 3090 quip-
2178 3045 2219 3100 ρ

483 3123 559 3182 pe
589 3123 729 3164 eum
759 3109 820 3163 in
846 3107 1085 3162 sublimi
1113 3106 1250 3161 loco
1298 3106 1649 3162 arcessitum
1690 3111 2043 3169 statuerunt,
2082 3113 2144 3160 ut

487 3197 666 3267 longe
686 3198 925 3270 lateque
942 3195 993 3266 ej
1004 3212 1072 3250 us
1093 3191 1439 3266 praedicatio
1452 3199 1972 3265 resonaret,quam
1999 3209 2142 3250 vera

483 3285 829 3358 loquentem
849 3283 1112 3355 recipere
1142 3281 1483 3347 nolunt,sed
1505 3297 1646 3337 mox
1676 3280 2138 3354 praecipitatum,

485 3377 663 3446 atque
683 3371 1032 3429 decoratum
1064 3370 1348 3443 passione
1374 3369 1638 3426 efﬁciunt
1666 3386 1678 3426 :
1713 3369 1807 3426 fac
1867 3385 1979 3426 nos
2012 3370 2141 3440 ejus

485 3462 732 3525 meritis,
763 3466 818 3517 et
841 3459 1134 3532 justitiam
1165 3463 1362 3515 tenere
1390 3458 1452 3513 in
1482 3465 1698 3522 mente,
1751 3461 1805 3513 et
1839 3473 1973 3514 eam
1998 3474 2142 3529 prte‘

485 3547 686 3605 dicare
701 3549 989 3620 labenter;
1004 3552 1069 3604 ut
1101 3548 1251 3603 sicut
1275 3547 1373 3602 ille
1403 3545 1713 3620 operando
1724 3545 2070 3618 justitiam,J
2079 3562 2143 3603 u-

487 3635 778 3693 stiﬁcatus
807 3635 886 3693 ad
911 3642 966 3693 te
983 3636 1246 3710 pervenit
1285 3651 1391 3708 per
1421 3633 1691 3707 martyrii
1735 3633 2009 3705 gloriam,
2057 3633 2140 3692 ita

483 3739 597 3782 nos
624 3723 756 3796 ejus
781 3723 1077 3796 suffragiis
1090 3740 1194 3797 per
1223 3725 1472 3796 dignam
1502 3723 1915 3796 paenitentiam
1933 3737 2141 3796 perve-

483 3813 611 3872 nire
640 3828 981 3870 mereamur
1004 3812 1086 3870 ad
1100 3814 1589 3887 consequendam
1608 3811 2062 3884 indulgentiam.

555 3903 730 3960 Pater
748 3905 971 3959 noster.

555 3989 810 4048 Liberati
840 4007 877 4048 a
901 3991 1082 4054 malo,
1110 3991 1221 4062 fol.
1243 3993 1305 4047 2.

551 4081 782 4140 Lauda.
819 4081 1024 4137 Justus
1045 4085 1109 4136 ut
1123 4078 1329 4152 palma
1353 4076 1597 4135 ﬂorebit.
1619 4075 1970 4137 Benedictio.
1995 4081 2132 4138 Bea-

479 4166 690 4228 tissimi
712 4168 938 4228 Jacobi.
973 4170 1172 4235 Quwre
1191 4169 1307 4238 fol.
1339 4171 1427 4223 60.

577 4261 644 4315 IN
667 4259 882 4316 FESTO
918 4255 1468 4315 CIRCUMCISIONIS
1503 4256 1747 4314 DOMINI
1779 4257 2028 4316 NOSTRI

1059 4345 1222 4404 JESU
1261 4347 1551 4403 CHRISTI.

1115 4437 1210 4493 Ad
1249 4437 1539 4507 VeSperos.

545 4515 779 4584 Lauda.
799 4523 1214 4584 Laudaverunt
1240 4529 1314 4590 te,
1374 4523 1645 4594 Domine,
1676 4539 1891 4582 omnes
1917 4523 2127 4597 Angeli

475 4615 580 4683 tui,
603 4619 661 4674 et
687 4617 1027 4674 cecinerunt
1044 4618 1387 4688 Hymmum,
1419 4613 1567 4670 dum
1596 4614 1910 4687 perﬁceres
1939 4609 2126 4671 fabri-

474 4715 610 4763 cam
634 4705 768 4762 coeli
795 4722 809 4762 :
842 4709 977 4763 tuus
1001 4699 1254 4767 estdies,
1284 4707 1342 4760 et
1369 4705 1470 4760 tua
1525 4707 1615 4759 est
1638 4717 1778 4760 nox.
1813 4702 1877 4761 P.
1909 4704 1993 4760 Tu
2045 4702 2126 4760 fe-

475 4794 605 4853 cisti
636 4795 844 4862 solem,
876 4798 932 4852 et
957 4793 1186 4851 lunam.
1217 4793 1280 4855 ἡ.
1307 4795 1391 4849 Tu
1415 4793 1784 4850 conﬁrmasti
1812 4793 1876 4848 in
1912 4792 2126 4849 virtute

472 4881 574 4938 tua
615 4879 1220 4956 mare,contribulasti
1277 4881 1473 4954 capita
1529 4879 1864 4938 draconum
1938 4895 2122 4954 super

473 4982 685 5043 aquas.
707 4965 776 5031 P.
800 4973 883 5029 Tu
907 4971 1118 5028 fecisti.

551 5063 713 5122 Sono.
746 5061 1012 5118 Alleluia.
1044 5061 1278 5119 Justitia
1303 5061 1483 5134 plena
1506 5062 1595 5117 est
1609 5059 1853 5117 dextera
1872 5061 2125 5118 tua.Lae-

469 5161 623 5215 tetur
652 5168 830 5210 mons
863 5151 1021 5223 Sion,
1044 5155 1099 5208 et
1122 5149 1382 5208 exultent
1405 5149 1545 5206 ﬁlim
1561 5152 1588 5206 Ι
1595 5149 1746 5207 udae.
1771 5147 1834 5207 P.
1876 5149 2122 5224 Propter

465 5246 836 5319 judiciatua.
859 5242 1128 5307 Alleluia,
1147 5239 1491 5302 alleluiaJ’.
1563 5239 1829 5300 Alleluia.
1875 5241 2127 5314 Magnus

470 5335 779 5401 Dominus,
807 5335 863 5390 et
896 5327 1216 5388 laudabilis
1236 5328 1413 5386 valde
1441 5329 1502 5386 in
1532 5329 1765 5390 civitate
1789 5331 1890 5388 Dei
1910 5331 2132 5414 nostri,

467 5425 531 5482 in
558 5427 761 5484 monte
789 5437 849 5479 sa
858 5423 996 5478 ncto
1011 5418 1139 5490 ejus
1162 5434 1175 5474 :
1197 5417 1458 5476 Dilatans
1471 5417 1862 5480 exultationes
1879 5421 2092 5478 univer
2105 5449 2124 5465 -

478 5528 557 5569 sae
587 5516 774 5571 terrae.
801 5509 866 5568 P.
894 5509 1142 5582 Propter
1163 5506 1408 5581 judicia.

2259 1775 2375 1828 tua:
2399 1770 2600 1827 lsrael.
2633 1769 2953 1831 V.Domine
2972 1772 3258 1827 Dominus
3272 1779 3472 1829 noster
3497 1791 3679 1847 quam
3723 1776 3925 1833 admi-

2257 1861 2442 1917 rabile
2459 1865 2546 1916 est
2577 1875 2801 1916 nomen
2833 1864 3004 1916 tuum
3020 1861 3081 1916 in
3104 1860 3382 1919 universa
3399 1866 3573 1920 terra.
3599 1863 3919 1922 P.Lumen

2258 1947 2337 2007 ad
2365 1947 2808 2006 revelationem.
2837 1947 2899 2011 νιν.
2944 1948 3160 2015 Gloria,
3203 1953 3262 2007 et
3283 1949 3497 2017 honor,
3546 1957 3656 2009 etc.
3693 1953 3760 2011 P.
3800 1955 3916 2011 Lu-

2259 2055 2410 2095 men.

2327 2127 2558 2186 Lauda.
2588 2127 2804 2184 Notum
2824 2125 2960 2184 fecit
2988 2125 3274 2184 Dominus
3286 2126 3546 2186 salutare
3562 2136 3913 2202 suum,ante

2257 2221 2642 2290 conspectum
2673 2217 2942 2287 gentium
2961 2216 3246 2274 revelavit
3265 2217 3558 2288 justitiam
3588 2221 3916 2294 suam.62

2255 2305 2520 2372 Alleluia,
2577 2305 2832 2363 alleluia.
2862 2304 2927 2368 ῒ.
2960 2307 3182 2362 Memor
3205 2305 3314 2362 fuit
3341 2307 3761 2366 misericordiae
3784 2327 3920 2369 suae

2255 2399 2459 2461 Jacob,
2492 2402 2545 2451 et
2571 2395 2833 2452 veritatis
2859 2411 2982 2451 suae
3003 2394 3212 2451 domui
3255 2396 3451 2453 Israel.
3476 2395 3540 2453 P.
3581 2397 3728 2455 Ante
3768 2414 3924 2458 con-

2257 2490 2546 2559 spectum.
2579 2485 2641 2547 V.
2675 2482 2892 2551 Gloria,
2939 2488 2996 2541 et
3041 2482 3253 2550 honor,
3306 2487 3415 2542 etc.
3471 2481 3539 2545 P.
3572 2485 3718 2546 Ante
3767 2503 3920 2547 con-

2257 2582 2549 2648 spectum.

2971 2661 3268 2734 Hymnus.

2575 2753 2750 2809 Sacer
2771 2766 3105 2808 OCTAVARUM
3134 2751 3260 2809 dies

2501 2839 2833 2898 Hodiernus
2871 2839 3092 2910 rutilat,

2430 2933 2559 2999 Quo
2581 2930 2930 2986 saecundum
2960 2945 3205 2987 carnem
3231 2927 3496 2989 Christus

2432 3019 2825 3076 Circumcisus
2854 3019 3102 3075 traditur
3129 3035 3140 3075 :

2430 3109 2608 3176 Patri,
2641 3123 2763 3164 non
2793 3107 3136 3181 adoptione,

2430 3196 2544 3253 Sed
2570 3203 2899 3252 coaeternus
2929 3211 3162 3265 genere.

2503 3283 2721 3357 Spiritu
2749 3284 3081 3354 completur
3101 3282 3275 3342 alvus

2427 3375 2768 3445 Incorrupta
2795 3372 3068 3444 Virginis,

2428 3463 2572 3528 Quae
2591 3461 2831 3534 pariens
2861 3461 3079 3518 mansit
3113 3461 3330 3521 caelebs

2423 3549 2619 3620 Virgo,
2643 3563 2827 3620 quam
2856 3565 3204 3623 puerperam

2425 3639 2739 3696 lnlibatam
2770 3640 3124 3696 Genitricem

2423 3727 2622 3785 Proles
2649 3733 2874 3785 castam
2905 3727 3110 3799 elegit:

2493 3817 2636 3874 Inde
2668 3818 2906 3875 Simeon
2936 3817 3295 3890 grandaevus

2424 3907 2623 3964 Ovans
2645 3907 2800 3963 ulnis
2822 3906 3060 3978 accipit,

2419 3995 2902 4068 Amplexansque
2930 3995 3248 4054 videbatur

2422 4086 2689 4143 Salutare
2719 4085 2972 4142 Domini:

2417 4175 2659 4232 Resolve
2683 4175 2812 4247 jam
2837 4189 2997 4231 nunc
3026 4172 3089 4230 in
3119 4189 3265 4247 pace

2416 4267 2587 4319 Arius
2611 4263 2758 4320 istos
2778 4261 3050 4333 fragiles.

2489 4352 2602 4409 Sed
2629 4367 2738 4408 nec
2772 4349 2873 4409 illa
2901 4351 3102 4424 impar
3124 4351 3300 4409 Anna

2415 4439 2786 4497 Continentia
2813 4439 3113 4510 gradiens.

2413 4531 2606 4596 Quam
2631 4529 2693 4585 in
2721 4529 2866 4586 ﬂore
2891 4529 3214 4601 juventutis

2412 4619 2642 4691 Conjux
2660 4617 3010 4675 viduaverat

2411 4707 2755 4780 Vagientem
2785 4706 3100 4764 conﬁtetur

2409 4799 2555 4855 Fore
2577 4795 2793 4853 mundi
2814 4795 3166 4867 Principem.

2481 4887 2642 4942 Tunc
2657 4883 2998 4942 veneranda
3025 4895 3099 4942 ex
3115 4881 3246 4956 lege

2411 4974 2749 5032 Oﬂeruntur
2771 4989 3023 5031 munera

2408 5065 2742 5130 Turturum,
2766 5061 3308 5137 colnmbarumque

2413 5155 2557 5212 Bina
2583 5155 2644 5210 in
2672 5153 2989 5220 sacrificia;

2413 5245 2555 5310 Quae
2585 5244 2871 5316 corporis,
2904 5241 3240 5316 animaeque

2413 5333 2730 5388 Puritatem
2755 5330 3057 5388 docerent.

2480 5418 2728 5492 Impleta
2755 5421 2844 5476 est
2864 5419 3074 5493 priscae
3100 5419 3164 5476 in

2413 5508 2581 5580 Legis
2607 5508 3013 5569 Circumcislo:
