4118 6184
229 211 335 268 145
1245 204 1595 263 DOMINICA
1633 202 1819 260 ANTE
1860 201 2318 267 EPIPHANIAM
2358 212 2642 270 DOMINI.
3561 211 3664 266 146

229 347 407 392 tuum
435 335 578 389 ante
626 333 1020 402 conspectum
1053 329 1350 401 Gentium,
1395 329 1714 388 revelando
1732 328 1904 400 justi-
1933 326 1982 382 A
2017 331 2086 388 IN
2126 335 2467 395 DOMINICO
2505 337 2686 394 ANTE
2753 336 3202 404 EPIPIIANIAM,
3265 333 3414 394 SIVE
3456 335 3661 391 APPA-

231 426 382 483 tiam
414 428 603 486 tuam,
651 420 1108 476 miserationum
1152 423 1392 477 tuarum
1447 419 1624 477 nobis
1666 420 1905 491 copiam
2509 428 2839 484 RITIONEM
2896 425 3160 482 DOMINI.

227 512 577 576 manifesta,
608 513 690 579 ut,
735 509 842 580 qui
874 507 1151 565 salutaris
1197 510 1281 565 tui
1310 509 1520 566 notitia
1549 508 1901 585 relevamur,
2624 516 2721 571 Ad
2760 517 3048 586 Vesperos.

224 597 844 668 revelationejustitim
864 597 1266 655 consolemur.
1293 601 1574 668 ἣκΑωθη.
1594 598 1705 653 Per
1731 597 1906 653 mise-
2084 601 2316 661 Lauda.
2350 605 2770 662 Laudaverunt
2800 609 2872 670 te,
2907 602 3177 659 Domine.
3209 602 3316 671 fol.
3343 604 3432 658 61.

224 689 557 748 ricordiam
586 691 772 743 tuam.
2085 691 2267 750 Sono.
2297 694 2558 765 Intende,
2588 693 2854 749 Domine.
2881 692 2941 746 P.
2970 689 3242 757 Procede,
3271 698 3326 745 et
3351 706 3552 761 regna.
3572 689 3662 745 Al-

302 780 392 834 Ad
419 777 792 834 Benedictus.
826 774 1192 844 Antiphona.
1223 775 1351 831 Tibi
1393 776 1502 832 soli
1536 776 1655 832 Deo
1687 775 1901 838 honor,
2013 779 2211 846 Ieluia,
2245 782 2500 853 alleluia,
2552 783 2806 838 alleluia.
2847 782 2907 842 ἲν.
2961 781 3257 836 Eructavit
3307 795 3407 836 cor
3458 796 3659 835 meum

231 872 286 924 et
318 867 532 937 gloria,
558 866 758 928 virtus,
780 867 838 920 et
872 867 1136 935 potestas
1165 865 1228 919 in
1270 864 1490 922 saecula
1522 864 1903 920 saeculorum.
2011 868 2263 926 verbum
2293 871 2522 930 bonum
2553 889 2569 925 :
2601 871 2734 928 dico
2759 885 2870 940 ego
2886 884 3071 941 opera
3093 884 3229 924 mea
3254 867 3397 937 regi.
3431 869 3491 922 P.
3524 867 3663 922 Pro-

304 958 600 1013 Psalmus.
635 953 990 1010 Benedictus
1031 969 1092 1009 es
1137 954 1427 1012 Dominus
1480 955 1635 1011 Deus
1661 959 1900 1026 patrum
2011 958 2168 1014 cede.

233 1051 601 1104 nostrorum.
645 1044 840 1108 Quare
865 1043 978 1112 fol.
1009 1047 1062 1099 6.
2078 1046 2444 1118 Antiphona.
2471 1050 2708 1116 Laetare,
2741 1046 2960 1110 laetare,
2993 1044 3360 1100 Hierusalem
3391 1061 3402 1096 :
3430 1048 3484 1099 et
3505 1043 3661 1099 diem

297 1137 485 1191 Sono.
517 1132 786 1188 Alleluia.
820 1131 1060 1189 Justitia
1090 1132 1296 1206 plena.
1341 1134 1532 1199 Quare
1558 1135 1671 1202 fol.
1701 1137 1787 1189 6t.
2004 1127 2223 1191 festum
2248 1136 2422 1206 agite,
2481 1149 2693 1192 omnes
2722 1134 2825 1206 qui
2849 1132 3093 1201 diligitis
3122 1147 3279 1188 eam.
3309 1132 3369 1184 P.
3399 1131 3660 1187 Gaudete

299 1223 535 1280 Lauda.
572 1219 827 1278 Laudate
842 1219 1165 1276 Dominum
1189 1220 1264 1277 de
1285 1220 1896 1286 coelis.Alleluia,alle-
2004 1223 2228 1294 gaudio
2261 1240 2484 1295 magno
2512 1238 2742 1291 omnes,
2773 1221 2878 1294 qui
2903 1220 3197 1290 lugebatis
3224 1235 3405 1292 super
3434 1219 3658 1278 eamJ)’.

222 1310 377 1375 luia,
427 1309 685 1367 alleluia.
733 1307 990 1364 Laudate
1030 1323 1169 1365 eum
1199 1309 1261 1365 in
1292 1308 1560 1366 excelsis.
1601 1310 1719 1381 65
1750 1309 1896 1365 Alle-
2007 1313 2210 1371 Lauda
2230 1314 2588 1370 Hierusalem
2641 1311 2960 1369 Dominum
2999 1327 3011 1365 :
3056 1313 3112 1366 et
3148 1308 3426 1366 collauda
3470 1309 3658 1363 Deum

220 1400 382 1459 luia.
443 1399 697 1455 Laudate
741 1413 882 1454 eum
935 1413 1150 1454 omnes
1189 1398 1397 1470 Angeli
1433 1399 1564 1468 ejus
1597 1415 1608 1455 :
1643 1398 1888 1456 laudate
2003 1406 2174 1460 tuum
2199 1402 2356 1460 Sion.
2385 1403 2447 1457 P.
2480 1401 2741 1459 Gaudete
2766 1399 3014 1472 gaudio.
3045 1397 3104 1457 IV.
3131 1397 3421 1462 Gloria,et
3442 1397 3654 1465 honor,

218 1503 365 1544 eum
443 1502 655 1544 omnes
727 1486 974 1544 virtutes
1053 1487 1204 1558 ejus.
1270 1486 1540 1545 Alleluia.
1621 1487 1894 1546 Psalmus
2004 1497 2113 1549 etc.
2144 1491 2207 1548 P.
2242 1491 2524 1551 Gaudete.

220 1576 468 1636 chvrii.
501 1582 564 1632 ut
589 1591 792 1647 supra.
2073 1581 2301 1638 Lauda.
2340 1579 2610 1637 Alleluia.
2643 1576 2910 1634 Visitavit
2939 1592 3052 1634 nos
3081 1575 3278 1632 oriens
3303 1590 3376 1630 ex
3405 1573 3552 1630 alto.
3594 1573 3656 1626 P.

357 1664 561 1720 Lectio
595 1664 741 1719 libri
762 1664 959 1720 Esaiw
980 1664 1316 1736 Prophetiw
1336 1665 1498 1736 (Cap.
1521 1667 1748 1737 XLVIII).
1927 1679 1971 1734 Β
2003 1670 2076 1726 Ut
2103 1669 2324 1726 luceret
2344 1669 2449 1733 eis,
2489 1668 2594 1741 qui
2619 1667 2681 1723 in
2717 1666 2974 1722 tenebris
3005 1669 3143 1720 sunt
3171 1680 3182 1717 :
3209 1663 3286 1720 ad
3313 1661 3660 1734 dirigendos

288 1765 356 1822 ἢ·
383 1755 506 1808 Deo
537 1752 788 1822 Βΐᾶίίᾶεο
1121 1777 1135 1790 °
2001 1758 2185 1831 pedes
2215 1763 2450 1815 nostros
2475 1757 2535 1812 in
2565 1757 2728 1812 viam
2753 1755 2941 1827 pacis.
2968 1752 3232 1821 Alleluia,
3257 1750 3660 1814 alleluia,alle-

289 1843 430 1897 Haec
468 1840 616 1897 dicit
659 1841 949 1898 Dominus
982 1859 994 1897 :
1041 1841 1196 1898 Audi
1227 1857 1323 1899 me
1352 1843 1564 1909 Jacob,
1605 1848 1661 1899 et
1690 1843 1887 1907 lsrael,
1999 1847 2140 1903 luia.
2173 1846 2234 1907 ἲν.
2271 1845 2429 1903 Sicut
2450 1843 2816 1907 audivimus,
2846 1842 2931 1898 ita
2959 1846 3016 1897 et
3044 1839 3304 1896 vidimus
3334 1839 3395 1894 in
3426 1838 3658 1894 civitate

212 1945 406 2003 quem
432 1943 547 1999 ego
568 1944 718 1986 voco
749 1947 760 1985 :
795 1944 908 2000 ego
941 1930 1090 2002 ipse,
1121 1945 1234 2001 ego
1264 1931 1520 2004 primus,
1563 1935 1618 1988 et
1642 1946 1754 2001 ego
1793 1947 1892 1988 no-
2000 1935 2235 1992 Domini
2265 1934 2564 2001 virtutum,
2598 1931 2658 1987 in
2690 1931 2924 1988 civitate
2956 1929 3054 1986 Dei
3081 1927 3269 1986 nostri
3299 1944 3310 1984 :
3348 1930 3500 1983 Deus
3523 1926 3657 1983 fun-

216 2018 532 2075 vissimus.
567 2021 776 2075 Manus
803 2033 1047 2091 quoque
1089 2034 1228 2077 mea
1264 2019 1535 2077 fundavit
1562 2024 1802 2087 terram,
1836 2037 1894 2092 et
1999 2024 2163 2081 davit
2185 2037 2320 2081 eam
2340 2022 2403 2078 in
2428 2026 2744 2078 aeternum.
2787 2023 2844 2076 P.
2888 2022 2955 2078 Ut
2984 2019 3229 2075 luceret.
3260 2017 3321 2078 IV.
3347 2015 3558 2081 Gloria,
3601 2018 3658 2072 et

218 2107 478 2166 dextera
508 2123 646 2164 mea
664 2123 878 2166 mensa
898 2111 984 2165 est
1009 2108 1192 2166 caelos
1214 2128 1228 2177 ;
1247 2125 1358 2180 ego
1379 2125 1530 2167 voco
1551 2126 1674 2177 eos,
1699 2113 1755 2166 et
1778 2114 1894 2168 stas
1999 2113 2212 2180 honor,
2240 2116 2351 2170 elc.
2392 2114 2450 2167 P.
2486 2114 2555 2168 Ut
2584 2110 2824 2166 luceret.

207 2197 372 2253 bunt
405 2196 606 2253 simul.
644 2197 1105 2267 Congregamini
1151 2213 1364 2255 omnes
1398 2214 1526 2266 vos,
1559 2203 1616 2256 et
1639 2199 1842 2256 audiet
1870 2204 1888 2247 ε
2681 2199 2966 2270 Hymnus.

215 2285 361 2358 quis
383 2285 476 2340 eis
506 2285 887 2342 annuntiavit
914 2285 1084 2342 haac?
1105 2286 1392 2344 Dominus
1410 2287 1615 2346 dilexit
1635 2289 1890 2354 eum,fa-
2249 2289 2400 2361 Agni
2424 2289 2655 2361 genitor
2681 2287 2932 2345 Domine
2962 2304 2974 2340 :

203 2374 328 2431 ciet
338 2373 716 2430 voluntatem
733 2390 912 2431 suam
928 2374 989 2430 in
1003 2374 1703 2447 Babylone,etbrachium
1721 2393 1888 2434 suum
2176 2381 2435 2437 Verbum
2465 2381 2674 2436 natum
2700 2376 2776 2434 de
2811 2375 3062 2448 Virgine,

202 2463 266 2520 in
301 2461 625 2519 Chaldaeis.
669 2465 790 2532 Ego
820 2463 1052 2519 locutus
1090 2469 1309 2531 sum,et
1336 2465 1540 2522 vocavi
1565 2481 1704 2522 eum
1739 2481 1749 2522 :
1778 2465 1882 2522 ad-
2175 2472 2541 2542 Conceptum
2567 2467 2693 2524 sine
2725 2467 2973 2535 semine,

203 2551 353 2608 duxi
391 2567 558 2622 eum,
595 2556 653 2607 et
681 2551 906 2608 directa
932 2556 1020 2609 est
1045 2553 1142 2610 via
1170 2553 1320 2624 ejus.
1347 2553 1622 2612 Accedite
1647 2555 1728 2611 ad
1759 2570 1876 2622 me,
2172 2557 2303 2613 Dux
2330 2554 2598 2625 luminis,
2621 2558 2678 2612 et
2704 2554 2838 2610 fons
2867 2553 3003 2608 vitae
3032 2569 3044 2609 :

204 2645 262 2697 et
279 2640 488 2698 audite
513 2641 630 2696 hoc
655 2657 666 2696 :
695 2655 817 2697 non
836 2658 869 2696 a
890 2640 1184 2714 principio
1203 2642 1266 2700 id
1278 2642 1633 2701 abscondito
1646 2643 1882 2702 locutus
2242 2644 2378 2701 Esto
2410 2643 2588 2700 nobis
2616 2643 2678 2698 in
2709 2641 2964 2698 salutem

205 2746 344 2786 sum
378 2749 390 2788 :
447 2745 520 2786 ex
565 2734 832 2802 tempore
881 2734 1208 2804 antequam
1247 2731 1429 2798 ﬁeret,
1462 2733 1545 2789 ibi
1580 2748 1746 2790 eram
1781 2751 1793 2786 :
1827 2737 1882 2790 et
2173 2733 2350 2788 Filius
2379 2731 2483 2787 Dei
2509 2731 2681 2786 unice
2711 2746 2724 2786 :

201 2833 370 2874 nunc
395 2817 688 2874 Dominus
722 2821 875 2874 Deus
907 2819 1070 2877 misit
1089 2835 1205 2888 me,
1229 2824 1286 2878 et
1310 2822 1549 2894 spiritus
1572 2821 1717 2893 ejus.
1738 2821 1879 2879 Haec
2171 2821 2544 2877 Gubernator
2568 2819 2726 2889 [Jesu
2756 2817 2977 2873 Christe

201 2907 352 2964 dicit
378 2907 674 2963 Dominus
695 2907 1054 2981 Redemptor
1073 2913 1211 2966 tuus
1231 2913 1471 2968 sanctus
1501 2911 1678 2967 Israel
1709 2928 1720 2966 :
1757 2914 1879 2982 Ego
2167 2909 2261 2966 Ad
2283 2922 2522 2982 precem
2551 2910 2820 2964 nostram
2850 2905 3077 2978 aspice.

198 2996 506 3052 Dominus
542 2998 693 3052 Deus
726 3000 865 3052 tuus
890 2996 1113 3054 docens
1140 3001 1193 3054 te
1219 2998 1407 3064 utilia,
1438 2998 1784 3069 gubernans
1815 3003 1868 3056 te
1907 3030 1948 3086 ο
2243 3003 2305 3055 In
2331 2995 2629 3053 mundum
2657 2994 2834 3051 nobis
2853 2994 3076 3051 missus
3098 3007 3158 3049 es

204 3085 274 3140 in
300 3084 419 3154 via,
440 3099 628 3156 quam
649 3083 946 3142 ambulas.
969 3086 1204 3144 Utinam
1221 3087 1572 3144 attendisses
1590 3087 1882 3146 mandata
1917 3083 1948 3086 ⁷
2170 3087 2449 3160 Captivos
2469 3089 2822 3158 repraesenta
2834 3099 2915 3149 re,

198 3189 347 3231 mea
387 3185 404 3235 :
434 3172 594 3230 facta
621 3173 826 3230 fuisset
846 3173 1020 3246 quasi
1042 3174 1269 3232 flumen
1289 3191 1409 3248 pax
1434 3179 1555 3242 tua,
1579 3180 1636 3233 et
1655 3176 1881 3248 justitia
2166 3178 2394 3232 Lumen
2423 3174 2594 3231 caecis
2617 3173 2960 3238 reformare,

195 3267 302 3319 tua
323 3262 483 3318 sicut
513 3262 776 3333 gurgites
798 3262 1004 3318 maris.
1040 3264 1108 3318 Et
1136 3262 1346 3320 fuisset
1376 3265 1552 3336 quasi
1582 3279 1766 3322 arena
1791 3280 1880 3323 se-
2168 3265 2469 3321 Mutorum
2493 3261 2733 3333 linguas
2769 3261 3014 3317 solvere.

191 3367 340 3409 men
373 3357 570 3418 tuum,
601 3355 660 3408 et
683 3351 861 3423 stirps
886 3351 1038 3409 uteri
1067 3353 1176 3423 tui,
1215 3356 1281 3410 ut
1323 3352 1514 3426 lapilli
1543 3354 1674 3425 ejus
1708 3371 1721 3410 :
1755 3370 1880 3413 non
2239 3356 2320 3410 Ne
2343 3367 2456 3408 nos
2485 3351 2809 3423 relinquas,
2843 3347 3092 3406 Domine

192 3441 567 3509 interissent,
596 3445 655 3497 et
685 3455 809 3497 non
838 3439 1088 3498 fuissent
1113 3457 1337 3498 nomen
1376 3442 1506 3514 ejus
1536 3443 1804 3500 attritum
1845 3459 1881 3501 a
2170 3440 2450 3498 Omnium
2481 3439 2753 3495 conditor
2780 3437 2897 3510 pie,

189 3530 350 3587 facie
376 3545 537 3586 mea.
566 3528 933 3600 Egredimini
958 3545 996 3587 a
1038 3529 1365 3602 Babylone,
1413 3530 1596 3603 fugite
1638 3547 1676 3589 a
1706 3531 1880 3590 Chal-
2167 3529 2464 3601 Propitius
2490 3528 2787 3596 miserere,

191 3618 368 3690 (ἱεὶς,
399 3617 462 3674 in
499 3632 639 3674 voce
668 3617 1049 3675 exultationis
1080 3619 1434 3676 annuntiate
1461 3636 1474 3676 :
1520 3625 1576 3677 et
1605 3619 1878 3678 auditum
2168 3620 2276 3686 Qui
2304 3617 2535 3674 nullum
2557 3617 2725 3688 cupis
2749 3613 2999 3688 perdere
3028 3628 3042 3668 :

192 3707 375 3766 facite
402 3707 544 3776 hoc,
564 3711 624 3762 et
653 3705 792 3763 ferte
821 3705 966 3762 illud
989 3722 1182 3780 usque
1199 3707 1278 3764 ad
1299 3712 1642 3767 extremum
1664 3714 1831 3766 terrae
1859 3735 1878 3776 :
2235 3709 2563 3778 Rectorque
2595 3703 2809 3761 mundi
2838 3699 3088 3760 Domine

192 3801 248 3852 et
276 3795 463 3852 dicite
497 3816 510 3851 :
540 3793 809 3851 Redemit
847 3794 1138 3852 Dominus
1180 3811 1420 3853 servum
1459 3813 1638 3854 suum
1661 3798 1869 3856 Jacob.
2167 3795 2432 3854 Salvator
2481 3793 2806 3863 Unigenite,

189 3896 255 3956 1y.
283 3889 506 3941 Amen.
2165 3888 2250 3943 Tu
2269 3898 2380 3940 nos
2400 3899 2437 3940 a
2461 3885 2650 3939 morte
2680 3886 2925 3953 protege

259 3975 562 4045 Hymnus.
627 3974 802 4030 Sacer
853 3975 1202 4031 octavarum
1244 3973 1394 4031 dies.
1467 3975 1876 4050 Supplicati'o.
2169 3974 2238 4028 Ut
2267 3970 2423 4042 capti
2457 3969 2615 4027 dulci
2637 3986 2837 4042 opere.

185 4065 454 4121 Oremus
499 4061 959 4134 Redemptorem
984 4063 1214 4119 mundi.
1232 4064 1345 4133 fol.
1371 4067 1459 4121 61.
2235 4059 2498 4116 Christus
2537 4059 2827 4116 Dominus
2853 4059 3072 4130 vigilet,

264 4151 592 4220 Capitula.
634 4154 849 4208 Notum
893 4150 1118 4208 factum
1169 4156 1260 4210 est
1297 4151 1578 4218 salutare,
1628 4152 1876 4210 Domine
2164 4147 2454 4222 Fidesque
2479 4154 2685 4206 nostra
2709 4148 3018 4219 germinet,

179 4243 498 4298 virtutum
520 4239 763 4305 ;factum
776 4241 1248 4312 est,praadictum
1265 4241 1697 4314 Prophetarum
1721 4258 1874 4315 prm-
2162 4235 2366 4294 Zabuli
2386 4237 2654 4294 discedat
2679 4237 3014 4305 munimen,

174 4329 410 4399 conio;
446 4327 759 4401 visumque
785 4329 1153 4402 populorum
1170 4334 1411 4402 aspectu
1438 4331 1616 4396 ;dum
1634 4331 1875 4388 Simeon
1908 4390 1947 4402 ﬁ
2162 4329 2291 4382 Non
2319 4326 2511 4384 valeat
2539 4326 2882 4398 subrepere.

175 4419 349 4476 ulnis
371 4419 632 4489 gestavit
653 4419 1027 4491 senex,quod
1042 4422 1216 4477 Vates
1232 4420 1573 4477 cecinerunt
1596 4421 1827 4493 priores
1854 4441 1868 4481 ε
1907 4390 1952 4446 D
2231 4415 2340 4471 Per
2366 4417 2574 4472 Jesum
2603 4415 2901 4471 Christum
2926 4412 3270 4476 Dominum.

174 4525 292 4581 pro
325 4523 456 4581 quo
490 4510 546 4563 et
585 4507 882 4578 promissa
911 4515 966 4564 et
1003 4509 1282 4566 inchoata
1311 4509 1694 4578 cognoscitur
1733 4525 1871 4582 pro-
2143 4506 2254 4571 Qui
2280 4509 2492 4578 regnat
2530 4520 2667 4561 cum
2700 4504 2818 4560 Deo
2848 4502 3039 4574 Patre,

177 4595 892 4670 phetia,utrequiesceret
910 4598 970 4654 in
987 4598 1302 4669 pace,dum
1322 4600 1832 4672 aspiceretpacem
1853 4619 1867 4660 :
2162 4598 2227 4655 Et
2255 4611 2367 4652 nos
2395 4592 2667 4664 dignavit
2696 4590 2934 4656 docere,

177 4692 234 4742 et
261 4687 446 4742 Jesus
484 4685 773 4742 Dominus
804 4686 1010 4743 lumen
1035 4687 1098 4744 in
1118 4687 1550 4744 revelationem
1579 4687 1865 4753 Gentium,
2159 4684 2480 4742 Credamus
2506 4681 2570 4737 in
2593 4680 2890 4737 Trinitate.

178 4780 234 4832 et
259 4774 530 4846 gloriam
559 4773 752 4847 plebis
772 4780 886 4832 tum
908 4777 1108 4841 Israel,
1143 4781 1201 4833 et
1228 4777 1563 4849 promissus
1586 4776 1867 4849 prodiret,
2228 4774 2347 4846 66
2378 4770 2552 4828 Trino
2581 4770 2722 4837 Deo,
2752 4785 2823 4828 ac
2849 4769 3103 4826 Domino

178 4870 239 4922 et
262 4864 564 4938 prodiens
596 4869 950 4937 appareret:
993 4865 1320 4938 lumenque
1351 4866 1480 4937 ejus
1510 4865 1872 4938 praeveniret
2160 4867 2378 4922 Omnes
2407 4861 2680 4917 dicamus
2710 4859 2963 4932 gloriam
2997 4875 3010 4913 :

183 4969 226 5011 n
254 4954 505 5021 saeculo,
543 4969 704 5027 quos
728 4955 965 5012 caecitas
984 4958 1362 5028 oppresserat
1385 4953 1769 5011 tenebrarum
1794 4955 1855 5011 in
2164 4951 2314 5020 Quia
2338 4949 2509 5006 Pater
2532 4949 2593 5005 in
2622 4948 2912 5020 principio

185 5043 460 5111 mundo;
483 5046 704 5100 Prmsta
729 5042 982 5115 proinde
1013 5043 1293 5117 precibus
1326 5043 1599 5099 Ecclesiae
1625 5047 1761 5108 tuae,
1795 5048 1862 5100 ut
2159 5043 2402 5112 Semper
2430 5038 2538 5095 fuit
2558 5053 2696 5094 cum
2729 5037 2887 5093 Filio.
2920 5037 3135 5092 Amen.

185 5149 346 5206 quos
389 5133 698 5191 mirabilia
740 5133 869 5189 haec
899 5133 1088 5191 fecisti
1107 5149 1456 5204 agnoscere,
1489 5133 1570 5190 ad
1598 5137 1654 5189 te
1678 5132 1863 5190 facias
2047 5130 2442 5202 Supplicatio.
2467 5129 2715 5184 Oremus
2736 5125 3186 5198 Redemptorem
3210 5122 3626 5182 mundiDomi-

193 5221 260 5278 in
291 5238 440 5294 pace
470 5223 812 5296 pervenire.
1979 5237 2127 5278 num
2143 5223 2417 5276 nostrum
2434 5219 2638 5274 lesum
2655 5215 2971 5286 Christum,
2997 5229 3135 5270 cum
3151 5215 3317 5270 omni
3339 5211 3634 5282 supplica-

267 5314 436 5368 Pater
453 5316 678 5368 noster.
705 5311 958 5368 Liberali
991 5327 1028 5368 a
1061 5311 1238 5369 malo.
1269 5313 1382 5382 fol.
1417 5317 1470 5367 2.
1979 5310 2138 5368 tione
2162 5322 2478 5378 rogemus;
2507 5308 2572 5361 ut
2599 5305 2870 5362 Ecclesia;
2915 5320 3039 5360 suae
3067 5308 3288 5360 sanctae
3326 5296 3630 5354 catholicae

269 5401 502 5459 Lauda.
537 5401 936 5458 Annuntietur
986 5401 1048 5458 in
1084 5401 1243 5458 Sion.
1281 5400 1627 5459 Benedictio.
1661 5399 1862 5457 Domi-
1980 5399 2166 5456 ﬁdem
2208 5399 2442 5467 augeat,
2476 5399 2532 5452 et
2577 5410 2790 5468 pacem
2826 5393 3066 5463 tribuat,
3103 5387 3631 5454 defensionemque

190 5506 311 5547 nus
338 5493 511 5550 Iesus
538 5491 832 5551 Christus.
883 5491 991 5566 tot.
1035 5495 1122 5548 62.
1155 5494 1219 5549 In
1247 5491 1490 5550 nomine
1532 5489 1788 5549 Domini.
1977 5485 2282 5549 concedat.
2315 5483 2382 5548 ἡ.
2414 5485 2638 5543 Praesta
2665 5489 2883 5543 aeterne
2914 5478 3292 5550 omnipotens
3323 5473 3498 5527 Deus.
