4118 6184
470 212 575 271 147
1732 198 2183 265 BREVIARIUM
2220 194 2611 255 GOTHICUM.
3783 190 3892 251 “8

547 337 851 407 Capitula.
881 337 1033 393 Deus
1062 337 1190 395 sine
1216 337 1533 407 initio,sine
1558 336 1744 403 ﬁne,a
1770 349 1892 408 quo
1921 334 2007 388 est
2034 332 2123 385 to-
2155 327 2202 382 Α
2230 324 2401 379 Patre
2429 321 2614 378 fuisse
2639 318 3253 408 testaris,priusquam
3273 316 3493 408 terram
3515 312 3895 408 faceret,_aut

473 426 592 483 tius
612 402 937 484 mundanae
954 432 1237 484 creaturae
1258 402 1525 497 initium;
1542 426 1621 482 da
1641 402 1838 491 nebis,
1860 427 1923 479 ut
1944 425 2124 477 extre-
2234 412 2469 469 excelsa
2496 410 2796 467 montium
2839 407 3147 472 stabiliret.
3181 404 3328 460 dum
3366 406 3418 458 ιϐ
3449 406 3587 458 ama
3612 402 3897 497 omnium

473 531 596 586 ma,
622 516 717 571 vel
732 516 931 573 media
954 517 1095 574 anni
1111 517 1290 589 hujus
1321 532 1459 573 cum
1480 496 1694 587 placita
1715 514 1813 570 tibi
1832 510 2126 587 prosperi-
2235 501 2599 558 creationem
2624 498 2879 589 collium,
2897 498 3228 589 generaret,
3246 497 3305 589 t9
3332 496 3897 589 quaesita-Iratam-

475 580 593 662 tate
619 605 936 673 ducamus,
966 607 1072 679 qui
1097 580 1263 664 initia
1296 608 1425 677 ejus
1454 580 1553 662 tibi
1582 580 1915 661 dedicanda
1938 580 2123 674 porri-
2235 605 2472 679 θέλωμεν
2512 593 2606 679 Ψ»-
2639 588 2744 660 (ἰαί
2780 587 2964 659 huius
3007 586 3204 679 ίιξοοτξ·
3208 586 3366 679 1}le
3418 580 3743 679 ηθυνίίξιίίξ
3772 585 3896 639 ῖυεθ

476 693 695 763 gimus,
729 699 792 751 ut
838 699 894 751 et
917 669 1281 752 substantiis
1320 669 1719 765 abundemus,
1755 696 1812 750 et
1843 669 2125 764 operibus
2235 676 2841 765 εᾶυάίθιοθιθδΐᾶωυξ
2863 673 3203 765 ονᾶηάοιεξά
3225 669 3899 765 ίθΐθωυῑξεῗτεῖηνίρῆιζ·

479 757 801 838 sanctitatis
839 782 1196 853 fulgeamus.
1704 757 1716 765 ’
1885 757 1901 764 ’
2234 767 2549 824 veniamus
2576 764 2876 822 credendo
2912 780 2924 819 :
2960 766 3043 853 ut,
3066 762 3335 853 qui-ante
3357 757 3657 853 monti-um
3684 757 3899 815 condi-

551 871 724 928 Pater
752 846 970 930 noster.
1007 873 1254 930 Liberati
1279 889 1316 931 ε,
1344 873 1528 930 malo,
1552 874 1669 943 fol.
1707 876 1761 927 2,
2220 856 2461 914 .tionem
2482 869 2556 911 ex
2576 853 2747 912 Patre
2777 852 3060 943 nasceris,
3090 854 3146 907 et
3174 850 3235 943 in
3267 846 3638 943 plenitudine
3664 851 3898 943 tempo-

550 964 913 1020 Benedictio.
946 964 1235 1019 Dominus
1262 968 1464 1019 noster
1491 935 1660 1018 Je'sus
1705 960 1989 1024 Christus,
2024 956 2131 1029 qui
2236 945 2317 1001 1‘13
2345 948 2523 1001 natus
2543 943 2618 999 de
2650 946 2818 999 ΠίθΓο
2840 940 3115 1012 Virginis»
3150 938 3235 1029 ξίο
3264 938 3325 995 in
3354 940 3409 993 ἰθ
3437 935 3746 1029 Vadam“
3762 951 3900 993 san'

480 1057 570 1110 est
599 1067 821 1109 corona
846 1052 1024 1108 totius
1050 1068 1087 1107 ἃ
1108 1067 1172 1106 se
1193 1051 1461 1107 formata,
1501 1050 1796 1115 Ecclesiae,
1828 1049 1929 1104 det
1956 1026 2130 1101 nobis
2239 1033 2478 1095 ctiﬁces,
2510 1035 2575 1087 ut
2607 1030 3008 1087 sanctiﬁcatos
3034 1028 3222 1099 gloria
3250 1026 3593 1084 mternitatis
3621 1040 3902 1083 remune-

478 1143 641 1197 hunc
666 1156 892 1195 annum
933 1139 1283 1211 placabilem
1304 1140 1543 1196 ducere.
1577 1150 1640 1211 It.
1664 1141 1873 1194 Amen.
1902 1138 2131 1193 Conso»
2239 1136 2354 1178 1‘93-
2387 1131 2451 1211 Bt-
2484 1119 2779 1211 ᾼωθῐιο-Ῐ)
2784 1135 2847 1176 31‘
2868 1116 3351 1211 ξιιὶεθνίςονίξὶεξω

478 1233 634 1286 tetur
648 1243 759 1285 nos
778 1228 1071 1301 frugibus,
1094 1233 1151 1286 et
1167 1228 1445 1300 dignetur
1462 1242 1778 1285 munerare
1796 1225 2130 1283 virtutibus.

482 1329 549 1389 BI.
590 1321 796 1374 Amen.
838 1320 908 1374 Ut
962 1319 1353 1391 prosperitate
1384 1317 1500 1373 sibi
1538 1317 1755 1391 placita
1783 1313 2133 1381 lastabundi,

483 1406 666 1463 totius
727 1407 870 1463 anni
924 1407 1116 1478 spatia
1166 1422 1508 1464 mereamur
1560 1405 1917 1479 pertransire
1950 1401 2133 1469 illaesi,

482 1506 546 1567 1}.
575 1497 782 1551 Amen.
816 1497 921 1551 Per
942 1495 1414 1552 misericordiam
1448 1495 1660 1567 ipsius.

556 1584 783 1641 Lauda.
810 1584 1074 1642 Alleluia.
1100 1586 1419 1643 Laetabitur
1438 1584 1754 1651 deserta,et
1770 1582 1953 1639 invia.
1982 1581 2049 1637 P.
2072 1580 2142 1636 Et

2312 1209 2667 1280 Antiphona.
2696 1207 2983 1280 Populus,
3006 1207 3110 1281 qui
3134 1205 3383 1262 sedebat
3408 1204 3472 1261 in
3498 1202 3780 1263 tenebris.
3813 1204 3896 1260 P.

2243 1298 2395 1355 Vidit
2418 1298 2613 1355 lucem
2643 1312 2932 1368 magnam
2964 1316 2978 1355 :
3010 1294 3418 1353 habitantibus
3433 1293 3495 1349 in
3510 1291 3751 1363 regione
3768 1306 3891 1349 um-

2242 1388 2371 1445 bras
2398 1388 2624 1458 mortis,
2654 1387 2758 1444 lux
2776 1385 2937 1444 clara
2960 1389 3091 1442 orta
3114 1388 3201 1441 est
3228 1381 3428 1453 ciant.
3453 1382 3673 1439 Omnes
3696 1383 3906 1451 gentes

2247 1476 2514 1549 plaudite
2543 1475 2824 1533 manibus
2857 1490 2871 1532 :
2898 1473 3148 1546 jubilate
3176 1473 3297 1529 Deo
3328 1471 3388 1527 in
3412 1485 3560 1527 voce
3582 1469 3905 1529 exultatio-

2250 1566 2363 1623 nis.
2393 1566 2456 1621 P.
2492 1565 2646 1621 Vidit
2669 1565 2864 1621 lucem
2902 1577 3208 1635 magnam.
3242 1561 3304 1623 ἡ.
3339 1558 3555 1624 Gloria,
3588 1562 3646 1616 et
3683 1558 3905 1623 honor,

493 1673 783 1730 exultabit
813 1673 1157 1741 solitudo,et
1174 1673 1407 1731 ﬂorebit
1426 1673 1603 1745 quasi
1630 1672 1843 1728 lilium.
1875 1669 2141 1737 Alleluia,
2176 1677 2221 1733 Β
2251 1658 2361 1745 etc;
2395 1654 2457 1710 Ρ·
2690 1653 2907 1745 luce?“-

482 1761 737 1818 alleluia.
773 1773 838 1832 Β).
867 1762 1165 1818 Jubilitate
1191 1764 1311 1818 Deo
1340 1762 1538 1818 omnis
1563 1766 1719 1817 terra
1750 1775 1763 1815 :
1797 1760 2008 1816 servile
2034 1761 2144 1817 Do-

481 1851 647 1907 mino
676 1851 737 1906 in
772 1850 992 1909 laetitia.
1026 1850 1089 1905 P.
1118 1853 1184 1906 Et
1211 1850 1521 1908 exultabit.
1575 1849 1638 1911 γ.
1675 1848 1890 1918 Gloria,
1940 1853 1997 1905 et
2035 1848 2143 1905 ho-

482 1956 615 2011 nor,
642 1946 756 1997 etc.
798 1941 861 1997 P.
891 1941 957 1998 Et
986 1940 1293 1997 exultabit.

558 2029 783 2086 Oratio.
816 2030 1049 2085 Discute
1075 2045 1112 2086 a
1135 2028 1309 2085 nobis
1337 2028 1666 2100 Unigenite.
1698 2028 1948 2100 Require
1970 2026 2143 2096 infra

486 2119 549 2174 in
579 2118 916 2175 Matutinis.

556 2209 839 2277 Hymnus.
860 2210 1088 2264 Eterne
1112 2222 1312 2263 rerum
1338 2206 1639 2264 Conditor.
1668 2206 1920 2278 Require
1941 2206 2055 2274 fol.
2091 2209 2146 2260 3.

565 2296 799 2353 Oratio.
841 2297 1229 2369 Omnipotens
1260 2298 1473 2352 aeterne
1502 2297 1677 2363 Deus,
1705 2299 1761 2350 et
1781 2294 2141 2351 misericors.

486 2386 590 2457 qui
620 2390 958 2458 temporum
984 2385 1096 2442 das
1121 2388 1413 2458 tempora,
1446 2389 1503 2441 et
1522 2387 1627 2457 qui
1649 2384 1895 2455 singulis
1916 2388 2147 2456 tempo-

484 2474 652 2530 ribus
709 2475 819 2531 das
858 2475 1133 2546 gratiam,
1197 2490 1383 2547 quam
1429 2473 1894 2530 administrent:
1945 2477 2029 2539 tu,
2070 2488 2146 2529 ne

488 2578 659 2620 mens
687 2563 1019 2636 prolixitate
1074 2562 1457 2619 tenebrarum
1492 2565 1786 2629 exaestuet,
1831 2562 1987 2633 gallo
2032 2577 2144 2617 nos

489 2652 817 2709 consolaris
840 2655 1090 2709 canente
1113 2672 1126 2719 ;
1149 2654 1215 2708 ut
1234 2651 1382 2706 dum
1402 2666 1601 2723 praeco
1615 2650 1730 2707 diei
1750 2651 2147 2717 sonat,diurni

487 2741 684 2813 operis
701 2740 1335 2797 meditatioreviviscat
1352 2757 1362 2793 :
1388 2738 1610 2811 respice
1623 2754 1765 2809 ergo
1787 2755 1896 2795 nos
1904 2739 2144 2810 jugiter,

487 2833 545 2886 et
572 2828 812 2900 instiga,
835 2844 911 2885 ne
931 2828 1244 2902 profundae
1274 2827 1467 2884 noctis
1498 2842 1695 2884 errore
1724 2828 2001 2899 persuasi
2032 2828 2149 2885 diei

490 2917 919 2975 obliviscamur
973 2918 1288 2990 perennis;
1342 2915 1447 2972 sed
1472 2915 1742 2973 labentes
1778 2917 1840 2972 in
1887 2916 2149 2973 tenebris

2325 1743 2556 1799 Oratio.
2598 1741 2905 1813 Unigenite
2922 1740 3034 1799 Dei
3064 1738 3259 1805 Filius,
3282 1734 3827 1811 qui,habitantibus
3848 1734 3915 1791 in

2252 1832 2493 1905 regione
2508 1829 2741 1889 umbras
2761 1829 2970 1886 mortis
2998 1827 3205 1885 lumen
3225 1826 3426 1885 videre
3452 1825 3645 1883 fecisti
3654 1845 3671 1897 ;
3700 1824 3809 1899 qui
3828 1824 3917 1880 lu-

2253 1936 2393 1977 men
2418 1934 2525 1993 per
2547 1922 2837 1991 susceptae
2852 1916 3282 1975 Incarnationis
3304 1914 3647 1989 Mysterium
3670 1912 3918 1971 claruis-

2255 2010 2296 2067 ti
2324 2026 2337 2066 :
2353 2009 2432 2066 da
2443 2008 2618 2065 nobis
2631 2012 2685 2065 te
2698 2007 3031 2064 illustrante
3056 2005 3325 2076 defigi,ut
3340 2004 3447 2077 qui
3460 2002 3782 2061 nativitatis
3795 2006 3917 2061 tuae

2254 2098 2416 2156 diem
2428 2096 2669 2155 ovando
2684 2094 3409 2168 suscepimus,divinitatis
3428 2098 3540 2150 tua;
3557 2090 3917 2149 muneribus

2228 2187 2656 2245 iconsolemur.
2681 2196 2745 2257 ἢ.
2773 2189 2981 2242 Amen.
3006 2183 3117 2241 Per
3148 2182 3623 2241 misericordiam
3649 2185 3842 2239 tuam.

2327 2294 2440 2366 37
2461 2290 3093 2362 Antaphonaﬂisitavit
3108 2290 3396 2347 Dominus
3413 2288 3794 2361 omnipotens
3810 2300 3917 2358 po-

2254 2383 2467 2458 pulum
2494 2398 2672 2438 suum
2701 2381 2951 2438 domum
2964 2379 3606 2437 Juda.P.Etconstituet
3630 2376 3799 2433 illum
3833 2375 3917 2431 si-

2257 2475 2356 2528 cut
2384 2486 2609 2544 equum
2637 2471 2983 2543 speciosum
3000 2469 3062 2526 in
3079 2471 3417 2525 certamine.
3449 2468 3512 2529 ὴ.
3548 2466 3709 2524 Sicut
3732 2464 3914 2521 audi-

2255 2560 2479 2626 vimus,
2513 2560 2595 2616 ita
2623 2563 2682 2615 et
2709 2558 2970 2615 vidimus
3001 2559 3061 2615 in
3084 2558 3319 2615 civitate
3338 2557 3572 2613 Domini
3599 2554 3915 2618 virtutum,

2255 2649 2318 2706 in
2356 2649 2590 2706 civitate
2612 2647 2713 2705 Dei
2742 2648 2930 2705 nostri
2968 2666 2981 2705 :
3025 2650 3180 2704 Deus
3200 2647 3470 2704 fundavit
3497 2661 3631 2703 eam
3658 2644 3720 2700 in
3751 2647 3918 2699 aeter-

2256 2754 2424 2795 num.
2456 2738 2522 2794 P.
2559 2740 2626 2794 Et
2661 2738 2981 2794 constituet
3023 2736 3210 2794 illum.
3256 2737 3319 2797 it.
3351 2736 3563 2803 Gloria,
3598 2738 3655 2792 et
3694 2733 3912 2797 honor,

2260 2831 2368 2884 etc.
2395 2827 2461 2883 P.
2492 2829 2557 2883 Et
2586 2826 2928 2884 constituet.

2334 2916 2559 2974 Oratio.
2601 2916 2849 2973 Domine
2876 2916 3277 2989 omnipotens,
3308 2914 3415 2988 qui
3438 2912 3687 2970 visitasti
3718 2926 3919 2986 popu-

496 3006 681 3076 erige,
715 3010 772 3062 et
792 3006 1053 3062 videndo
1082 3020 1193 3062 nos
1224 3004 1475 3075 corrige,
1505 3007 1571 3061 ut
1618 3020 1755 3060 cum
1802 3004 1975 3062 Petro
2014 3005 2154 3062 resi-
2190 3030 2232 3089 ρ
2261 3005 2388 3062 lum
2418 3009 2589 3061 tuum
2619 3005 2871 3061 domum
2899 3004 3083 3075 Juda;
3112 3004 3284 3061 visita
3308 3018 3419 3060 nos
3450 3020 3486 3060 a
3526 3016 3740 3059 somno
3770 3000 3923 3056 faci-

490 3093 797 3164 piscamur
825 3097 1038 3160 errata,
1070 3095 1128 3148 et
1151 3092 1394 3164 paribus
1419 3091 1745 3163 lachrymis
1778 3092 2031 3150 crimina
2051 3094 2152 3150 de-

490 3180 746 3237 ﬂeamus
771 3180 1114 3239 commissa.
1145 3191 1210 3250 Bg.
1242 3183 1448 3237 Amen.
1491 3179 1600 3236 Per
1642 3180 2145 3241 misericordiam.

522 3286 665 3327 nam
673 3312 688 3327 .

568 3359 943 3430 Antiphona.
967 3359 1016 3413 1.
1046 3357 1216 3415 Salus
1235 3358 1628 3428 tua,Domine,
1659 3373 1840 3432 super
1857 3361 2154 3434 populum

498 3451 687 3515 tuum,
722 3451 780 3505 et
804 3445 1164 3505 benedictio.
1192 3448 1497 3504 Psalmus.
1540 3463 1621 3503 ιιι.

565 3536 935 3606 Antiphona.
976 3540 1029 3593 2.
1063 3536 1220 3603 Dele,
1240 3535 1511 3603 Domine,
1529 3536 1871 3609 iniquitates
1884 3542 2121 3596 nostras
2142 3539 2156 3579 ε

497 3628 554 3681 et
601 3640 638 3680 a
671 3625 925 3696 peccatis
979 3626 1195 3683 nostris
1224 3625 1457 3682 munda
1516 3640 1619 3682 cor
1654 3628 1947 3684 nostrum.
1998 3628 2164 3685 Psal-

496 3728 628 3769 mus
657 3731 710 3768 L.

564 3802 921 3872 Antiphona
952 3806 1002 3858 3.
1051 3802 1336 3861 Clamabo
1376 3803 1455 3861 ad
1505 3804 1695 3860 Deum
1744 3803 2107 3863 altissimum
2145 3824 2160 3867 :

497 3892 687 3947 Deum
734 3890 1106 3948 conditorem
1148 3893 1443 3961 omnium,
1501 3892 1609 3966 qui
1646 3892 1939 3951 benel'ecit
1989 3894 2157 3951 mihi.

494 3980 775 4035 Psalmus
803 3995 919 4036 va.

572 4067 796 4126 Oratio.
828 4068 1062 4124 Discute
1093 4082 1129 4124 a
1152 4068 1327 4124 nobis
1357 4068 1666 4139 Unigenite
1692 4068 1939 4141 ingeniti
1966 4072 2157 4130 Patris

501 4171 788 4214 somnum
809 4157 1108 4230 corporis;
1127 4159 1182 4213 et
1197 4156 1457 4213 clemens
1467 4155 1737 4229 placatus
1756 4161 1973 4217 nostris
1984 4178 2158 4234 parce

500 4246 748 4317 piaculis
780 4263 792 4301 :
831 4250 895 4303 ut
916 4247 1046 4303 inte
1076 4246 1524 4319 redemptorum
1543 4248 1715 4321 copia
1736 4250 1850 4322 piis
1874 4249 2156 4324 frequen-

2262 3110 2479 3151 norum
2510 3110 2523 3149 :
2554 3097 2637 3160 ut,
2670 3093 2819 3151 dum
2848 3094 3076 3164 fulgore
3097 3098 3198 3151 tuo
3226 3096 3609 3166 peccatorum
3634 3089 3919 3147 tenebras

2264 3182 2620 3253 eﬁ‘ugamus,
2640 3182 2857 3239 virtute
2887 3186 2987 3239 tua
3012 3183 3216 3240 mortis
3237 3184 3595 3255 potestatem
3624 3192 3917 3236 evacues:

2265 3287 2387 3344 quo
2419 3270 2504 3327 sic
2518 3276 2574 3329 te
2597 3286 2759 3328 nunc
2777 3274 3103 3344 apparente
3123 3271 3507 3336 illustremur,
3526 3272 3612 3339 ut,
3635 3271 3688 3325 te
3704 3280 3926 3339 repug—

2265 3363 2469 3428 nante,
2502 3377 2538 3418 a
2564 3363 2770 3418 mortis
2798 3362 3053 3434 imperio
3081 3360 3425 3418 liberemur.
3465 3371 3532 3431 Bg.
3564 3359 3775 3415 Amen.
3809 3358 3926 3413 Per

2268 3449 2742 3507 misericordiam
2780 3454 2970 3507 tuam.

2340 3551 2405 3611 3;.
2446 3541 2644 3595 Justus
2669 3554 2842 3596 meus
2866 3539 2963 3595 hic
3005 3542 3095 3596 est
3137 3538 3401 3596 Salvator
3428 3552 3624 3594 meus.
3676 3534 3741 3590 P.
3789 3536 3930 3605 Ipse

2271 3626 2543 3685 liberavit
2570 3627 2867 3685 civitatem
2891 3644 3063 3684 suam
3087 3646 3098 3684 :
3128 3631 3183 3686 et
3203 3630 3449 3701 peccata
3464 3625 3684 3699 pOpulo
3706 3637 3818 3680 suo
3840 3620 3929 3677 di-

2244 3718 2477 3790 'mittet,
2510 3732 2630 3774 non
2670 3717 2729 3774 in
2760 3718 2962 3790 pretio,
2994 3733 3103 3774 nec
3141 3719 3201 3775 in
3229 3720 3469 3791 quaestu
3524 3713 3813 3789 pecuniae.
3852 3741 3929 3754 —

2272 3807 2484 3864 Levate
2509 3806 2571 3862 in
2583 3805 2801 3862 coelum
2823 3807 3029 3864 oculos
3048 3810 3293 3878 vestros,
3315 3809 3371 3862 et
3389 3797 3585 3862 videte
3606 3802 3739 3877 quis
3762 3815 3932 3858 crea—

2269 3896 2354 3953 vit
2382 3896 2531 3952 heec.
2561 3896 2849 3952 Dominus
2866 3899 3041 3963 Deus,
3068 3896 3172 3970 qui
3185 3895 3402 3952 creavit
3420 3892 3707 3951 terminos
3726 3894 3923 3948 terra.

2268 3987 2332 4041 P.
2367 3986 2493 4057 Ipse
2521 3983 2817 4041 liberavit.
2863 3985 2924 4046 V.
2962 3984 3175 4052 Gloria,
3204 3988 3259 4042 et
3282 3985 3495 4049 honor,
3524 3986 3631 4040 etc.
3685 3982 3753 4036 P.
3791 3980 3929 4052 Ipse

2267 4074 2565 4132 liberavit.

2341 4182 2570 4238 Oratio.
2598 4182 2697 4238 Hic
2721 4185 2809 4239 est
2829 4183 3025 4254 justus
3054 4182 3267 4250 honor,
3290 4180 3351 4237 in
3379 4196 3501 4254 quo
3525 4177 3930 4253 sperabamus

2266 4270 2405 4341 ﬁde,
2434 4271 2794 4343 praecinente
2826 4270 3140 4343 Propheta,
3156 4274 3211 4327 et
3233 4269 3310 4328 ad
3331 4285 3514 4344 quem
3535 4266 3930 4341 pervenimus

497 4339 651 4433 ίθξυΐ
696 4334 929 4440 vigiliis:
958 4335 1193 4409 t“isque
1225 4334 1723 4440 ᾎέξθδῖξιξξίίὲηᾶ
1739 4338 2047 4440 (minuti?
2061 4358 2156 4398 εθι-
2186 4384 2232 4440 D
2267 4334 2657 4434 apparentem
2688 4376 2793 4433 per
2820 4334 3073 4430 gratiam
3107 4334 3402 4434 {proinde
3444 4334 3770 4431 poscamus
3810 4353 3933 4412 cle-

499 4424 613 4479 cris
647 4439 660 4479 :
694 4428 751 4481 et
773 4425 933 4497 quod
954 4440 1113 4481 nunc
1146 4425 1284 4480 serit
1307 4425 1586 4494 ignobilis
1604 4428 1799 4483 carnis
1825 4428 2115 4500 fragilitas
2139 4463 2153 4512 ;

497 4513 819 4571 divinitatis
872 4519 986 4570 tuae
1016 4513 1177 4571 dono
1232 4518 1436 4584 surgat
1482 4514 1543 4570 in
1587 4515 1815 4586 gloria:
1869 4522 1931 4572 tu
1958 4518 2152 4588 igitur,

496 4602 764 4669 Domine,
796 4603 1026 4659 cunctis
1054 4604 1116 4658 in
1155 4606 1208 4659 te
1248 4602 1682 4661 conﬁdentibus
1723 4607 2017 4676 juvamen
2042 4607 2155 4664 lar-

498 4707 643 4763 gum
658 4692 939 4765 impende
958 4711 971 4761 ;
987 4696 1043 4749 et
1062 4692 1139 4748 ad
1161 4708 1485 4767 supernam
1505 4694 1762 4768 patriam
1783 4695 2014 4753 alarum
2031 4700 2157 4754 tua-

494 4794 629 4836 rum
660 4780 1121 4837 obumbratione
1164 4796 1275 4838 nos
1305 4782 1529 4838 atrahe.
1570 4794 1636 4853 Βι.
1666 4785 1873 4839 Amen.
1913 4783 2023 4841 Per
2051 4786 2156 4841 mi-

505 4868 891 4926 sericordiam
921 4873 1105 4926 tuam.

568 4958 925 5028 Antiphona.
982 4958 1270 5016 Dominus
1318 4961 1585 5034 possedit
1636 4976 1754 5031 me,
1805 4962 2158 5035 priusquam

500 5051 721 5104 terram
744 5046 979 5104 faceret.
1002 5048 1067 5105 P.
1088 5051 1425 5123 Antequam
1446 5053 1681 5107 montes
1704 5050 2109 5108 stabilirentur
2139 5066 2154 5109 :

495 5138 632 5192 ante
662 5139 865 5192 autem
894 5151 1105 5193 omnes
1142 5137 1321 5195 colles
1363 5138 1569 5209 genuit
1599 5155 1715 5196 me.
1768 5138 1831 5201 if.
1860 5140 2158 5197 Eructavit

496 5240 598 5283 cor
627 5240 833 5283 meum
876 5228 1129 5283 verbum
1170 5227 1403 5283 bonum
1432 5244 1446 5283 :
1480 5228 1613 5286 dico
1661 5245 1772 5301 ego
1807 5245 1993 5303 opera
2019 5246 2156 5287 mea

493 5315 639 5386 regi.
668 5315 730 5370 Ρ.
759 5316 1109 5387 Antequam.
1137 5315 1200 5374 ν.
1251 5315 1465 5386 Gloria,
1492 5322 1548 5374 et
1573 5333 1764 5389 gonor
1792 5322 1902 5377 etc.
1944 5320 2007 5374 P.
2041 5322 2154 5375 An-

496 5407 753 5474 tequarn.

568 5490 790 5548 Oratio.
816 5493 1117 5550 Coaeterna
1142 5492 1243 5549 Dei
1272 5494 1562 5565 sapientia
1585 5495 1789 5567 Patrsi,
1811 5497 1913 5569 qui
1934 5501 1988 5554 te
2014 5512 2153 5553 cum

2267 4448 2552 4505 mentiam
2582 4449 2732 4521 ejus,
2780 4453 2844 4505 ut
2871 4448 3078 4505 liberet
3132 4464 3262 4515 nos,
3298 4452 3355 4505 et
3395 4450 3644 4521 peccata
3690 4443 3927 4519 populo

2268 4551 2377 4591 suo
2408 4534 2683 4603 dimittat,
2716 4536 3013 4608 quinobis
3043 4535 3303 4607 impendi
3326 4535 3608 4605 dignatus
3630 4535 3717 4589 est
3737 4534 3928 4587 totus.

2268 4635 2329 4697 ηε.
2362 4628 2567 4681 Amen.
2599 4628 2705 4681 Per
2733 4624 3205 4681 misericordiam
3234 4629 3421 4680 tuam.

2870 4734 2943 4801 In
2984 4731 3311 4789 Laudibus.

2338 4839 2435 4895 Ad
2473 4839 2804 4897 Canticum.
2836 4839 3207 4910 Antiphone.
3247 4838 3423 4903 Filius
3448 4851 3823 4902 accrescens,
3866 4841 3934 4903 et

2268 4930 2517 4995 decorus
2548 4933 2792 5000 aspectu
2820 4946 2832 4985 :
2864 4929 2990 5002 ipse
3015 4934 3125 4996 est,
3157 4933 3214 4987 et
3233 4930 3387 4989 dans
3408 4925 3935 5009 eloquiapulchl‘i-

2266 5016 2509 5085 tudinis.

2338 5125 2675 5182 Canticum.
2712 5125 2953 5182 Vocavit
2974 5125 3158 5182 Jacob
3184 5124 3339 5181 ﬁlios
3379 5123 3679 5192 suos.fol.
3722 5126 3816 5178 50.

2335 5234 2433 5288 Ad
2461 5234 2836 5290 Benedictus.
2883 5233 3255 5304 Antiphone.
3292 5232 3640 5289 Benedictus
3691 5246 3777 5297 es,
3816 5230 3938 5289 Do-

2265 5320 2450 5391 mine,
2476 5327 2530 5378 et
2554 5322 2938 5379 benedictum
2962 5338 3185 5380 nomen
3204 5322 3406 5392 gloriae
3434 5325 3566 5378 tute.
3592 5320 3658 5375 P.
3677 5319 3939 5375 Benedi-

2264 5409 2373 5465 cite
2387 5410 2707 5467 Dominum
2720 5428 2930 5468 omnes
2948 5412 3113 5469 electi
3128 5413 3177 5483 ej
3191 5428 3255 5467 us
3277 5429 3289 5465 :
3306 5412 3377 5465 sit
3398 5425 3621 5467 nomen
3643 5415 3937 5466 sanctum

2262 5497 2451 5571 ipsius
2482 5498 2863 5565 benedictum
2887 5503 2949 5558 in
2979 5501 3186 5559 omnia
3216 5499 3433 5557 saecula
3462 5498 3851 5555 saeculorum.
