4118 6184
203 229 311 304 149

270 345 977 412 ϐαηιὼωηῶθηθάίοιηε
1004 360 1086 418 es,
1113 348 1382 406 Domine.
1412 350 1522 420 fol.
1539 354 1594 408 6.

265 444 442 496 Sono.
477 435 724 494 Intende
761 435 1035 507 Domine,
1064 438 1333 508 procede.
1360 439 1472 508 fol.
1492 439 1575 494 65.

271 526 785 587 Lauda.l.audate
819 526 1141 584 Dominum
1153 527 1226 584 de
1241 528 1401 584 ccelis
1434 526 1700 586 :laudate
1725 542 1864 586 eum

199 620 263 678 in
287 617 558 677 excelsis.
591 615 870 671 Psalmus
894 630 1080 673 CXLIII.

271 708 478 766 Lectio
509 704 650 763 libri
678 703 1134 762 Proverbiorum
1163 705 1497 766 Salomonis
1527 707 1695 779 (Cap.
1745 706 1858 778 vin)

274 800 341 854 Β.
373 798 494 853 Deo
543 794 786 867 gratias.

275 885 562 942 Dominus
582 881 857 956 possedit
884 881 947 939 in
985 881 1154 940 initio
1182 884 1417 943 viarum
1449 901 1718 956 suarum,
1753 901 1858 944 an-

198 978 443 1048 tequam
466 972 798 1048 quicquam
810 970 1032 1030 faceret
1047 973 1408 1047 aprincipio.
1425 976 1642 1032 Unctus
1668 991 1804 1032 sum
1819 992 1858 1036 δ.

198 1062 446 1136 saeculo,
480 1065 813 1136 antequam
835 1064 1044 1118 terram
1086 1062 1326 1120 faceret.
1380 1067 1496 1120 Nec
1515 1063 1662 1120 dum
1689 1068 1857 1122 erant

197 1155 429 1227 abyssi,
445 1159 655 1224 etergo
669 1152 795 1223 jam
819 1157 1142 1224 conceptus
1173 1169 1368 1211 eram:
1393 1155 1653 1211 necdum
1667 1155 1855 1212 fontes

201 1258 517 1316 aquarum
548 1244 863 1313 eruperant
892 1258 903 1295 :
935 1241 1195 1297 necdum
1238 1247 1475 1299 montes
1503 1244 1669 1313 gravi
1697 1244 1854 1300 mole

195 1333 610 1389 constiterant:
632 1335 952 1402 antequam
976 1329 1155 1385 colles
1187 1345 1299 1400 ego
1323 1332 1724 1404 partuirebar:
1751 1333 1849 1391 ad-

189 1420 319 1478 huc
344 1424 561 1476 terram
585 1433 705 1473 non
727 1416 965 1487 fecerat,
1006 1424 1061 1474 et
1088 1419 1356 1487 ﬂumina,
1385 1424 1442 1477 et
1467 1422 1734 1478 cardines
1753 1438 1848 1479 or-

190 1509 285 1566 bis
357 1513 549 1565 terrae.
601 1507 855 1575 Quando
904 1508 1288 1580 praeparabat
1329 1509 1534 1580 caalos,
1579 1510 1846 1568 aderam.

193 1596 431 1670 quando
445 1595 773 1665 certalege,
809 1600 864 1652 et
884 1612 1032 1666 gyro
1053 1596 1580 1670 vallabatabyssos
1598 1600 1849 1670 :quando

1176 222 1247 280 IN
1287 222 1517 279 PRIMO
1558 220 1678 282 DIE
1715 217 2162 292 JEJUNIOBUM
2203 223 2366 285 KAL.
2405 223 2702 279 JANUAR.

1895 346 1942 414 Α

3526 233 3628 298 1ἧο

2118 353 2244 409 Una
2264 367 2403 408 cum
2433 353 2639 410 sancto
2671 350 2888 426 Spiritu

2115 439 2176 494 In
2210 440 2574 512 sempiterna
2632 438 2873 497 srecula.

2115 531 2323 585 Amen.

2040 617 2161 688 68
2188 619 2488 689 Capitula.
2504 619 2657 674 Deus
2671 618 2797 674 sine
2813 617 2997 676 initio.
3018 619 3328 680 EtLauda.
3349 624 3618 685 Alleluia.

1968 704 2551 766 Leetabiturdeserta.
2580 708 2658 764 Et
2696 708 3043 766 Benedictio.
3076 709 3388 769 Dominus.
3423 721 3620 774 noster

1965 793 2132 849 Jesus
2164 795 2444 853 Christus.
2495 797 2608 867 fol.
2646 800 2730 853 66.
2785 799 2850 853 In
2873 797 3122 855 nomine
3173 800 3407 858 Domini
3433 804 3619 862 nostri

1964 883 2102 938 Jesu
2126 885 2356 941 Christi.

1964 969 2208 1030 INCIPIT
2269 975 2593 1033 OF'FICIUM
2676 976 3101 1035 JEJUNIOBUM
3151 981 3220 1036 IN
3273 980 3616 1038 KALENDIS

2622 1065 2742 1119 JAN
2753 1065 2942 1119 UARII

2037 1150 2612 1208 Observaturtribus
2665 1152 2870 1209 diebus
2895 1159 3036 1210 ante
3092 1153 3315 1224 festum
3359 1157 3614 1230 Epipha-

1963 1241 2096 1308 niae,
2125 1248 2304 1313 prout
2360 1243 2653 1313 sequitur.

2585 1345 2755 1386 PRIMO
2786 1347 2894 1386 DIE.

2029 1419 2126 1474 Ad
2154 1419 2544 1476 Matutinum.
2576 1420 2943 1491 Antipho-na.
2974 1423 3058 1478 Tu
3086 1425 3306 1490 autem,
3348 1424 3607 1492 Domine,

1959 1511 2269 1580 susceptor
2289 1523 2480 1576 meus,
2521 1511 2576 1564 et
2633 1507 2822 1577 gloria
2842 1524 2995 1576 mea,
3047 1513 3105 1567 et
3132 1510 3400 1570 exaltans
3432 1514 3613 1585 caput

1956 1612 2181 1652 meum.
2212 1596 2488 1654 Psalmus
2530 1612 2609 1653 nl.

190 1684 982 1752 etheraﬁrmabatsursum,
999 1685 1523 1744 etlibrabatfontes
1537 1704 1845 1760 aquarum:
1880 1699 1924 1756 Β
2031 1685 2255 1742 Oratio.
2273 1687 2573 1756 Quamvis,
2595 1685 3131 1758 Domine,plurima
3144 1687 3610 1758 malignantium

188 1773 440 1846 quando
456 1772 876 1829 circumdabat
888 1775 1041 1829 mari
1069 1775 1373 1847 terminos,
1388 1780 1445 1834 et
1460 1776 1655 1850 legem
1668 1793 1849 1850 pone-

189 1863 294 1920 bat
310 1861 508 1937 aquis,
521 1877 597 1917 ne
613 1861 1094 1918 transirentﬁnes
1142 1879 1314 1921 suos:
1340 1866 1589 1936 quando
1620 1881 1846 1940 appen-

189 1952 375 2010 debat
391 1951 794 2008 fundamenta
809 1955 993 2007 terrae.
1012 1954 1158 2008 Cum
1188 1967 1258 2009 eo
1270 1969 1434 2011 eram
1458 1959 1673 2012 cuncta
1687 1971 1848 2014 com-

189 2056 424 2114 ponens
458 2039 902 2096 :etdelectabar
931 2056 1038 2111 per
1059 2042 1326 2112 singulos
1353 2043 1495 2113 dies,
1520 2044 1846 2105 ludensco-

188 2146 317 2187 ram
345 2145 418 2186 eo
443 2129 502 2184 in
537 2130 746 2184 orbem
780 2132 1068 2186 terrarum
1101 2144 1112 2185 :
1144 2135 1199 2186 et
1224 2130 1440 2187 delitias
1497 2149 1645 2189 mete
1677 2138 1846 2191 erant

189 2237 323 2275 cum
337 2219 478 2274 ﬁliis
495 2219 836 2274 hominum.
856 2223 1019 2275 Nunc
1034 2235 1174 2290 ergo
1186 2220 1290 2278 ﬁlii
1312 2221 1511 2279 audite
1528 2239 1624 2280 me
1639 2222 1841 2291 :Beati,

187 2309 286 2380 qui
340 2308 694 2363 custodiunt
735 2308 864 2364 vias
899 2325 1099 2365 meas.
1127 2311 1337 2369 Audite
1375 2312 1843 2385 disciplinam,et

189 2401 374 2455 estote
408 2397 733 2468 sapientes,
767 2401 824 2452 et
848 2397 1027 2453 nolite
1064 2399 1324 2469 abjicere
1348 2415 1505 2460 eam.
1536 2405 1600 2458 Β.
1632 2404 1841 2461 Amen.

868 2487 1156 2557 Hymnus.

409 2573 706 2644 Splendor
732 2574 991 2630 Paternee
1039 2575 1240 2644 glorias

330 2663 418 2718 De
443 2661 597 2728 luce,
630 2663 837 2719 lumen
877 2664 1202 2734 proferens,

328 2751 457 2805 Lux
475 2749 652 2816 lucis,
685 2754 741 2806 et
777 2751 912 2807 fons
956 2751 1200 2810 luminis

329 2837 467 2893 Dies
488 2836 652 2894 diem
679 2836 1046 2896 illuminans.

405 2928 712 3000 Verusque
757 2927 847 2983 sol
885 2927 1172 2998 inlabere,

338 3015 560 3072 Micans
590 3016 782 3076 nitore
820 3019 1044 3089 perpeti
1079 3038 1092 3077 :

325 3104 636 3176 Jubarque
658 3106 857 3163 Sancti
903 3107 1154 3179 Spiritus

333 3192 586 3250 lnfunde
619 3195 836 3250 nostris
869 3197 1163 3254 sensibus.

407 3284 564 3339 Votis
592 3299 876 3340 vocemus
901 3289 957 3341 et
997 3286 1248 3353 Patrem,

333 3373 574 3430 Patrem
594 3374 875 3446 perennis
923 3372 1126 3445 gloria;
1150 3392 1164 3431 :

335 3462 504 3519 Pater
537 3464 798 3535 potentis
839 3464 1042 3533 gratia:

336 3551 586 3624 Culpam
616 3555 838 3622 releget
883 3552 1199 3612 lubricam.

406 3640 692 3699 Informet
733 3645 901 3699 actus
939 3646 1234 3711 strenuos,

334 3731 578 3787 Dentem
620 3731 901 3788 retundat
930 3731 1136 3802 invidi,

337 3820 518 3875 Casus
551 3821 838 3876 secundet
862 3837 1126 3892 asperos,

335 3910 521 3965 Donet
569 3909 814 3980 gerendi
852 3911 1126 3980 gratiam.

404 4003 654 4055 Mentem
698 3999 990 4072 gubernet
1019 4006 1076 4060 et
1118 4006 1302 4074 regat,

340 4089 533 4156 Casto,
557 4088 717 4145 ﬁdeli
779 4105 1026 4161 corpore
1052 4106 1065 4146 :

342 4175 518 4230 Fides
569 4176 761 4232 calore
793 4177 1036 4248 ferveat,

343 4265 593 4320 Fraudis
617 4281 849 4324 venena
895 4269 1119 4325 nesciat
1149 4287 1163 4328 .

411 4353 790 4427 Christusque
812 4357 985 4412 nobis
1017 4357 1088 4413 sit
1117 4357 1305 4426 cibus,

331 4445 632 4516 Potusque
664 4448 866 4501 noster
914 4447 988 4502 sit
1006 4445 1197 4504 ﬁdes:

326 4533 470 4588 Laeti
489 4533 779 4590 bibamus
825 4533 1090 4590 sobriam

323 4623 688 4678 Ebrietatem
747 4623 1007 4693 spiritus.

392 4712 592 4766 Laetus
606 4710 735 4766 dies
756 4710 851 4767 hic
901 4716 1182 4768 transeat.

320 4795 526 4852 Pudor
554 4795 648 4859 sit,
680 4799 747 4850 ut
796 4794 1170 4865 diluculum;

323 4885 516 4949 Fines,
552 4884 716 4940 velut
761 4885 1040 4940 meridies
1073 4902 1087 4940 :

319 4973 756 5046 Crepusculum
803 4990 976 5030 mens
997 4975 1247 5034 nesciat.

392 5064 630 5118 Aurora
656 5078 869 5118 cursus
919 5063 1209 5135 provehit,

323 5153 555 5207 Aurora
581 5157 740 5208 totus
787 5151 1012 5221 fulgeat
1043 5170 1056 5207 :

323 5243 386 5296 in
420 5242 591 5297 Patre
622 5246 785 5297 totus
841 5241 1020 5308 ﬁlius,

322 5332 390 5386 Et
428 5335 586 5386 totus
614 5330 675 5385 in
703 5329 895 5386 Verbo
949 5332 1142 5388 Pater.

324 5417 525 5475 Gloria
553 5420 714 5476 Patri
765 5419 1032 5488 ingenito

323 5508 520 5570 Gloria
574 5507 906 5579 Unigenito,

1957 1773 2275 1830 multitudo
2293 1774 2549 1845 abneget
2565 1773 2820 1830 salutem
2872 1779 3140 1831 nostram
3162 1786 3293 1831 esse
3320 1776 3384 1832 in
3413 1780 3468 1834 te
3498 1778 3608 1836 Do-

1958 1863 2123 1919 mino
2145 1864 2264 1919 Deo
2286 1866 2491 1918 nostro
2516 1879 2529 1930 ;
2556 1861 2730 1918 nobis
2766 1866 2888 1919 tam
2900 1877 2975 1918 en
3010 1862 3089 1919 ob
3118 1863 3233 1919 hoc
3261 1864 3447 1921 robur
3477 1864 3607 1938 spei

1957 1952 2213 2008 multum
2241 1955 2512 2022 augetur,
2531 1952 2674 2023 quia
2704 1955 2766 2006 tu
2791 1957 3102 2024 susceptor
3129 1955 3330 2008 noster
3355 1968 3486 2009 esse
3521 1954 3605 2011 di-

1958 2045 2172 2114 gnatus
2184 2058 2275 2098 es:
2296 2040 2852 2113 obstruaturitaque
2878 2056 2947 2097 os
2968 2039 3338 2113 loquentium
3374 2042 3600 2116 iniqua,

1957 2147 2096 2188 cum
2125 2134 2427 2204 sperantes
2457 2130 2518 2188 in
2557 2133 2612 2186 te
2639 2129 3046 2187 misericordia
3092 2129 3426 2188 circumdat
3463 2131 3606 2191 assi-

1955 2221 2098 2278 dua.
2137 2225 2413 2292 13,.Amen.
2447 2219 3038 2276 Permisericordiam
3064 2222 3255 2276 tuam.

2025 2310 2381 2380 Antiphona
2416 2314 2464 2364 1.
2497 2309 2638 2375 Quis
2669 2311 2823 2365 Deus
2855 2313 3067 2380 praeter
3096 2308 3462 2366 Dominum?
3499 2311 3605 2368 aut

1955 2400 2091 2473 quis
2110 2405 2261 2456 Deus
2301 2403 2516 2472 praeter
2557 2399 2747 2454 Deum
2790 2398 3111 2456 nostrum?
3131 2399 3432 2457 Psalmus.
3461 2398 3600 2454 xwi.

2028 2493 2249 2550 Oratio.
2266 2487 2573 2543 Fortitudo
2589 2490 2814 2550 nostra,
2828 2487 2992 2544 dona
3011 2485 3189 2543 nobis
3220 2486 3602 2544 dilectionem

1954 2582 2039 2639 tui
2054 2577 2314 2638 nominis
2329 2575 2620 2648 perpetim
2634 2575 2935 2644 possidere
2958 2593 2970 2630 :
2990 2574 3240 2646 dignare
3251 2590 3381 2632 esse
3393 2579 3602 2632 nostra

1954 2672 2161 2727 contra
2191 2665 2577 2721 adversantes
2630 2663 2816 2717 virtus
2849 2678 2861 2716 :
2893 2661 3344 2718 ﬁrmamentum
3391 2665 3602 2719 contra

1952 2757 2376 2830 impugnantes
2402 2767 2413 2804 :
2438 2750 2719 2805 liberator
2739 2765 2777 2805 a
2806 2749 3258 2820 [captivantibus
3287 2766 3302 2816 ;
3348 2754 3434 2819 ut,
3481 2751 3598 2808 tuis

1952 2862 2027 2904 ex
2037 2847 2157 2902 toto
2169 2837 2567 2896 defensaculis
2581 2836 3006 2903 circumcincti,
3039 2837 3124 2892 sic
3141 2836 3401 2892 adversa
3423 2851 3600 2893 mun-

1951 2937 2009 2992 di
2038 2948 2206 2992 mens
2224 2932 2427 2986 nostra
2445 2942 2568 2982 non
2596 2929 2840 2994 metuat,
2874 2930 2937 2981 ut
2992 2925 3219 2982 blanda
3241 2939 3365 2982 non
3404 2926 3601 2998 requi-

1871 3050 1913 3108 ε
1949 3029 2069 3083 rat:
2086 3028 2188 3078 tua
2204 3033 2439 3090 semper
2451 3015 2642 3108 gratia
2658 3018 2936 3108 contenta
2946 3014 3293 3071 muneribus
3312 3014 3597 3086 gaudeat.

2021 3125 2087 3184 ﬁ.
2104 3113 2312 3166 Amen.
2333 3108 2442 3162 Per
2471 3103 2951 3160 misericordiam
2964 3108 3150 3159 tuam.

2018 3199 2382 3271 Antiphona.
2410 3201 2465 3254 2.
2499 3195 2737 3259 Delicta,
2770 3194 2872 3266 qui
2892 3193 3056 3249 solus
3074 3192 3351 3265 intelligis
3378 3207 3444 3250 :a
3465 3208 3599 3264 pec-

1951 3291 2094 3348 catis
2113 3287 2336 3344 nostris
2367 3284 2598 3342 munda
2626 3299 2757 3347 nos,
2816 3283 3083 3339 Domine.
3133 3283 3402 3336 Psatmus
3433 3284 3597 3338 xviii.

2021 3378 2245 3436 Oratio.
2278 3375 2366 3430 Ab
2405 3374 2616 3430 ocultis
2642 3370 2863 3427 nostris
2901 3370 3131 3425 munda
3151 3384 3283 3435 nos,
3326 3368 3597 3432 Domine,

1949 3465 2266 3542 purgando
2278 3461 2864 3532 conscientiam,quee
2885 3457 3127 3513 internis
3145 3471 3215 3510 ac
3230 3455 3487 3528 propriis
3513 3455 3602 3510 in-

1948 3550 2527 3614 ﬁciturmaculiszab
2540 3549 2743 3606 alienis
2757 3559 2997 3619 quoque
3031 3559 3211 3616 parce
3245 3543 3432 3600 servis
3462 3543 3596 3609 tuis,

1948 3651 2015 3702 ut
2041 3661 2113 3702 ea
2139 3641 2622 3710 indulgeas,quas
2636 3636 2730 3692 vel
2746 3635 3042 3690 malorum
3078 3632 3367 3705 exemplis
3400 3631 3600 3688 addis-

1948 3735 2160 3797 cimus,
2178 3730 2273 3788 vel
2294 3728 2510 3801 lpravis
2539 3725 2738 3782 inlecti
2782 3722 3271 3798 persuasionibus
3300 3728 3598 3796 perpetra-

1949 3839 2084 3879 mus
2109 3841 2121 3891 ;
2137 3819 2313 3892 utqui
2325 3823 2378 3875 te
2391 3815 2704 3889 proprium
2721 3815 3105 3885 agnoscimus
3119 3813 3598 3884 Dominum,pec-

1951 3915 2222 3969 catorum
2251 3920 2640 3978 nequaquam
2672 3902 2998 3960 sentiamus
3041 3900 3290 3957 ulterius
3321 3900 3591 3957 domina-

1951 4006 2099 4058 tum.
2122 4011 2184 4068 Βι.
2211 3999 2420 4052 Amen.
2453 3994 2561 4050 Per
2594 3992 3069 4050 misericordiam
3094 3994 3285 4048 tuam.
3312 3990 3600 4060 Antipho-

1949 4105 2030 4146 na
2050 4090 2104 4144 3.
2130 4085 2358 4143 Exaudi
2378 4099 2488 4140 nos
2518 4083 2578 4138 in
2592 4083 2846 4155 die,qua
2875 4079 3354 4138 invocaverimus
3383 4082 3454 4146 te,
3489 4079 3599 4132 Do-

1950 4178 2112 4234 mine
2142 4177 2297 4232 Deus
2332 4176 2550 4230 noster.
2608 4173 2885 4228 Psatmus
2911 4186 3026 4226 xxx.

2022 4267 2239 4324 Oratio.
2265 4263 2695 4320 Tribulationes
2750 4259 2949 4317 cordis
2991 4257 3202 4327 nostri,
3233 4256 3598 4330 quaspoeni-

1953 4354 2130 4410 tendo
2142 4352 2478 4409 facinorum
2490 4351 2568 4406 ob
2581 4355 2809 4406 metum
2821 4349 2840 4420 j
2853 4348 3116 4403 udicium
3131 4345 3480 4418 pandit,per
3493 4344 3601 4400 mi-

1955 4441 2340 4500 sericordiam
2353 4446 2540 4506 tuam,
2558 4435 3310 4507 Domine,adindulgentite
3329 4434 3598 4494 laetitiam

1953 4533 2199 4590 adtrahe
2234 4550 2247 4587 :
2304 4531 2464 4586 mitte
2502 4531 2700 4601 itaque
2747 4528 2918 4583 nobis
2947 4526 3234 4582 auxilium
3255 4524 3330 4580 de
3355 4528 3595 4589 sancto;

1955 4628 2010 4679 et
2047 4626 2392 4678 nostrorum
2434 4617 2749 4676 moestitias
2773 4616 3055 4672 'cordium
3088 4615 3311 4686 pingue
3363 4612 3469 4670 tibi
3508 4609 3597 4666 fa-

1954 4712 2071 4767 cito
2092 4710 2550 4765 holaucaustum
2585 4723 2598 4760 :
2633 4710 2695 4760 ut
2725 4705 3025 4760 mentibus
3051 4703 3271 4760 nostris
3303 4705 3360 4756 et
3397 4699 3600 4755 conci-

1951 4800 2109 4865 lium,
2141 4815 2258 4870 quo
2290 4794 2876 4867 delecteris,inspires
2899 4797 2983 4861 ;et
2999 4807 3302 4865 opus,quo
3319 4789 3596 4862 placeris,

1950 4889 2250 4945 insinues:
2280 4886 2589 4958 petitiones
2620 4889 2852 4940 nostras
2881 4883 2964 4939 ita
2981 4880 3604 4953 suppleas,utpecca—

1950 4983 2013 5034 ta
2036 4977 2270 5033 deleas:
2305 4980 2361 5031 et
2381 4975 2459 5031 ad
2487 4974 2650 5029 illam
2686 4973 2992 5042 regionem
3023 4970 3125 5025 ubi
3157 4970 3283 5026 sine
3319 4972 3599 5038 termino,

1950 5067 2180 5130 vivitur,
2206 5065 2502 5137 propitius
2521 5061 2894 5118 intromittas.
2920 5073 2985 5132 ﬁt.
3009 5062 3217 5118 Amen.
3250 5060 3354 5118 Per
3373 5060 3604 5118 miseri-

1949 5154 2217 5210 cordiam
2270 5159 2456 5209 tuam.

2023 5254 2082 5311 Βι.
2103 5242 2440 5297 Adveniens
2455 5240 2740 5295 Dominus
2755 5240 3256 5296 abstulitomnem
3276 5237 3592 5307 caliginem

1946 5332 2159 5394 noctis,
2195 5331 2291 5386 ubi
2337 5347 2459 5387 non
2490 5333 2616 5386 erat
2663 5330 2785 5396 lux,
2824 5330 2978 5387 facta
3010 5335 3100 5385 est
3147 5326 3402 5382 claritas.
3437 5325 3496 5376 Ρ.
3529 5323 3596 5375 Et

1946 5421 2227 5493 apparuit
2252 5421 2397 5476 dies.
2421 5419 2486 5481 il.
2513 5420 2794 5492 Populus,
2821 5420 2921 5492 qui
2955 5417 3200 5474 sedebat
3227 5415 3287 5468 in
3319 5408 3589 5474 tenebris,

1945 5510 2308 5570 viditlumen
2323 5526 2640 5583 magnum:
2661 5508 3069 5569 habitantibus
3103 5505 3162 5560 in
3196 5500 3436 5574 regione
3461 5515 3590 5570 um-
