4118 6184
456 273 565 334 151

1729 263 2184 327 BHEVIARIUM
2223 267 2617 330 GOTHICUM.

3778 278 3887 334 152

463 397 583 454 brm
627 394 839 454 mortis
885 394 988 451 lux
1040 397 1168 452 orta
1196 399 1286 453 est
1335 396 1437 453 eis.
1472 396 1535 452 P.
1582 397 1647 453 Et
1689 392 1981 469 apparuit.
2040 421 2108 432 —
2138 390 2187 445 Α
2215 392 2429 451 animis
2448 395 2783 464 hominum,
2804 394 3291 468 etinmuscipulis
3307 395 3567 467 pedibus
3587 397 3886 473 insipien-

461 484 676 551 Gloria,
704 487 762 541 et
784 483 995 547 honor,
1015 486 1123 539 etc.
1158 481 1222 537 P.
1256 485 1323 540 Et
1377 484 1670 557 apparuit.

1030 572 1100 627 In
1124 573 1451 629 Laudibus.

534 663 1113 735 Antiphona.Averte
1128 661 1340 719 faciem
1354 667 1523 720 tuam
1535 661 1842 736 apeccatis
1858 658 2076 717 nostris
2095 672 2108 713 :

466 757 524 811 et
544 767 754 809 omnes
794 751 1136 824 iniquitates
1170 756 1405 812 nostras
1425 751 1557 809 dele
1587 751 1897 808 :Psalmus
1930 766 1981 806 ι.

538 841 759 898 Oratio.
795 842 1004 897 Averte
1033 839 1249 898 faciem
1305 844 1461 897 tuam
1500 856 1536 897 a
1591 840 1851 913 peccatis
1875 836 2112 901 nostris,

470 930 717 987 Domine
737 928 1396 1002 ;etomnesiniquitates
1425 932 1664 987 nostras
1676 928 1806 985 dele
1834 945 1849 984 :
1873 940 2117 984 remove

470 1020 549 1078 ab
573 1018 760 1076 oculis
771 1018 886 1074 tuis
904 1017 1204 1075 malarum
1220 1023 1565 1076 nostrarum
1581 1017 1813 1074 facinus
1840 1016 2117 1088 volupta-

471 1112 603 1165 tum
626 1110 996 1178 ;nostrasque
1016 1105 1378 1163 confessioni
1398 1106 1724 1164 clementer
1744 1108 1913 1161 tuum
1936 1118 2123 1175 appo-

473 1210 549 1252 ne
572 1194 880 1252 auditum:
914 1192 1209 1263 miserere,
1229 1209 1600 1267 quaesumus,
1634 1193 1988 1263 rogantibus
2020 1207 2123 1248 no-

475 1284 591 1351 bis,
622 1282 727 1357 qui
752 1283 1045 1355 propitius
1070 1283 1319 1355 respicis
1351 1284 1411 1339 in
1440 1283 1726 1347 adversis,
1761 1286 1817 1337 et
1858 1280 1962 1354 qui
1992 1280 2123 1336 des-

476 1373 695 1445 peratis
708 1388 809 1428 cor
831 1372 1124 1443 paenitens
1144 1373 1375 1438 tribuis,
1406 1370 1885 1428 confessionibus
1908 1370 2127 1425 nostris

479 1462 681 1533 gloriae
709 1465 820 1515 tuae
843 1465 1060 1532 praesta
1078 1461 1436 1517 subsidium.
1468 1461 1582 1517 Sed
1601 1461 1745 1534 quia
1770 1458 2130 1531 publicanus

482 1564 520 1607 a
547 1549 724 1618 longe
751 1552 940 1617 stans,
958 1550 1356 1620 etpercutiens
1381 1555 1589 1621 pectus
1615 1564 1812 1618 suum,
1835 1546 1963 1603 sola
1993 1562 2133 1601 con-

2217 480 2384 538 tium.
2418 484 2655 541 Initium
2672 484 3079 542 fornicationis
3096 490 3183 539 est
3210 484 3533 555 exquisitio
3546 485 3879 558 idolorum,

2219 572 2276 625 et
2304 570 2645 627 adinventio
2690 571 2930 628 illorum
2955 571 3254 643 corruptio
3292 570 3454 626 vitm.
3483 571 3882 632 Infandornm

2220 656 2383 713 enim
2406 659 2705 717 idolorum
2731 661 2960 717 cultura
2980 660 3176 716 omnis
3196 658 3338 716 mali
3364 675 3552 718 causa
3579 668 3682 728 est,
3701 664 3889 721 etini-

2221 746 2393 817 tium,
2424 753 2481 805 et
2507 748 2659 805 ﬁnis.
2688 753 2801 806 Aut
2837 750 2996 806 enim
3021 748 3169 805 dum
3199 748 3495 816 laetantur,
3528 750 3881 811 insaniunt:

2224 839 2326 893 aut
2344 836 2741 895 vaticinantur
2764 837 2935 905 falsa,
2955 837 3281 895 autvivunt
3299 837 3543 909 injuste,
3568 842 3863 914 autperju
3877 874 3893 886 -

2224 928 2363 980 rant
2390 925 2524 982 cito.
2561 927 2715 983 Dum
2758 925 3070 983 conﬁdunt
3099 924 3160 980 in
3190 924 3384 994 idolis,
3416 942 3553 998 quae
3585 934 3727 986 sunt
3757 931 3889 988 sine

2228 1013 2613 1080 anima,male
2625 1016 2645 1085 j
2656 1021 2894 1072 urantes
2908 1013 3108 1071 noceri
3133 1029 3195 1069 se
3212 1028 3337 1070 non
3353 1019 3889 1092 sperant.Utraque

2230 1116 2373 1171 ergo
2396 1101 2509 1158 illis
2540 1104 2964 1174 venieutjuste,
2984 1102 3276 1175 quoniam
3299 1104 3458 1161 male
3475 1112 3795 1164 senserunt
3811 1108 3889 1165 de

2233 1191 2372 1259 Deo,
2400 1191 2769 1247 attendentes
2800 1192 2860 1246 in
2887 1190 3080 1257 idolis,
3108 1194 3163 1247 et
3192 1192 3411 1261 injuste
3437 1193 3892 1263 juraverunt,in

2235 1276 2395 1334 idolo
2422 1284 2869 1336 contemnentes
2894 1279 3196 1351 justitiam.
3226 1283 3349 1336 Non
3362 1281 3526 1338 enim
3545 1283 3893 1353 juratorum

2236 1366 2649 1433 estvirtus,sed
2672 1369 3047 1440 peccantium
3065 1384 3245 1441 pcena
3258 1370 3635 1441 perambulat
3653 1389 3896 1446 semper

2239 1470 2418 1526 super
2446 1455 2804 1526 injustorum
2832 1457 3404 1529 prmvaricationem.
3435 1460 3521 1515 Tu
3550 1464 3752 1517 autem
3788 1464 3899 1519 Do-

2239 1547 2400 1599 mine
2429 1546 2580 1599 Deus
2608 1549 2828 1610 noster,
2862 1545 3081 1610 suavis,
3115 1549 3173 1601 et
3202 1561 3376 1601 verus
3404 1551 3512 1614 est,
3541 1548 3802 1621 patiens,
3836 1556 3899 1608 et

482 1635 741 1692 fessione
764 1641 1053 1708 purgatus
1084 1642 1171 1692 est
1183 1656 1201 1708 ;
1245 1636 1533 1703 similiter,
1568 1640 1626 1692 et
1651 1651 1759 1692 nos
1789 1638 2133 1708 peccatores
2240 1630 2303 1686 in
2334 1630 3020 1703 misericordiadisponis
3038 1633 3261 1689 omnia.
3285 1634 3513 1689 Etenim
3553 1635 3605 1690 si
3628 1638 3905 1709 peccavi-

484 1723 702 1781 exaudi
733 1728 831 1779 :ut
850 1724 997 1780 sicut
1020 1724 1100 1779 illi
1129 1725 1370 1781 meritos
1422 1724 1724 1797 petitionis
1756 1740 1879 1779 sum
1908 1722 2134 1778 fructus
2169 1714 2212 1770 Β
2241 1719 2446 1785 rimus,
2476 1719 2561 1775 tui
2590 1736 2819 1785 sumus,
2836 1719 3088 1776 scientes
3108 1720 3590 1789 magnitudinem
3616 1727 3819 1780 tuam:
3847 1732 3908 1783 et

485 1811 744 1877 donasti,
770 1812 854 1868 ita
877 1816 933 1868 et
954 1812 1128 1869 nobis
1154 1812 1629 1886 supplicantibus
1656 1812 1919 1882 indignis
1946 1810 2133 1867 servis

485 1901 602 1957 tuis
624 1901 862 1957 veniam
892 1900 1157 1971 digneris
1176 1901 1444 1974 impendi
1472 1900 1745 1975 peccatis.
1803 1911 1869 1971 BI.
1913 1900 2132 1958 Amen.

488 1990 599 2046 Per
658 1989 1134 2046 misericordiam
1200 1994 1391 2047 tuam.

558 2078 659 2134 Ad
681 2078 1011 2135 Canticum.
1041 2079 1675 2149 Antiphona.Exurge,
1695 2077 1943 2134 Domine
1960 2078 2136 2143 Deus,

489 2165 741 2224 etlibera
764 2166 1001 2239 plebem
1032 2171 1197 2224 tuam
1224 2185 1241 2222 :
1271 2167 1594 2241 nequando
1618 2166 1818 2224 dicant
1856 2165 2137 2222 adversa-

488 2255 561 2312 rii
594 2258 835 2314 :Manus
850 2255 1301 2314 nostraexcelsa
1329 2262 1437 2325 est,
1471 2261 1526 2314 et
1555 2257 1838 2315 nonDeus
1858 2254 1994 2312 fecit
2012 2255 2141 2312 haec

492 2345 724 2404 omnia.

563 2433 898 2491 Canticum.
930 2434 1181 2491 Attende
1203 2434 1437 2498 caslum,
1497 2438 1555 2492 et
1581 2434 1817 2508 loquar.
1839 2433 1950 2503 fol.
1977 2435 2033 2489 4.

563 2523 894 2580 Reiteretur
918 2523 1282 2595 Antiphona.
1330 2526 1577 2595 Exurge,
1611 2521 1881 2579 Domine.

566 2613 793 2669 Oratio.
824 2614 1044 2668 Montes
1069 2614 1306 2668 cantent
1350 2611 1549 2680 nobis,
1594 2614 1651 2667 et
1693 2614 1850 2667 terra
1892 2609 2137 2666 audiat:

493 2701 643 2756 sicut
658 2700 836 2772 Moysi
856 2699 1082 2756 famulo
1096 2702 1197 2755 tuo
1221 2697 1283 2754 in
1314 2698 1750 2755 confessionem
1777 2697 2143 2754 mirabilium

492 2794 548 2846 et
578 2792 1013 2861 praceptorum
1036 2792 1275 2845 tuorum
1306 2804 1318 2843 :
1352 2792 1408 2844 et
1435 2786 1761 2844 descendat
1789 2803 1968 2859 super
2008 2802 2141 2859 nos,

493 2876 764 2943 Domine,
802 2876 991 2948 gratia
1015 2876 1445 2947 {misericordiae
1478 2874 1714 2932 Domini
1764 2875 1951 2931 nostri
2003 2878 2145 2931 Jesu

495 2966 703 3022 Christi
727 2965 831 3020 filii
860 2964 964 3029 tui,
988 2965 1138 3020 sicut
1166 2980 1261 3020 ros
1291 2980 1471 3036 super
1493 2970 1735 3026 terram,
1784 2967 1840 3020 et
1862 2963 2015 3020 sicut
2035 2963 2144 3019 im-

494 3053 601 3108 ber
619 3068 795 3122 super
821 3066 1092 3120 gramen,
1127 3056 1185 3107 et
1214 3050 1366 3107 sicut
1390 3051 1688 3124 nixsupra
1708 3052 1936 3108 foenum
1961 3068 1973 3107 :
2004 3068 2139 3125 qum
2180 3064 2224 3122 α

495 3154 608 3195 nos
635 3140 755 3212 69
794 3138 1218 3195 insensibiliter
1247 3138 1326 3195 ab
1354 3143 1480 3195 arte
1502 3139 1826 3212 impietatis
1856 3141 2144 3199 emundet

495 3227 635 3295 illic,
656 3226 762 3283 ubi
781 3231 1161 3300 peccatorum
1173 3231 1518 3283 nostrorum
1547 3228 1952 3284 numerositas
1981 3228 2145 3287 nulla

493 3316 685 3393 Ροεεῆ
719 3315 1119 3374 satisfactione
1174 3315 1435 3390 pensari.
1474 3318 1559 3372 Tu
1598 3321 1817 3383 autem,
1868 3315 2140 3385 Domine,

498 3407 681 3482 quies
702 3421 999 3464 caecorum
1050 3404 1617 3473 lumen,errantium
1635 3405 1751 3475 via,
1798 3406 2148 3464 resurrectio

495 3500 892 3566 mortuorum,
918 3499 1198 3567 respectu
1226 3494 1554 3551 clementiae
1620 3498 1734 3551 tute
1767 3495 2146 3552 conscientias

496 3587 717 3640 nostra;
744 3584 1021 3641 tenebras
1034 3583 1366 3650 inlumina;
1404 3587 1725 3656 peccantes
1757 3582 1837 3640 ad
1854 3583 2149 3655 poeniten-

501 3672 645 3728 tiam
676 3688 910 3737 revoca,
958 3672 1383 3746 paenitentibus
1412 3672 1654 3729 veniam
1692 3676 1946 3745 pompta
1981 3672 2043 3728 in
2094 3676 2150 3729 te

502 3776 741 3833 semper
760 3761 1145 3817 miseratione
1163 3760 1399 3831 largire.
1430 3772 1493 3831 ἢ.
1546 3763 1754 3818 Amen.
1792 3761 1901 3817 Per
1927 3760 2152 3817 miseri-

502 3849 770 3906 cordiam
792 3854 975 3905 tuam.

571 3937 1036 3996 Matutinarium
1049 3937 1685 4009 Antiphona.Exortum
1703 3942 1789 3993 est
1802 3937 1863 3993 in
1893 3936 2154 3994 tenebris

501 4027 706 4083 lumen
734 4026 907 4083 rectis
926 4027 1124 4083 corde.
1170 4026 1230 4080 P.
1266 4027 1608 4093 Misericors,
1640 4032 1696 4082 et
1732 4027 2067 4094 miserator,
2096 4031 2153 4083 et

497 4116 699 4187 justus
727 4115 1033 4172 Dominus.
1060 4115 1127 4175 ἲν.
1168 4116 1233 4172 Et
1257 4114 1668 4172 clamaverunt
1702 4115 1779 4171 ad
1807 4116 2149 4182 Dominum,

504 4220 643 4262 cum
663 4202 1084 4262 tribularentur
1111 4221 1122 4261 :
1148 4208 1205 4260 et
1228 4204 1303 4260 de
1325 4204 1774 4261 necessitatibus
1789 4220 1998 4260 eorum
2012 4204 2154 4261 libe-

503 4293 796 4350 raviteos.
825 4292 887 4349 P.
919 4292 1258 4350 Misericors.
1292 4292 1354 4354 V.
1383 4293 1597 4360 Gloria,
1631 4293 1920 4361 ethonor,
1954 4294 2149 4350 etc.P.

507 4382 851 4440 Misericors.

576 4472 805 4529 Lauda.
839 4474 904 4527 ln
922 4472 1141 4529 sanctis
1169 4472 1298 4543 ejus
1330 4471 1570 4529 laudate
1612 4488 1751 4529 eum
1781 4475 1842 4528 in
1873 4473 2142 4530 excelsis.

506 4562 778 4617 Psalmus
833 4576 1035 4617 cxnvui

576 4648 772 4706 Lectio
802 4650 941 4706 libri
979 4648 1295 4721 Sapientia!
1337 4649 1667 4707 Salomonis
1717 4648 1885 4723 (Cad.
1925 4653 2151 4723 x1v,xv)

581 4750 644 4809 Ητ.
670 4740 790 4795 Deo
816 4738 1058 4812 gratias.

578 4827 1098 4893 Fili,benedictum
1124 4831 1211 4884 est
1230 4827 1480 4899 lignum,
1505 4828 1785 4902 perquod
1818 4828 1884 4884 ﬁt
1899 4828 2148 4898 justitia.

512 4914 621 4969 Per
632 4931 838 4973 manus
854 4922 1067 4985 autem,
1099 4916 1265 4989 quod
1277 4917 1592 4984 titidolum,
1620 4917 1984 4973 maledictum
2001 4921 2160 4973 estet

511 5001 793 5074 ipsum,et
822 5005 1076 5076 quifecit
1103 5004 1245 5061 illud
1276 5026 1288 5064 :
1323 5005 1572 5078 quiaille
1590 5006 1835 5079 quidem
1871 5010 2155 5077 operatus

514 5094 605 5148 est
628 5107 639 5146 :
660 5090 807 5147 illud
836 5097 1034 5149 autem
1066 5110 1204 5149 cum
1234 5101 1387 5151 esset
1419 5095 1642 5165 fragile,
1671 5095 1825 5149 Deus
1857 5109 2160 5165 cognomi-

511 5186 689 5238 natus
719 5184 822 5237 est.
847 5182 1122 5239 Similiter
1137 5188 1336 5239 autem
1362 5184 1501 5240 odio
1524 5188 1661 5240 sunt
1682 5183 2058 5255 Deoimpius,
2104 5188 2162 5239 et

511 5269 793 5343 impietas
806 5270 953 5341 ejus.
970 5272 1197 5328 Etenim
1221 5271 1387 5344 quod
1412 5273 1635 5329 factum
1648 5277 1899 5339 est,cum
1915 5271 2035 5341 illo,
2058 5271 2163 5344 qui

513 5358 667 5426 fecit,
695 5364 995 5417 tormenta
1021 5360 1289 5431 patietur.
1326 5359 1573 5432 Propter
1618 5361 1751 5429 hoc,
1779 5364 1837 5417 et
1884 5361 1946 5416 in
1985 5358 2161 5416 idolis

513 5449 820 5505 rationum
849 5449 958 5506 erit
986 5462 1110 5504 non
1164 5453 1509 5521 respectus:
1552 5449 1844 5521 quoniam
1878 5453 2162 5505 creatura:

519 5533 691 5593 Deiin
706 5534 1402 5597 abominationemfactae
1439 5541 1599 5604 sunt,
1632 5542 1689 5595 et
1706 5536 2165 5597 intentationem

2181 4413 2229 4469 D

2243 1808 2290 1863 si
2324 1822 2447 1863 non
2498 1808 2969 1880 peccaverimus,
3011 1809 3231 1864 scimus
3283 1810 3576 1881 quoniam
3635 1813 3805 1885 apud
3848 1818 3907 1871 te

2242 1896 2812 1967 computatisumus.
2846 1898 3028 1953 Nosse
3056 1898 3216 1953 enim
3245 1902 3318 1964 te,
3346 1905 3767 1958 consummata
3776 1903 3909 1973 jus-

2243 1983 2374 2040 titia
2402 1988 2490 2039 est
2510 2000 2522 2039 :
2542 1988 2598 2040 et
2622 1984 3092 2055 scirejustitiam,
3124 1990 3182 2042 et
3192 1986 3711 2058 veritatemtuam,
3727 1990 3908 2048 radix

2245 2077 2336 2129 est
2363 2072 2739 2129 immortatis.
2766 2083 2832 2144 Βι.
2869 2074 3076 2130 Amen.

2956 2164 3232 2235 Hymnus.

2461 2249 2852 2319 Benignitatis
2876 2249 3010 2307 fons
3043 2251 3215 2320 Deus,

2389 2338 2499 2404 Qui
2527 2353 2651 2394 non
2679 2338 2907 2397 habens
2939 2339 3119 2396 ﬁnem
3144 2340 3290 2397 boni

2392 2429 2581 2499 Super
2601 2427 2830 2485 malum
2851 2427 3217 2496 scelestium,

2393 2516 2634 2589 Semper
2664 2517 2817 2589 pius,
2878 2532 3116 2589 semper
3142 2518 3364 2575 bonus.

2462 2609 2729 2665 Mmstum
2744 2608 2887 2664 satis
2921 2624 3024 2664 cor
3055 2608 3368 2678 credimus,

2393 2700 2460 2753 Et
2490 2696 2651 2752 triste
2690 2701 2895 2769 pectus
2963 2696 3289 2767 tundimus,

2392 2787 2593 2857 Aquas
2634 2784 2877 2857 pupillas
2919 2785 3254 2855 fundimus,

2394 2876 2627 2931 Maastas
2683 2889 2870 2945 genas
2929 2873 3293 2931 inducimus.

2464 2962 2669 3034 Egisse
2694 2962 2951 3020 multum
2989 2963 3259 3036 poenitet.

2396 3053 2671 3122 Horrens,
2728 3056 2965 3120 tetrum,
3024 3052 3119 3108 vel
3177 3051 3547 3124 pessimum;

2396 3140 2849 3214 Turpissimum,
2881 3141 2960 3198 ad
3037 3140 3351 3198 sordidum

2401 3231 2674 3286 Fatemur
2712 3244 2892 3286 omne
2945 3230 3223 3286 noxium.

2470 3316 2635 3375 Elata
2658 3333 2779 3374 vox
2803 3321 2857 3375 te
2917 3318 3200 3390 postulat,

2397 3409 2482 3463 Tu
2507 3422 2706 3480 parce,
2763 3406 2925 3472 dicit,
2977 3407 3278 3474 Conditor,

2398 3497 2530 3553 Iam
2568 3510 2746 3568 parce
2767 3495 2987 3553 clamat
3045 3494 3394 3566 obsecrans,

2400 3584 2647 3655 Ignosce
2673 3584 2841 3658 quod
2893 3584 3331 3641 commisimus.

2508 3676 2636 3730 Non
2664 3674 2753 3731 ira
2776 3678 3023 3730 maestos
3056 3674 3312 3739 sorbeat,

2403 3766 2531 3821 Non
2553 3779 2733 3836 poena
2778 3762 2971 3820 fessos
3002 3769 3301 3821 conterat:

2405 3851 2605 3909 Solare
2627 3852 2909 3908 contritos
2967 3852 3103 3917 cito,

2404 3942 2470 3997 Et
2496 3939 2789 4011 gaudium
2846 3938 3023 3995 nobis
3067 3940 3230 3996 dato.

2477 4029 2714 4099 Praesta,
2745 4028 2915 4085 Pater
2961 4028 3243 4100 piissime,

2406 4116 2680 4189 Patrique
2728 4132 2977 4189 compar
3026 4116 3234 4184 Unice,

2407 4207 2554 4262 Cum
2587 4206 2804 4277 Spiritu
2846 4205 3159 4261 Paraclito.

2404 4296 2680 4364 Regnans
2704 4310 2811 4366 per
2857 4310 3037 4351 omne
3066 4294 3375 4351 saaculum.

2478 4384 2685 4438 Amen.

2331 4468 2709 4542 Supplicatio.
2734 4472 2982 4527 Oremus
2996 4471 3451 4545 Redemptorem
3490 4474 3709 4531 mundi
3720 4473 3935 4531 Domi-

2260 4575 2409 4617 num
2424 4563 2694 4617 nostrum
2706 4562 2907 4617 Jesum
2924 4560 3243 4631 Christum,
3256 4578 3395 4619 cum
3410 4563 3576 4620 omni
3610 4562 3930 4636 supplica-

2260 4649 2417 4705 tione
2446 4664 2727 4719 rogemus
2752 4666 2765 4716 ;
2794 4658 2857 4706 ut
2873 4666 2981 4707 nos
2996 4650 3406 4724 gratiaipsius,
3436 4657 3494 4707 et
3516 4652 3931 4723 perinterces-

2262 4737 2493 4793 sionem
2522 4739 2750 4795 Sanctae
2779 4739 2968 4795 Mariae
3000 4738 3250 4809 Virginis
3268 4740 3573 4796 Genitricis
3604 4756 3731 4796 suae
3754 4740 3818 4797 in
3834 4757 3931 4799 sa-

2262 4842 2363 4882 cro
2403 4830 2612 4883 sancto
2641 4827 2720 4897 jej
2736 4828 2874 4883 unio
2910 4828 3321 4884 remissionem
3360 4833 3772 4899 peccatorum,
3816 4846 3931 4903 pa-

2264 4931 2515 4987 cemque
2526 4915 2700 4971 nobis
2715 4916 3004 4988 propitius
3030 4915 3257 4972 donare
3275 4916 3576 4985 dignetur.
3599 4918 3929 4988 ml’raasta,

2265 5008 2500 5060 internae
2512 5005 2889 5076 omnipotens
2908 5007 3082 5060 Deus.
3106 5006 3301 5077 Kyrie,
3320 5006 3575 5063 Eleison.
3596 5006 3932 5076 ﬁ.Christe,

2266 5092 2509 5149 eleison.
2566 5093 2756 5165 Kyrie,
2812 5093 3059 5149 eleison.

2340 5182 2629 5252 Capitula.
2654 5182 3031 5238 Dilectissimi
3072 5182 3300 5252 fratres,
3350 5183 3456 5256 qui
3498 5183 3707 5240 omnia
3760 5184 3940 5242 idola

2269 5270 2537 5341 gentium
2556 5287 2695 5326 cum
2709 5270 3343 5328 Psalmistadoemonia
3356 5287 3485 5328 esse
3505 5272 3746 5329 creditis
3773 5291 3787 5341 ;
3807 5274 3945 5332 illo«

2268 5374 2423 5425 rum,
2451 5374 2679 5431 quaeso,
2701 5364 2764 5416 ut
2786 5360 2930 5416 ritus
2947 5366 3003 5417 et
3022 5364 3363 5417 monstruos
3379 5365 3548 5417 actus
3567 5361 3947 5421 omnimodo

2270 5463 2630 5520 respuamus
2664 5465 2674 5503 :
2702 5454 2755 5507 et
2774 5450 2823 5505 si
2848 5448 3109 5523 aliquem
3122 5465 3193 5506 ex
3216 5448 3479 5506 Ecclesiae
3501 5448 3641 5506 filiis
3653 5450 3950 5520 talia,aut

2272 5552 2447 5611 agere
2468 5542 2571 5597 aut
2593 5536 2874 5597 delectari
2902 5538 3260 5613 prospicitis,
3291 5544 3491 5600 vestra
3510 5539 3950 5602 admonitione
