4118 6184
289 245 404 305 153

1281 247 1354 302 ΙΝ
1393 245 1622 304 PRIMO
1661 245 1776 302 DIE
1813 243 2256 306 JEJUNIORUM
2295 248 2454 307 KAL.
2495 248 2792 306 JANUAR.

3603 255 3704 312 154

286 368 597 440 corripite,
621 369 678 422 et
704 364 784 422 ad
812 365 977 422 viam
997 367 1207 424 salutis
1229 368 1306 426 ab
1338 370 1636 427 erroribus
1647 375 1952 437 revocate;
1984 372 2032 428 A
2065 374 2271 441 Cerno,
2290 375 2455 447 quod
2471 373 2729 447 populus
2749 374 2860 429 iste
2878 371 3043 429 durae
3055 373 3300 432 cervicis
3319 379 3426 434 est.
3469 378 3705 435 Dimitte

290 462 368 512 ut
381 457 565 513 verba
592 454 922 510 Dominicas
939 455 1246 527 orationis,
1269 473 1404 530 quae
1433 460 1567 530 ipso
1590 459 1840 515 Domino
1853 459 1956 516 do-

285 551 458 601 cente
478 544 796 608 didicistis,
822 548 880 599 et
909 543 1084 599 simul
1100 561 1334 602 mecum
1361 548 1695 605 etcumillis
1727 547 1955 620 procla-

286 649 460 690 mare
490 632 660 689 liberi
693 632 936 705 possitis
973 647 1004 686 c
1033 634 1202 689 terris
1224 633 1526 692 dicentes:

369 722 544 779 Pater
563 726 787 778 noster.
822 723 867 775 A
894 721 1053 777 malo
1080 737 1188 777 nos
1213 722 1422 780 libera.
1446 725 1564 793 fol.
1615 729 1699 781 IO.

367 812 591 868 Lauda.
619 809 888 875 Alleluia,
946 809 1264 867 Lmtabitur
1318 811 1552 870 deserta
1595 818 1650 870 et
1707 813 1868 869 invia
1896 814 1954 868 et

298 899 588 956 exultabit
608 898 893 955 solitudo.
926 898 988 955 P.
1032 901 1097 956 Et
1126 898 1550 973 ﬂorebitquasi
1575 901 1781 972 lilium,
1811 901 1958 958 Alle‘

289 986 436 1057 luia,
469 986 805 1047 alleluia.v.
834 985 1092 1044 Jubilate
1150 988 1781 1047 Dominoomnisterra
1809 1005 1957 1047 :ser.

285 1077 405 1132 vite
434 1077 693 1133 Domino
716 1077 780 1132 in
822 1075 1041 1132 laetitia.
1076 1075 1138 1132 P.
1173 1079 1256 1133 Et.
1282 1077 1341 1139 if.
1393 1078 1608 1145 Gloria,
1660 1084 1717 1135 et
1738 1078 1951 1144 honor,

297 1170 416 1221 etc.
458 1169 516 1220 P.
543 1168 634 1222 Et.

365 1254 416 1322 7
432 1255 492 1324 ο
519 1251 1151 1310 Benedictio.Christus
1177 1254 1486 1322 Dominus,
1507 1255 1604 1327 qui
1633 1271 1769 1311 cum
1789 1259 1955 1313 Patre

293 1346 365 1397 et
381 1343 599 1412 Spiritu
624 1345 829 1398 Sancto
861 1358 1016 1397 unus
1046 1348 1204 1399 extat
1218 1344 1490 1400 conditor
1506 1350 1563 1401 et
1583 1361 1881 1401 annorum
1900 1345 1956 1403 et

302 1433 645 1500 temporum
668 1447 682 1495 ;
703 1430 834 1502 ipse
855 1431 917 1485 in
946 1429 1309 1502 initiohujus
1335 1432 1474 1488 anni
1489 1437 1752 1489 vestrum
1790 1451 1950 1492 acce-

282 1522 461 1589 ptare
493 1517 778 1589 dignetur
798 1518 1114 1589 jejunium.
1145 1531 1210 1590 13;.
1239 1523 1446 1576 Amen.
1481 1522 1560 1577 Sit
1591 1521 1763 1577 vobis
1793 1539 1951 1581 sem-

284 1620 397 1677 per
434 1605 670 1674 ductor,
696 1605 802 1678 qui
827 1606 1012 1662 extitit
1042 1608 1223 1662 totius
1252 1608 1462 1664 mundi
1501 1608 1945 1683 Redemptor.&.

2061 476 2178 528 me,
2211 465 2275 518 ut
2302 463 2594 520 irascatur
2619 463 2783 518 furor
2806 478 2977 517 meus
2995 466 3202 520 contra
3239 479 3360 531 eos,
3389 469 3445 522 et
3476 466 3704 523 deleam

2062 548 2531 623 eos,faciamque
2544 554 2599 607 te
2610 551 2670 605 in
2692 553 2926 619 gentem
2940 565 3241 619 magnam.
3260 554 3487 624 Moyses
3502 558 3704 610 autem

2062 637 2274 694 orabat
2305 640 2626 696 Dominum
2657 655 2855 706 suum,
2876 638 3111 694 dicens:
3145 640 3558 710 Cur,Domine,
3587 643 3704 697 ira-

2061 724 2242 780 scitur
2254 725 2418 782 furor
2429 731 2562 783 tuus
2574 731 2778 784 contra
2792 727 3069 798 populum
3085 730 3438 799 tuum,quem
3453 729 3702 785 eduxisti

2062 811 2130 867 de
2161 818 2313 871 terra
2339 816 2590 888 Egypti,
2631 817 2692 871 in
2720 815 3059 872 fortitudine
3083 831 3328 886 magna,
3349 817 3484 873 etin
3515 833 3703 873 manu

2061 901 2310 958 robusta
2331 905 2358 960 ?
2383 907 2462 959 Ne
2485 919 2694 976 quaeso
2725 904 2918 961 dicant
2947 903 3202 976 Egyptii
3222 922 3233 959 2
3257 905 3478 961 Callide
3497 905 3704 961 eduxit

2063 1005 2186 1060 eos,
2215 991 2640 1048 utinterticeret
2665 993 2726 1048 in
2755 993 3144 1057 montibus,et
3173 993 3394 1049 deleret
3414 993 3483 1049 de
3503 997 3659 1050 terra
3687 1009 3698 1047 :

2063 1080 2323 1150 quiescat
2345 1081 2430 1136 ira
2455 1084 2575 1147 tua,
2595 1086 2649 1138 et
2666 1086 2790 1137 esto
2806 1081 3114 1153 placabilis
3135 1097 3314 1153 super
3370 1081 3704 1154 nequitiam

2062 1168 2266 1239 populi
2291 1170 2389 1224 tui.
2423 1170 2749 1226 Recordare
2775 1169 3077 1226 Abraham
3107 1171 3290 1235 Isaac,
3325 1170 3703 1226 etlsraelser-

2061 1271 2276 1312 vorum
2304 1262 2562 1324 tuorum,
2589 1258 2808 1330 quibus
2842 1258 3050 1329 jurasti
3073 1273 3178 1329 per
3201 1258 3701 1330 temetipsum,di—

2063 1359 2231 1399 cens:
2265 1345 2655 1417 Multiplicabo
2677 1361 2882 1401 semen
2914 1351 3094 1414 tuum,
3123 1347 3272 1402 sicut
3293 1346 3493 1402 stellas
3525 1346 3660 1402 coeli
3689 1363 3700 1402 :

2061 1436 2117 1487 et
2129 1432 2471 1488 universam
2481 1438 2703 1490 terram
2716 1433 2973 1498 hanc,de
2985 1449 3107 1506 qua
3125 1434 3356 1490 locutus
3374 1434 3695 1500 sum,dabo

2063 1520 2284 1576 semini
2302 1521 2973 1595 vestro,etpossidebitis
2991 1538 3124 1579 eam
3146 1522 3706 1595 semper.Placatus~

2059 1625 2173 1681 que
2190 1617 2276 1665 est
2305 1611 2605 1674 Dominus,
2638 1626 2713 1669 ne
2741 1611 2959 1669 faceret
3012 1611 3260 1676 malum,
3285 1611 3450 1683 quod
3470 1611 3703 1667 locutus

277 1694 777 1764 Amen.Ut,cujus
807 1693 866 1747 in
896 1693 1206 1749 nativitate
1228 1694 1523 1752 solemnia
1549 1696 1677 1767 jam
1709 1702 1948 1756 strenue
1977 1710 2022 1766 Β
2056 1696 2247 1754 fuerat
2276 1699 2560 1754 adversus
2601 1699 2893 1772 populum
2937 1716 3133 1755 suum.
3172 1702 3234 1754 Et
3289 1714 3560 1755 reversus
3613 1702 3706 1754 est

277 1780 588 1851 peregisti,
609 1780 1004 1852 apparitionis
1032 1780 1180 1838 festa
1205 1782 1383 1839 etiam
1395 1798 1531 1841 cum
1544 1785 1769 1854 gaudio
1798 1787 1944 1844 cele-

277 1866 490 1924 bretis.
519 1868 580 1928 Y.
611 1870 822 1925 Amen.
847 1869 971 1925 Per.
1011 1869 1081 1925 ln
1100 1870 1364 1927 nomine.

280 2003 340 2062 A
354 2002 395 2057 ά
422 2003 671 2060 Tertiam
684 2003 999 2073 Prophetz’a
1015 2009 1068 2060 et
1080 2005 1279 2061 omnia
1309 2004 1435 2061 alia
1455 2007 1947 2067 successive.Pro-

622 2091 954 2149 verbiorum
979 2092 1312 2150 Salomonis
1345 2093 1525 2165 (Cap.
1547 2095 1655 2152 ιιι).

352 2234 418 2293 ἢ.
437 2223 558 2280 Deo
587 2223 811 2294 gratias

357 2311 597 2377 Fili,nec
627 2313 996 2370 obliviscaris
1016 2314 1162 2384 legis
1187 2330 1357 2381 meae,
1385 2322 1439 2371 et
1455 2320 1754 2388 prmcepta
1787 2331 1924 2374 mea

280 2401 594 2457 custodiat
618 2417 719 2459 cor
748 2405 940 2459 tuum.
977 2403 1428 2473 Longitudinem
1441 2404 1598 2460 enim
1625 2404 1947 2477 dierum,et

283 2505 487 2547 annos
509 2491 664 2558 vitae,
692 2497 748 2550 et
776 2508 989 2566 pacem
1020 2498 1282 2566 apponet
1312 2494 1438 2550 tibi.
1463 2495 1946 2564 Misericordia,et

280 2581 506 2636 veritas
529 2597 650 2637 non
682 2586 734 2637 te
752 2581 1052 2652 deserant,
1083 2582 1390 2639 circumda
1409 2599 1510 2640 eas
1529 2586 1748 2654 gutturi
1763 2589 1946 2654 tuo,et

283 2669 485 2724 scribe
507 2669 568 2724 in
589 2669 808 2726 tabulis
830 2671 1023 2727 cordis
1045 2671 1156 2730 tui:
1200 2675 1256 2727 et
1280 2671 1549 2729 invenies
1580 2673 1861 2743 gratiam,
1888 2680 1947 2731 et

283 2758 682 2830 disciplinam
705 2759 930 2816 bonam
962 2775 1165 2816 coram
1185 2761 1943 2827 Deo,ethominibus.Habe

277 2844 365 2901 ﬁd
378 2847 579 2903 uciam
597 2847 658 2902 in
679 2848 931 2904 Domino
945 2864 1014 2904 ex
1033 2853 1154 2905 toto
1167 2850 1344 2904 corde
1374 2854 1476 2905 tuo
1490 2853 1545 2905 et
1573 2865 1647 2904 ne
1673 2849 1943 2906 innitaris

279 2935 615 3006 prudentiae
634 2942 771 2992 tuae.
791 2940 854 2992 In
893 2937 1176 2992 omnibus
1196 2937 1306 2992 viis
1333 2938 1449 2993 tuis
1478 2940 1676 3007 cogita
1693 2937 1944 3007 illum,et

278 3025 412 3095 ipse
435 3024 652 3096 diriget
704 3041 947 3097 gressus
1013 3031 1164 3082 tuos.
1219 3030 1297 3084 Ne
1353 3027 1432 3082 sis
1488 3027 1728 3098 sapiens
1777 3027 1943 3099 apud
1983 3053 2024 3109 ρ

279 3113 700 3185 temetipsum:
745 3115 886 3172 time
941 3115 1282 3182 Dominum,
1328 3120 1384 3171 et
1422 3116 1632 3172 recede
1682 3131 1718 3172 a
1760 3116 1941 3174 malo.

275 3212 338 3264 ἢ.
377 3207 590 3259 Amen.

740 3336 929 3393 Lectio
963 3335 1106 3392 libri
1137 3336 1517 3407 Exodiwap,
1587 3337 1788 3409 XXXII).

357 3483 422 3540 ἢ.
454 3470 574 3527 Deo
591 3470 844 3540 gratias.

359 3564 426 3616 ln
454 3559 568 3616 illis
597 3559 852 3615 diebus:
896 3559 1111 3616 Videns
1132 3559 1411 3632 populus,
1428 3561 1590 3633 quod
1611 3575 1845 3618 moram
1865 3562 1949 3621 fa-

286 3653 445 3705 ceret
465 3647 878 3704 descendendi
901 3649 975 3703 de
1017 3653 1221 3704 monte
1266 3651 1519 3720 Moyses,
1549 3656 1946 3720 congregatus

286 3737 581 3793 adversus
611 3736 947 3802 Aaron,ait:
972 3738 1178 3806 Surge,
1201 3737 1291 3792 fac
1318 3737 1496 3794 nobis
1519 3737 1683 3810 deos,
1707 3739 1814 3811 qui
1837 3755 1947 3796 nos

283 3826 662 3899 praecedant:
695 3826 882 3898 Moysi
902 3825 1212 3882 enilnhuic
1243 3826 1509 3898 viro,qui
1535 3842 1645 3882 nos
1664 3827 1947 3884 eduxitde

283 3921 448 3970 terra
477 3915 733 3987 {Egypth
768 3915 1119 3984 ignoramus
1157 3915 1305 3987 quid
1332 3915 1634 3971 acciderit.
1676 3916 1947 3988 Dixitque

283 4003 362 4058 ad
394 4018 499 4058 eos
520 4005 745 4058 Aaron:
774 4001 977 4058 Tollite
1022 4003 1262 4057 inaures
1303 4018 1514 4058 aureas
1540 4002 1613 4056 de
1664 4018 1941 4074 uxorum,

284 4091 667 4162 ﬁliorumque
681 4091 1005 4146 etﬁliarum
1017 4095 1353 4146 vestrarum
1376 4089 1647 4154 auribus,
1674 4091 1946 4148 etatierte

289 4179 372 4235 ad
403 4195 528 4235 me.
559 4179 829 4252 Fecitque
865 4179 1122 4252 populus
1177 4195 1314 4252 quae
1339 4179 1619 4249 jusserat,
1675 4179 1947 4235 deferens

284 4267 533 4323 inaures
553 4267 624 4324 ad
640 4270 860 4324 Aaron.
877 4270 1036 4334 Quas
1050 4284 1184 4324 cum
1205 4267 1297 4323 ille
1312 4267 1656 4339 accepisset,
1668 4267 1947 4326 formavit

279 4371 462 4430 opere
494 4355 737 4423 fusorio,
767 4362 824 4412 et
855 4357 986 4412 fecit
1017 4373 1088 4412 ex
1118 4357 1201 4411 eis
1249 4356 1498 4412 vitulum
1530 4355 1891 4412 conflatilem
1918 4374 1928 4410 :

281 4447 690 4518 dixeruntque
723 4447 971 4502 :lIisunt
995 4446 1077 4500 dii
1096 4445 1176 4501 tui
1204 4445 1402 4511 Israel,
1428 4444 1529 4518 qui
1548 4449 1596 4499 te
1612 4446 1949 4503 eduxerunt

284 4535 357 4590 de
371 4541 529 4591 terra
547 4534 988 4607 zEgyptiQuod
1004 4551 1141 4590 cum
1159 4534 1394 4590 vidisset
1414 4535 1608 4589 Aaron
1627 4533 1946 4590 mdiﬁcavit

283 4624 468 4681 altare
491 4640 699 4680 coram
713 4627 866 4688 eo,et
889 4625 1183 4696 praeconis
1210 4638 1350 4679 voce
1384 4622 1664 4678 clamavit
1707 4622 1938 4678 dicens:

282 4716 423 4770 Cras
454 4713 805 4768 solemnitas
837 4712 1071 4768 Domini
1093 4717 1199 4768 est.
1247 4714 1688 4783 Surgentesque
1741 4728 1939 4777 mane,

282 4802 629 4858 obtulerunt
656 4802 1028 4865 holocausta,
1068 4800 1361 4855 ethostias
1383 4799 1684 4871 pacificas,
1712 4804 1767 4855 et
1793 4800 1944 4855 sedit

280 4891 547 4963 pOpulus
563 4889 1316 4954 manducare,etbibere,et
1332 4888 1940 4943 surrexeruntludere.

284 4981 536 5035 Locutus
569 4983 880 5035 estautem
915 4978 1204 5032 Dominus
1239 4976 1316 5032 ad
1356 4978 1615 5047 Moysen,
1689 4976 1895 5030 dicens
1930 4993 1940 5029 :

281 5068 458 5132 Vade,
492 5067 844 5122 descende:
925 5066 1193 5137 peccavit
1249 5065 1508 5136 populus
1563 5070 1715 5128 tuus,
1763 5081 1946 5136 quem

281 5159 524 5213 eduxisti
546 5157 622 5213 de
652 5161 806 5212 terra
834 5155 1091 5228 Egypti.
1110 5158 1499 5210 Recesserunt
1522 5155 1596 5208 de
1616 5153 1735 5218 via,
1758 5170 1945 5226 quam

281 5246 588 5301 ostendisti
606 5245 691 5301 eis
713 5261 723 5298 :
741 5244 1125 5316 feceruntque
1140 5242 1256 5298 sibi
1273 5242 1522 5298 vitulum
1559 5241 1938 5307 conﬂatilem,

280 5334 422 5389 etim
433 5333 1022 5404 molaverunt,atque
1039 5331 1423 5387 immolantes
1457 5335 1513 5386 et
1535 5330 1946 5394 hostias,dixe-

282 5428 417 5480 runt
447 5441 458 5476 :
498 5423 600 5479 Isti
627 5426 768 5477 sunt
799 5421 875 5477 όὶι
902 5422 984 5476 tui
1024 5421 1225 5488 Israel,
1257 5419 1363 5492 qui
1416 5422 1469 5475 te
1494 5419 1830 5474 eduxerunt
1869 5419 1944 5474 de

285 5508 762 5586 tenari-Egyptiﬁ
774 5525 1100 5584 ursumque
1112 5509 1257 5569 dixit
1270 5508 1560 5568 Dominus
1576 5507 1653 5565 ad
1667 5509 1908 5581 Moysen
1944 5522 1955 5562 :

2055 1790 2282 1859 Moyses
2320 1787 2394 1843 de
2413 1793 2632 1854 monte,
2661 1792 2906 1859 portans
2929 1787 3083 1844 duas
3118 1787 3354 1844 tabulas
3385 1787 3703 1843 testimonii

2054 1875 2116 1930 in
2138 1891 2324 1931 manu
2351 1875 2597 1948 scriptas
2621 1892 2694 1932 ex
2738 1880 2987 1949 utraque
3020 1879 3188 1948 parte
3218 1883 3273 1931 et
3314 1874 3502 1931 factas
3522 1890 3702 1947 opere

2055 1964 2192 2019 Dei:
2227 1964 2523 2036 scriptura
2551 1964 2654 2020 Dei
2681 1979 2924 2037 quoque
2941 1968 3068 2021 erat
3093 1963 3156 2020 in
3179 1963 3420 2021 tabulis.
3439 1962 3702 2020 Audiens

2056 2055 2255 2108 autem
2277 2054 2456 2108 Josue
2485 2051 2812 2109 tumultum
2835 2052 3044 2126 populi
3068 2051 3704 2117 vociferantis,dixitad

2053 2141 2322 2212 Moysen:
2358 2139 2624 2197 Ululatus
2643 2155 2865 2212 pugnm
2891 2140 3133 2198 auditur
3153 2140 3216 2197 in
3249 2139 3702 2206 castris.Quire-

2055 2227 2294 2299 spondit
2317 2244 2328 2283 :
2361 2231 2488 2284 Non
2509 2236 2598 2284 est
2617 2228 2845 2286 clamor
2860 2229 3310 2287 adhortantium
3326 2228 3404 2285 ad
3428 2242 3702 2302 pugnam

2052 2331 2248 2388 neque
2258 2316 2595 2374 vociferatio
2608 2317 3095 2390 compellentium
3119 2318 3198 2374 ad
3213 2317 3421 2387 fugam
3447 2333 3457 2370 :
3481 2315 3589 2371 sed
3599 2330 3700 2371 vo-

2053 2419 2174 2461 cem
2186 2405 2548 2462 cantantium
2565 2421 2678 2475 ego
2693 2406 3154 2479 audio.Cumque
3170 2405 3704 2478 appropinquasset

2054 2493 2132 2550 ad
2148 2493 2507 2560 castra,vidit
2535 2493 2870 2561 vitulum,et
2899 2496 3144 2552 choros:
3178 2495 3484 2566 iratusque
3508 2492 3699 2559 valde,

2054 2581 2301 2653 projecit
2323 2582 2397 2638 de
2428 2598 2612 2639 manu
2643 2582 2899 2648 tabulas,
2925 2587 2981 2639 et
3010 2583 3297 2652 confregit
3321 2598 3422 2638 eas
3442 2581 3522 2638 ad
3541 2579 3700 2637 radi-

2053 2683 2184 2724 cem
2215 2671 2462 2726 montis:
2498 2671 2911 2742 arripiensque
2958 2670 3208 2726 vitulum
3229 2686 3401 2741 quem
3458 2670 3696 2731 fecerat,

2053 2756 2400 2822 combussit,
2425 2761 2481 2812 et
2496 2757 2769 2813 contrivit
2806 2772 2999 2828 usque
3019 2758 3098 2812 ad
3145 2755 3472 2827 pulverem,
3517 2771 3701 2827 quem

2054 2845 2272 2918 sparsit
2299 2845 2360 2901 in
2383 2861 2628 2918 aquam,
2652 2853 2706 2900 et
2735 2844 2897 2900 dedit
2921 2860 2993 2900 ex
3017 2859 3088 2900 eo
3103 2850 3305 2914 potum
3334 2842 3471 2897 filiis
3495 2843 3698 2898 Israel.

2053 2935 2325 3006 Dixitque
2355 2935 2433 2990 ad
2452 2936 2678 2990 Aaron:
2714 2932 2867 2998 Quid
2893 2932 2997 2989 tibi
3035 2931 3290 2988 fecithic
3321 2929 3604 3003 populus,
3635 2934 3703 2986 ut

2052 3022 2366 3079 induceres
2407 3037 2580 3093 super
2608 3037 2745 3077 eum
2770 3024 3084 3093 peccatum
3114 3020 3478 3076 maximum?
3495 3019 3596 3075 Cui
3608 3018 3703 3074 ille

2051 3110 2380 3181 respondit:
2411 3113 2491 3166 Ne
2514 3110 2853 3180 indignetur
2907 3109 3197 3166 Dominus
3233 3112 3518 3164 meusztu
3548 3107 3703 3163 enim

2052 3200 2208 3257 nosti
2232 3200 2527 3272 populum
2554 3200 2754 3266 istum,
2784 3198 2950 3271 quod
2979 3214 3204 3271 pronus
3226 3199 3300 3254 sit
3315 3197 3394 3255 ad
3423 3196 3653 3253 malum
3682 3213 3695 3251 :

2054 3289 2330 3346 dixerunt
2359 3289 2536 3344 mihi:
2559 3288 2651 3344 fac
2675 3287 2850 3343 nobis
2871 3286 3153 3358 deos,qui
3175 3300 3288 3341 nos
3321 3284 3696 3355 praecedant:

2054 3377 2196 3434 huic
2217 3376 2376 3432 enim
2398 3375 2600 3447 Moysi,
2624 3375 2728 3446 qui
2770 3389 2880 3428 nos
2901 3373 3103 3427 eduxit
3136 3371 3210 3426 de
3231 3375 3385 3425 terra
3440 3368 3698 3438 .‘Egypti,

2055 3466 2360 3522 nescimus
2379 3463 2527 3537 quid
2555 3462 2849 3519 acciderit.
2885 3459 3114 3525 Quibus
3133 3473 3244 3527 ego
3265 3455 3414 3512 dixi:
3447 3455 3590 3520 Quis
3602 3470 3697 3509 ve-

2058 3560 2250 3612 strum
2287 3554 2468 3610 habet
2487 3566 2704 3608 aurum
2725 3551 2753 3606 ?
2770 3548 3051 3605 Tulerunt
3079 3542 3601 3603 etdederuntmihi
3618 3559 3628 3596 :
3647 3545 3704 3598 et

2057 3642 2282 3716 projeci
2304 3640 2451 3698 illud
2475 3640 2537 3695 in
2560 3639 2782 3708 ignem,
2809 3649 3204 3706 egressusque
3232 3638 3324 3690 est
3345 3631 3439 3687 hic
3460 3630 3698 3686 vitulus.

2057 3731 2274 3788 Videns
2297 3744 2438 3800 ergo
2471 3730 2700 3799 Moyses
2731 3724 3026 3797 populum
3063 3722 3230 3795 quod
3257 3724 3410 3778 esset
3437 3719 3702 3776 nudatus

2057 3816 2754 3892 (spoliaveratenimeum
2796 3818 2993 3869 Aaron
3037 3814 3278 3884 propter
3308 3807 3704 3880 ignominiam

2058 3908 2269 3972 sordis,
2295 3911 2351 3962 et
2378 3906 2528 3961 inter
2548 3904 2753 3960 hostes
2769 3901 2988 3957 nudum
3011 3899 3412 3969 constituerat)
3431 3915 3440 3951 :
3459 3901 3515 3952 et
3545 3901 3705 3951 stans

2055 3998 2118 4053 in
2143 4001 2474 4052 castrorum
2491 3996 2681 4065 porta,
2697 3991 2802 4048 ait:
2831 3990 3034 4061 Siquis
3052 4005 3115 4044 es
3143 3986 3396 4053 Domini,
3413 3987 3705 4058 jungatur

2055 4081 2711 4152 mihi.Congregatique
2744 4078 2976 4135 suntad
3002 4093 3140 4133 eum
3161 4091 3372 4132 omnes
3401 4073 3507 4129 ﬁlii
3529 4073 3662 4128 Levi
3689 4087 3701 4126 :

2055 4173 2271 4246 quibus
2283 4172 2392 4228 ait:
2411 4174 2542 4226 Hmc
2557 4169 2692 4225 dicit
2708 4167 2984 4224 Dominus
2997 4167 3152 4221 Deus
3167 4166 3217 4234 7
3236 4167 3279 4234 1
3303 4163 3479 4219 Israel
3498 4179 3507 4217 :
3527 4164 3707 4216 Ponat

2054 4262 2141 4319 vir
2179 4260 2450 4332 gladium
2503 4273 2684 4330 super
2733 4256 2925 4312 femur
2952 4270 3160 4310 suum:
3200 4253 3296 4317 ite,
3329 4256 3385 4308 et
3408 4249 3592 4306 redite
3631 4248 3706 4303 de

2058 4356 2231 4423 porta
2261 4364 2453 4422 usque
2479 4348 2557 4404 ad
2587 4350 2823 4418 portam
2845 4359 2948 4416 per
2972 4342 3240 4399 medium
3271 4344 3623 4402 castrorum,
3649 4341 3706 4391 et

2057 4439 2291 4496 occidat
2306 4435 2726 4508 unusquisque
2744 4434 2984 4489 fratrem
2998 4447 3178 4486 suum
3191 4434 3247 4486 et
3259 4428 3525 4486 amicum
3540 4440 3706 4480 suum

2058 4532 2112 4584 et
2132 4527 2476 4599 proximum
2504 4518 3226 4592 suum.Feceruntqueﬁlii
3246 4518 3380 4573 Levi
3403 4517 3574 4587 juxta
3587 4529 3704 4568 ser-

2053 4632 2298 4673 monem
2327 4613 2529 4687 Moysi,
2564 4612 3024 4682 cecideruntque
3077 4609 3138 4664 in
3154 4607 3248 4664 die
3277 4607 3378 4663 illo
3425 4603 3600 4676 quasi
3622 4602 3705 4658 vi-

2054 4706 2200 4776 ginti
2231 4704 2343 4761 tria
2371 4701 2902 4759 milliahominum.
2927 4698 3084 4754 Etait
3102 4701 3331 4769 Moyses
3349 4712 3359 4749 :
3380 4697 3702 4751 Consecra-

2055 4795 2160 4851 stis
2191 4809 2408 4850 manus
2429 4795 2658 4847 vestras
2681 4789 2861 4845 hodie
2883 4786 3297 4859 unusquisque
3326 4784 3386 4839 in
3435 4781 3579 4847 ﬁlio,
3628 4787 3709 4838 et-

2053 4885 2113 4939 in
2141 4884 2351 4939 fratere
2379 4897 2507 4943 suo,
2531 4879 2782 4935 utdetur
2810 4876 2984 4933 vobis
3007 4872 3372 4932 benedictio.
3406 4883 3468 4942 Br.
3492 4874 3703 4929 Amen.

2161 4975 2360 5028 Lectio
2392 4969 2741 5025 tibriEsaz’ce
2761 4965 3091 5035 Prophet-iw
3123 4964 3284 5033 (Cap.
3321 4965 3544 5034 xxxm).

2129 5075 2191 5132 Iv.
2213 5063 2333 5116 Deo
2355 5059 2601 5131 gratias.

2131 5153 2260 5206 Haec
2286 5149 2427 5202 dicit
2446 5146 2733 5202 Dominus
2755 5162 2765 5198 :
2791 5143 3000 5200 Audite
3030 5144 3135 5216 qui
3163 5142 3339 5214 longe
3367 5141 3523 5203 estis,
3565 5150 3700 5206 qua:

2058 5237 2319 5302 fecerim,
2353 5240 2410 5292 et
2438 5234 2778 5306 COgnoscite
2798 5234 2973 5289 vicini
3016 5233 3420 5289 fortitudinem
3477 5238 3700 5279 meam.

2061 5324 2365 5382 Conterriti
2379 5327 2520 5379 sunt
2533 5323 2595 5378 in
2608 5323 2746 5379 Sion
2761 5327 3121 5394 peccatores,
3132 5317 3390 5392 possedit
3405 5314 3577 5369 timor
3596 5309 3704 5379 hy-

2065 5413 2341 5488 pocritas.
2369 5413 2506 5478 Quis
2532 5413 2746 5484 poterit
2771 5412 3039 5469 habitare
3076 5409 3150 5464 de
3189 5403 3360 5460 vobis
3393 5412 3532 5488 cum
3562 5397 3701 5488 igne

2069 5485 2390 5562 devorante
2409 5501 2437 5560 ?
2458 5502 2601 5568 Quis
2627 5501 2858 5560 habitat
2903 5514 2975 5557 ex
3020 5493 3188 5552 vobis
3217 5503 3356 5546 cum
3384 5485 3702 5548 ardoribus
