4118 6184
283 253 380 308 161

1218 249 1290 304 IN
1330 247 1657 321 SECUNDO
1699 247 1818 304 DIE
1855 247 2304 308 JEJUNIORUM
2344 253 2506 312 KAL.
2547 255 2850 312 JANUAR.

3598 274 3703 332 162

353 373 774 469 Paternoster.
802 372 868 426 Et
897 385 971 427 ne
999 385 1130 440 nos,
1162 375 1270 431 etc.
1294 375 1339 430 A
1369 374 1530 431 malo
1555 390 1667 432 nos
1721 374 1932 432 libera.
1975 376 2022 432 A
2063 376 2241 469 solet
2271 377 2415 435 luna
2446 394 2568 436 non
2598 380 2892 438 deﬁcient.
2921 384 3000 440 P.
3031 385 3096 440 In
3127 389 3415 449 aeternum
3461 396 3702 469 tempus

285 465 495 531 Quare
515 463 633 532 fol.
681 462 767 516 10.

881 549 975 605 Ad
1025 551 1354 621 Vesperum.

358 641 596 698 Lauda.
623 641 903 712 Vespere,
935 644 1194 710 mane,et
1227 641 1473 699 meridie
1504 646 1558 699 te
1601 641 1944 708 laudamus,

287 730 565 787 Domine.

362 819 733 889 Antiphona.
770 815 951 874 Salva
993 815 1226 888 plebem
1249 822 1434 892 tuam,
1470 819 1813 886 Domine,et
1846 819 1948 877 be-

290 907 466 965 nedic
493 905 882 963 hereditatem
909 908 1097 962 tuam.
1126 909 1394 964 Psaimus
1434 924 1603 964 xxvu.

357 996 591 1053 Lauda.
621 994 828 1050 Veniat
854 1009 1036 1066 super
1065 1011 1194 1062 nos,
1231 997 1498 1062 Domine,
1543 995 1951 1052 misericordia

287 1089 388 1141 tua
423 1105 434 1144 :
465 1090 522 1142 et
544 1083 808 1141 salutare
854 1088 1048 1150 tuum,
1076 1087 1132 1140 et
1160 1084 1469 1157 eloquium
1520 1090 1713 1142 tuum.
1765 1085 1834 1145 tif.
1883 1088 1950 1140 Et

287 1172 669 1247 respondebo
696 1171 1200 1243 exprobrantibus
1223 1173 1370 1229 mihi
1393 1173 1808 1247 verbumzquia
1823 1188 1951 1245 spe-

291 1263 429 1319 ravi
453 1262 516 1317 in
547 1260 923 1317 sermonibus
962 1261 1096 1316 tuis.
1130 1261 1194 1316 P.
1229 1265 1295 1318 Et
1324 1263 1632 1335 eloquium
1656 1269 1841 1318 tuum.
1884 1261 1945 1321 ἵ.

296 1351 517 1416 Gloria,
548 1354 603 1405 et
629 1349 822 1405 honor
851 1349 1028 1416 Patri,
1063 1353 1174 1406 etc.
1207 1351 1271 1405 P.
1306 1353 1373 1406 Et
1395 1351 1703 1423 eloquium
1743 1355 1940 1406 tuum.

362 1438 1047 1510 Hymnus.Benignitatis
1073 1438 1209 1495 fons
1236 1442 1952 1510 Deus.Supplicatio.0re-

284 1545 426 1586 mus
453 1527 913 1600 Redemptorem
940 1527 1174 1584 mundi.
1231 1530 1526 1600 Capitula.
1577 1529 1950 1585 Dilectissimi

283 1618 522 1675 fratres.
553 1616 1198 1674 Benedictio.Christus
1220 1618 1640 1691 Dominus,qui
1669 1633 1806 1674 cum
1847 1619 1953 1675 Pa-

2055 464 2122 525 V.
2166 468 2534 525 Hierusalem
2599 485 2725 527 non
2759 471 2864 527 erit
2885 471 3088 529 tibisol
3137 479 3396 550 amplius
3425 464 3691 542 adlucen

2054 554 2201 612 dum
2223 571 2329 628 per
2357 558 2530 625 diem,
2562 573 2672 614 nec
2704 560 3152 632 splendorlunaa
3173 566 3533 627 illuminabit
3561 578 3616 629 te
3642 575 3703 631 in

2054 649 2267 712 nocte;
2302 647 2408 702 sed
2430 647 3025 706 erittibiDominusin
3046 651 3268 710 luce.P.
3306 659 3367 713 In
3391 664 3699 728 aeternum,

2645 738 2714 794 In
2781 740 3109 800 Laudibus.

2126 821 2505 893 Antiphona.
2536 826 2746 882 Averte
2773 827 2993 885 faciem
3012 835 3226 890 tuama
3251 836 3510 906 peccatis
3535 838 3704 895 meis:

2058 913 2114 966 et
2146 925 2357 967 omnes
2385 913 2728 985 iniquitates
2757 930 2924 972 meas
2946 917 3096 976 dele.
3129 921 3409 980 Psalmus
3428 942 3479 983 ι.

2132 998 2359 1056 Oratio.
2393 1004 2598 1057 Averte
2628 1002 2844 1059 faciem
2876 1010 3061 1062 tuam.
3099 1008 3350 1079 Require
3372 1014 3590 1081 fot.68.

2128 1085 2226 1140 Ad
2258 1085 2600 1144 Canticum.
2630 1090 2992 1159 Antiphona.
3039 1096 3167 1150 Non
3215 1100 3302 1151 est
3361 1101 3515 1154 Deus
3558 1100 3710 1157 sicut

2058 1172 2263 1240 homo,
2305 1179 2370 1230 ut
2395 1175 2753 1232 mentiatur:
2784 1193 2892 1234 nec
2924 1185 2989 1236 ut
3022 1179 3178 1237 ﬁlius
3205 1181 3485 1256 hominis,
3507 1190 3572 1242 ut
3593 1187 3705 1243 im-

2059 1265 2340 1316 mutetur.

2395 1349 2706 1407 Canticum
2757 1353 3011 1410 Numeri
3032 1356 3209 1426 (Cap.
3237 1365 3421 1428 xxm).

2130 1441 2210 1494 De
2239 1447 2417 1495 Aram
2444 1439 2697 1496 adduxit
2724 1457 2820 1497 me
2853 1444 3024 1500 Balac
3054 1461 3157 1501 rex
3187 1447 3596 1521 Moabitarum,
3635 1451 3709 1507 de

2059 1528 2364 1584 montibus
2391 1528 2642 1584 Orientis
2677 1547 2689 1585 :
2724 1531 2880 1599 veni,
2909 1533 3119 1605 inquit,
3144 1539 3200 1591 et
3219 1536 3476 1594 maledic
3497 1537 3705 1596 Jacob:

2060 1615 2080 1636 ⁶
2096 1620 2435 1688 propera,et
2463 1616 2758 1674 detestare
2778 1621 3305 1687 Israel.Quomodo
3325 1625 3705 1692 maledicam,

284 1705 1233 1763 tre.Lauda.AIleluia.Laetabitur
1255 1706 1724 1764 deserta.0mnia
1771 1722 1952 1779 supra
1986 1724 2033 1780 Β
2061 1704 2156 1760 cui
2186 1719 2308 1760 non
2334 1704 2640 1761 maledixit
2671 1709 2821 1762 Deus
2849 1709 2871 1762 Ρ

287 1796 457 1852 dicta
483 1795 725 1866 require
752 1795 862 1864 fol.
890 1798 980 1863 69,
1005 1794 1094 1849 70.
1126 1794 1355 1851 Oratio.
1411 1797 1679 1868 Domine,
1734 1795 1954 1853 exaudi

289 1884 628 1942 orationem
645 1886 941 1940 nostram.
971 1884 1225 1955 Require
1246 1885 1308 1940 in
1330 1885 1441 1941 isto
1497 1886 1664 1954 folio.

899 1987 953 2027 1N
985 1987 1225 2028 SECUNDO
1266 1989 1354 2028 DIE

868 2061 954 2115 Ad
1001 2061 1392 2119 Matutinum.

358 2150 737 2220 Antiphona.
763 2151 845 2204 Tu
879 2154 1081 2205 autem
1107 2150 1360 2206 Domine
1409 2151 1722 2222 susceptor
1778 2164 1952 2206 meus

287 2239 571 2312 es,gloria
593 2243 815 2306 mea,et
843 2237 1108 2294 exaltans
1121 2243 1302 2311 caput
1320 2255 1545 2297 meum.
1569 2242 1834 2297 Psalmus
1868 2254 1947 2296 ιιι.

364 2327 597 2384 Oratio.
623 2326 905 2393 Quamvis
932 2327 1202 2383 Domine.
1237 2328 1566 2397 Quaere/'01.
1599 2329 1684 2385 68.

360 2416 698 2488 Antiphona
733 2421 781 2470 t.
814 2417 1060 2484 Magnus
1091 2416 1401 2486 Dominus,
1428 2420 1486 2473 et
1503 2416 1825 2474 laudabilis
1863 2417 1950 2473 ni-

288 2506 427 2562 mis.
454 2505 716 2561 Psatmus
731 2546 743 2558 .
789 2519 963 2560 XLVI].

2135 1794 2266 1857 Qua
2292 1792 2527 1849 ratione
2557 1793 2829 1862 detester,
2873 1797 2890 1814 '
2913 1812 3101 1869 quem
3131 1801 3282 1856 Deus
3311 1815 3434 1858 non
3457 1802 3712 1860 detesta-

2062 1884 2154 1936 tur
2180 1882 2209 1936 ?

2133 1972 2213 2025 De
2234 1971 2487 2027 summis
2524 1971 2790 2029 silicibus
2808 1972 3027 2031 videbo
3051 1990 3208 2040 eum,
3234 1980 3252 2001 ‘
3279 1982 3336 2035 et
3355 1977 3429 2035 de
3459 1979 3710 2038 collibus

2063 2058 2460 2116 considerabo
2489 2061 2678 2117 illum.

2131 2148 2393 2220 Populus
2423 2149 2585 2206 solus
2639 2150 2948 2218 habitabit,
3013 2157 3070 2210 et
3122 2153 3274 2211 inter
3320 2160 3524 2227 gentes
3589 2173 3712 2215 non

2057 2236 2451 2308 reputabitur.

2131 2324 2274 2390 Quis
2294 2324 2674 2382 dinumerare
2687 2328 2876 2400 possit
2893 2329 3198 2401 pulverem
3219 2332 3448 2400 Jacob,‘
3467 2336 3713 2392 etnosse

2056 2427 2378 2470 numerum
2401 2415 2597 2487 stirpis
2619 2416 2796 2473 israel
2823 2418 2851 2473 ?

2131 2502 2408 2558 Moriatur
2434 2504 2640 2560 anima
2698 2520 2834 2562 mea
2885 2511 3073 2564 morte
3123 2509 3446 2580 justorum,
3471 2514 3491 2535 ⁶
3515 2514 3571 2568 et
3595 2512 3711 2583 '76

363 2594 811 2662 0ratio.Magne
829 2592 1076 2648 Domine
1101 2591 1396 2666 valdeque
1421 2593 1952 2664 laudabilis,dilata
2060 2588 2208 2644 ﬁant
2235 2590 2566 2647 novissima
2585 2607 2721 2647 mea
2747 2593 2963 2648 horum
2995 2595 3228 2650 similia.

292 2685 353 2739 in
384 2697 599 2739 omnes
621 2680 804 2738 ﬁdem
832 2681 1102 2737 Ecclesia;
1127 2685 1334 2740 tuae:ut
1363 2682 1425 2738 in
1464 2683 1635 2754 cujus
1665 2683 1952 2753 gradibus

291 2774 447 2828 Deus
467 2769 903 2842 agnosceris;in
934 2786 1005 2826 ea
1033 2770 1212 2827 etiam
1242 2770 1421 2841 plena
1455 2771 1724 2827 ﬁdelium
1776 2771 1952 2828 devo-

294 2861 452 2916 tione
480 2858 744 2915 lauderis
776 2877 792 2913 :
819 2859 1070 2930 ejusque
1104 2873 1310 2930 preces
1335 2859 1630 2932 propitius
1672 2860 1908 2933 suscipe
1935 2879 1950 2928 ;

292 2954 350 3005 et
376 2948 525 3005 inter
558 2948 760 3004 saeculi
789 2947 1084 3019 procellas
1116 2947 1395 3004 sollicitos
1431 2947 1800 3019 gubernator
1825 2965 1954 3005 cus-

2135 2677 2232 2732 Sta
2260 2677 2434 2733 Balac
2466 2683 2522 2733 et
2550 2679 2842 2744 ausculta,
2874 2682 2893 2701 '
2932 2681 3076 2736 audi
3101 2681 3182 2736 ﬁli
3212 2685 3466 2753 Sepnor:

2132 2767 2260 2820 Non
2289 2768 2375 2820 est
2405 2768 2557 2821 Deus
2589 2766 2740 2821 sicut
2762 2766 2967 2833 homo,
3005 2772 3067 2824 ut
3093 2769 3446 2826 mentiatur:
3471 2774 3607 2827 'nec
3653 2777 3716 2829 ut

2060 2851 2218 2908 ﬁlius
2242 2852 2524 2916 hominis,
2553 2858 2616 2909 ut
2652 2853 3018 2910 immutetur.

2133 2941 2283 2997 Dixit
2311 2956 2474 3011 ergo,
2505 2946 2561 2998 et
2589 2956 2710 2998 non
2757 2941 2930 2999 faciet
2959 2943 2988 2997 ?
3009 2944 3028 2965 "
3059 2942 3292 3001 locutus
3332 2949 3441 3013 est,
3479 2950 3535 3003 et
3593 2963 3710 3005 non

295 3036 415 3126 lodi
442 3040 558 3126 :Aut
585 3037 1096 3108 civitatem,quam
1128 3036 1392 3094 fundasti
1418 3037 1478 3093 in
1505 3038 1747 3108 saecula,
1780 3039 1953 3094 mise-
1986 3068 2030 3126 α
2064 3030 2457 3126 adimplebit‘t

290 3124 550 3180 ricordia
575 3127 677 3180 tua
708 3125 1091 3192 introeuntes,
1118 3125 1519 3198 suscipiamur
1543 3126 1604 3181 in
1667 3126 1789 3195 illa,
1823 3142 1955 3184 nar-

289 3217 492 3270 rantes
518 3212 580 3268 in
612 3213 872 3268 turribus
896 3213 1197 3270 mirabilia
1223 3219 1343 3270 tua.
1382 3225 1444 3284 [31.
1485 3216 1694 3270 Amen.

365 3301 476 3356 Per
506 3301 987 3357 misericordiam
1014 3306 1203 3368 tuam,
1235 3307 1345 3358 etc.

364 3388 722 3458 Antiphona
739 3391 796 3444 2.
826 3392 1115 3446 Memento
1146 3390 1651 3459 congregationis,
1682 3390 1954 3460 Domine,

299 3491 487 3549 quam
519 3478 734 3533 creasti
756 3477 835 3533 ab
863 3478 1046 3534 initio.
1076 3479 1342 3534 Psalmus
1377 3494 1566 3534 Lxxin.

369 3568 595 3625 Oratio.
635 3567 928 3623 Memento
981 3567 1230 3624 Domine
1283 3567 1765 3638 congregationis
1822 3572 1950 3632 tuae,

304 3668 483 3726 quam
509 3655 591 3711 ab
620 3654 790 3712 initio
822 3656 1056 3724 creasti,
1119 3671 1430 3728 quamque
1480 3656 1831 3714 mirabiliter
1889 3673 1960 3714 ac

307 3743 764 3800 misericorditer
783 3743 868 3800 tui
897 3743 1208 3815 sanguinis
1249 3745 1440 3817 pretio
1488 3745 1791 3803 redemisti
1820 3765 1832 3815 ;
1857 3747 1959 3819 qui

301 3831 460 3889 hanc
493 3833 693 3906 ipsam
722 3832 784 3888 in
829 3833 1278 3904 possessionem
1325 3837 1492 3890 tuam
1547 3833 1622 3890 de
1679 3834 1961 3891 Gentibus

301 3921 774 3992 elegisti.Libera
799 3938 942 3995 ergo
967 3923 1199 3994 virgam
1213 3922 1561 3979 hereditatis
1593 3926 1708 3979 tuae
1733 3940 1769 3982 a
1827 3941 1962 3997 sup-

302 4010 656 4083 plantatoris
679 4011 1038 4071 incursibus:
1070 4027 1140 4068 ac
1167 4012 1251 4068 sic
1269 4027 1403 4068 eam
1419 4026 1556 4081 rege
1575 4011 1962 4083 justiﬁcando

305 4098 590 4170 praesenti
614 4098 674 4154 in
704 4099 947 4168 saeculo,
979 4105 1045 4155 ut
1066 4100 1267 4172 ipsam
1295 4099 1602 4155 haereditet
1646 4100 1707 4156 in
1745 4101 1966 4158 saeculo

310 4191 456 4258 post
476 4185 705 4246 futuro:
737 4194 942 4260 etquae
973 4204 1229 4260 regnum
1252 4194 1422 4245 tuum
1443 4188 1724 4245 advenire
1761 4191 1967 4248 divina

308 4274 624 4331 traditione
651 4277 964 4336 exoratzad
993 4277 1153 4334 idem
1181 4292 1437 4348 regnum
1464 4277 1695 4334 indulto
1725 4279 1962 4352 piaculo

306 4362 672 4421 hereditaria
712 4366 1090 4422 successione
1114 4367 1513 4440 perveniatﬁl.
1542 4367 1752 4424 Amen.

379 4452 492 4509 Per
518 4454 994 4513 misericordiam
1015 4460 1204 4524 tuam,
1254 4461 1364 4515 etc.

381 4541 738 4612 Antiphona
766 4543 1274 4602 3.01amornoster
1301 4544 1379 4601 ad
1405 4548 1458 4600 te
1481 4545 1871 4617 perveniat;et
1894 4561 1967 4603 ne

309 4633 548 4687 avertas
575 4629 792 4688 faciem
813 4635 976 4690 tuam
1005 4649 1041 4690 a
1073 4648 1191 4690 me.
1223 4633 1486 4689 Psalmus
1526 4649 1599 4688 οι.

383 4719 609 4775 Oratio.
645 4719 914 4789 Domine,
945 4721 1164 4778 exaudi
1194 4722 1528 4778 orationem
1573 4726 1839 4779 nostram
1873 4740 1886 4789 ;
1915 4727 1971 4781 et

306 4805 540 4865 clamor
564 4813 769 4866 noster
798 4809 877 4866 ad
908 4815 961 4867 te
1014 4816 1246 4867 remoto
1295 4810 1726 4882 impedimento
1767 4827 1970 4883 perve-

303 4897 849 4970 niatzquocumque
879 4903 1081 4956 autem
1111 4899 1206 4955 die
1231 4903 1283 4954 te
1307 4899 1970 4967 invocamus,velociter

308 4983 406 5040 tibi
437 4991 646 5043 nostra
672 4992 937 5058 patescat
956 4989 1282 5045 oratio:nec
1303 4991 1536 5044 avertas
1561 4988 1774 5046 faciem
1800 4995 1969 5047 tuam

307 5089 342 5131 a
368 5077 738 5146 gemitibus;
771 5093 880 5133 nec
923 5077 1422 5150 gubernationem
1466 5082 1631 5134 tuam
1658 5094 1694 5134 a
1752 5079 1969 5135 nostris

307 5164 591 5222 cohibens
614 5165 977 5224 moribuszut
1002 5165 1374 5238 gratulemur
1398 5165 1653 5239 adipisci
1710 5167 1970 5239 postula-

311 5253 537 5320 ta;dum
549 5254 630 5312 ad
656 5259 714 5311 te
739 5258 948 5312 nostra
961 5256 1340 5328 pervenerint
1365 5254 1968 5316 desideriaJYatmen.

380 5341 488 5398 Per
506 5342 986 5401 misericordiam
1021 5349 1208 5409 tuam,
1241 5349 1350 5400 etc.

383 5442 444 5494 ἢ.
477 5431 851 5490 Hierusalem
877 5433 981 5490 erit
1010 5431 1114 5489 tibi
1141 5433 1428 5490 Dominus
1491 5431 1596 5490 lux
1637 5438 1877 5501 aeterna,
1918 5440 1976 5494 et

317 5518 471 5579 Deus
501 5522 704 5581 honor
730 5525 868 5580 tuus
900 5536 1023 5582 non
1042 5521 1204 5580 enim
1228 5521 1292 5581 in
1310 5521 1426 5581 hoc
1453 5537 1602 5581 casu
1630 5523 1739 5581 tibi
1756 5524 1975 5596 veniet,

2135 3119 2224 3175 Ad
2267 3119 2746 3176 benedicendum
2793 3120 3089 3178 adductus
3139 3139 3296 3188 sum,
3329 3124 3719 3184 ‘benedictio-

2065 3223 2202 3265 nem
2223 3209 2537 3281 prohibere
2557 3224 2680 3264 non
2713 3209 2902 3266 valeo.

2136 3301 2264 3354 Non
2296 3302 2385 3354 est
2412 3298 2641 3355 idolum
2662 3298 2724 3354 in
2748 3298 2953 3364 Iacob,
2981 3302 3001 3322 "
3023 3314 3132 3355 nec
3176 3300 3407 3355 videtur
3475 3302 3717 3358 simula-

2065 3402 2234 3444 crum
2274 3388 2335 3442 in
2361 3387 2563 3444 Israel.

2138 3477 2424 3534 Dominus
2458 3479 2610 3532 Deus
2640 3477 2769 3546 ejus
2787 3489 2926 3531 cum
2955 3488 3025 3530 eo
3050 3475 3180 3540 est,'
3205 3478 3261 3531 et
3280 3475 3526 3547 clangor
3540 3477 3720 3535 victo-

2065 3565 2168 3622 riae
2196 3565 2353 3635 regis
2393 3564 2454 3620 in
2481 3563 2602 3620 illo.

2137 3653 2292 3709 Deus
2319 3653 2522 3709 eduxit
2551 3667 2689 3707 eum
2710 3651 2784 3708 de
2813 3650 3122 3724 Egypto,‘
3143 3651 3314 3724 cujus
3335 3652 3613 3711 fortitudo
3644 3655 3721 3711 si-

2069 3741 2225 3799 milis
2259 3745 2345 3798 est
2365 3741 2739 3797 rhinoceroti.

2141 3834 2270 3887 Non
2300 3834 2391 3887 est
2464 3827 2784 3901 augurium
2816 3828 2877 3884 in
2901 3826 3107 3899 Iacob,
3148 3830 3168 3851 '
3208 3844 3316 3887 nec
3337 3829 3623 3889 divinatio
3661 3832 3723 3888 in

2070 3918 2270 3977 Israel.

2141 4005 2536 4079 Temporibus
2565 4005 2690 4062 suis
2734 4005 2964 4063 dicetur
2991 4006 3176 4064 Iacob
3239 4011 3295 4064 et
3345 4007 3727 4080 lsrael'quid

2073 4101 2357 4174 operatus
2388 4099 2480 4152 est
2519 4095 2696 4152 Deus.

2146 4185 2410 4260 Populus
2459 4198 2592 4240 ecce
2638 4187 2702 4240 ut
2744 4183 2932 4240 lea’na
2989 4184 3311 4255 consurgit,
3354 4187 3454 4240 ‘et
3476 4183 3570 4240 leo
3615 4183 3730 4239 eri-

2077 4277 2253 4349 gitur.

2149 4369 2275 4422 Non
2298 4362 2635 4427 accubabit,
2669 4361 2862 4418 donec
2888 4361 3130 4418 devoret
3151 4361 3465 4434 praedam,‘
3490 4366 3546 4418 et
3576 4358 3731 4417 occi-

2081 4470 2287 4512 sorum
2325 4453 2684 4524 sanguinem
2711 4450 2899 4507 bibat.

2151 4543 2376 4601 Oratio.
2403 4545 2486 4599 Tu
2508 4558 2589 4608 cs,
2630 4540 2898 4607 Domine,
2953 4538 3120 4596 stella
3157 4539 3418 4597 veritatis
3444 4538 3640 4594 oriens
3665 4551 3733 4592 ex

2078 4633 2281 4700 Jacob,
2310 4631 2614 4704 homoque
2632 4643 3001 4698 consurgens
3027 4644 3099 4684 ex
3121 4629 3294 4685 Israel
3324 4644 3336 4683 :
3361 4636 3416 4683 et
3463 4642 3618 4682 novo
3659 4625 3732 4681 si-

2079 4723 2220 4779 dere
2242 4720 2573 4778 ostenderis
2599 4721 2774 4790 Deus,
2804 4723 2860 4774 et
2875 4717 3166 4790 praesepio
3216 4717 3443 4790 positus
3497 4718 3650 4771 Deus
3680 4718 3738 4772 et

2078 4812 2449 4877 homo,unus
2472 4807 2729 4864 crederis
2750 4807 3284 4878 ChristuszPropter
3295 4820 3584 4875 magnam
3597 4821 3737 4877 ergo

2077 4898 2544 4957 misericordiam
2579 4901 2768 4967 tuam,
2798 4895 3180 4952 visionistuaa
3220 4895 3438 4951 horum
3480 4909 3739 4969 proroga

2078 4989 2376 5060 gratiam:
2414 4991 2478 5043 ut
2507 4989 2797 5059 appareat
2825 4984 2883 5040 in
2908 4999 3020 5040 nos
3069 4984 3217 5040 lucis
3271 4989 3387 5041 tuae
3448 4982 3736 5042 radiabile

2078 5079 2339 5148 signum,
2372 5074 2539 5148 quod
2570 5073 2825 5147 expellat
2855 5089 3065 5129 omnes
3096 5073 3375 5132 tenebras
3412 5075 3688 5130 vitiorum
3721 5082 3733 5120 :

2080 5171 2133 5222 et
2162 5166 2266 5238 qui
2295 5163 2540 5220 visionis
2592 5168 2705 5219 tuae
2743 5162 3038 5219 desiderio
3089 5164 3446 5220 anhelamus
3497 5153 3737 5212 visionis

2080 5259 2193 5311 tuae
2227 5252 2478 5326 praemio
2507 5251 2909 5309 consolemur.
2942 5264 3003 5323 ἢ.
3037 5255 3249 5308 Amen.

2151 5346 2258 5400 Per
2287 5341 2766 5400 misericordiam
2790 5348 2955 5399 tuam
2996 5345 3149 5397 Deus
3180 5341 3399 5394 noster.

2152 5432 2613 5490 Matutinarium
2659 5431 3020 5502 Antiphona.
3072 5430 3194 5482 Lux
3252 5434 3483 5477 aurorae
3515 5417 3739 5476 oriente

2085 5523 2214 5582 sole
2243 5537 2426 5582 mane
2443 5525 2505 5580 P.
2530 5522 2776 5594 Absque
2792 5517 3055 5576 nubibus
3090 5510 3309 5570 rutilat.
3341 5509 3402 5570 ῒ.
3455 5510 3610 5567 Deus
3633 5508 3742 5566 mi-
