4118 6184
233 246 336 302 165

1127 242 1196 297 ΙΝ
1237 243 1558 302 SECUNDO
1598 246 1716 302 DIE
1755 237 2200 308 JEJUNIORUM
2242 249 2403 311 ΚΑΒ.
2442 256 2750 316 JANUAR.

3544 271 3648 330 166

227 384 346 425 non
369 365 698 439 acceperit:
724 363 803 421 ab
812 363 1122 458 iniquitate
1138 368 1696 458 averteritanimam
1714 386 1887 428 suam
1916 371 1964 427 Α
1994 373 2255 433 Verbum
2303 379 2430 450 ejus
2459 384 2745 453 processit
2773 382 2835 439 in
2858 382 3008 441 ﬁnes
3036 385 3225 458 terrae,
3255 389 3527 451 clamate.
3576 395 3643 450 P.

219 456 523 528 judicium
562 469 779 510 verum
804 452 1006 508 fecerit
1045 452 1196 509 inter
1246 454 1442 512 virum
1474 462 1529 514 et
1557 459 1792 524 virum;
1825 460 1886 515 in

225 543 542 618 praeceptis
576 542 725 598 meis
753 540 1170 609 ambulaverit,
1206 547 1262 599 et
1280 543 1506 613 judicia
1530 562 1666 603 mea
1691 553 1885 604 custo-

227 631 420 699 dierit,
444 636 510 687 ut
534 631 715 688 faciat
733 629 1044 685 veritatem
1068 646 1080 684 :
1103 629 1201 685 hic
1221 632 1418 701 justus
1437 639 1544 704 est,
1576 640 1633 691 et
1655 636 1774 692 vita
1793 636 1885 691 vi-

225 725 324 778 vet
353 727 409 776 et
437 736 558 776 non
587 719 897 785 morietur,
932 717 1014 775 ait
1047 719 1334 776 Dominus
1365 723 1772 795 Omnipotens.
1808 737 1876 796 Βί.

231 812 444 866 Amen.

306 899 616 970 chuentia
638 897 928 966 Epistolas
945 895 1123 953 Pauli
1152 896 1420 967 Apostoli
1455 899 1529 957 ad
1557 900 1885 959 Corinthios

744 986 958 1057 prima)
979 985 1148 1056 (Cap.
1177 988 1296 1057 VIII)

301 1075 550 1141 Fratres,
570 1074 768 1145 cogito
800 1072 966 1146 quod
993 1088 1104 1143 ego
1136 1074 1411 1146 spiritum
1438 1077 1539 1133 Dei
1565 1078 1779 1135 habeo.
1804 1082 1885 1136 De

222 1163 318 1221 his
351 1169 717 1236 autem,quae
738 1162 912 1218 idolis
926 1163 1582 1230 sacriﬁcantur,scimus
1595 1167 1884 1238 quoniam

223 1269 442 1310 omnes
481 1252 834 1324 sapientiam
868 1250 1186 1307 habemus.
1207 1252 1666 1320 Scientiatinﬂa,
1701 1257 1882 1312 chari-

225 1346 324 1398 tas
352 1341 766 1397 veromdiﬁcat.
809 1339 864 1396 Si
887 1339 1022 1412 quis
1052 1355 1112 1395 se
1135 1339 1431 1398 existimat
1452 1343 1602 1398 scire
1632 1343 1881 1416 aliquid,

225 1429 504 1486 nondum
520 1429 794 1499 cognovit
809 1427 1327 1500 quemadmodum
1341 1435 1609 1502 oporteat
1624 1447 1763 1487 eum
1780 1433 1886 1488 sci-

219 1535 304 1575 re.
335 1519 391 1574 Si
415 1518 550 1591 quis
571 1517 763 1590 diligit
795 1519 1003 1581 Deum,
1031 1517 1126 1572 hic
1157 1518 1430 1587 cognitus
1461 1525 1549 1575 est
1577 1520 1654 1576 ab
1680 1536 1773 1578 eo.
1802 1523 1883 1578 De

223 1608 375 1662 escis
395 1612 618 1672 autem,
662 1621 795 1679 quae
812 1606 984 1662 idolis
1022 1606 1428 1673 immolantur,
1482 1609 1707 1665 scimus
1737 1610 1884 1682 quia

1996 462 2106 518 Per
2133 466 2394 523 civitates
2420 471 2576 528 Juda
2616 487 2750 529 ecce
2783 472 3054 530 Salvator
3079 476 3320 536 advenit
3350 481 3411 536 in
3442 489 3644 542 monte

1996 552 2151 607 Sion.
2186 554 2244 614 ἲν.
2283 558 2546 615 Exultate
2575 561 2637 616 in
2682 561 2885 618 laetitia
2916 565 3117 632 Jacob,
3184 571 3239 622 et
3269 569 3408 627 inite
3438 577 3646 630 contra

1993 645 2171 711 caput
2201 643 2475 702 Gentium
2525 655 2859 719 personate,
2901 651 3091 709 canite
3123 657 3177 710 et
3207 655 3404 714 dicite.
3438 659 3499 716 P.
3535 661 3645 719 Per

1992 727 2278 796 civitates,
2319 737 2430 790 etc.
2462 735 2524 796 ἲν.
2561 735 2776 806 Gloria,
2806 744 2914 796 etc.
2943 743 3001 798 P.
3027 742 3136 798 Per
3152 743 3438 804 civitates.

2053 815 2276 876 Preces.
2333 822 2674 882 Clamamus
2724 827 2802 885 ad
2850 831 2905 884 te
2960 830 3228 899 Domine,
3269 835 3333 890 tu
3363 833 3645 893 miserere

1991 906 2189 962 nobis.
2222 909 2289 964 P.
2331 913 2395 968 Et
2426 913 2586 971 dona
2618 915 3075 987 indulgentiam.
3108 919 3171 983 Ἡ.
3207 923 3328 978 Rex
3357 923 3645 982 altissime

1991 997 2047 1050 et
2070 998 2346 1067 perennis
2395 1003 2663 1071 Domine,
2709 1021 2971 1078 precem,
3025 1024 3210 1081 quam
3256 1012 3641 1081 effundimus,

1991 1083 2214 1156 accipe.
2263 1087 2324 1140 P.
2382 1091 2443 1145 Et
2473 1091 2653 1148 dona.
2687 1092 2732 1152 ἲν
2770 1095 2979 1165 ίΕειοοε
3034 1097 3208 1155 visita
3264 1103 3320 1155 et
3376 1103 3645 1173 captivos

1990 1187 2224 1241 revoca,
2259 1175 2513 1248 pupillos
2544 1185 2599 1236 et
2654 1180 2870 1239 viduas
2897 1183 3139 1254 adjuva.
3172 1185 3239 1240 P.
3286 1189 3351 1242 Et
3380 1185 3554 1246 dona.
3579 1190 3642 1250 ἲν.

1990 1262 2108 1315 Nos
2139 1265 2508 1333 peccavimus
2540 1270 2595 1323 et
2624 1284 2660 1325 a
2695 1272 2747 1325 te
2777 1271 3145 1340 recessimus,
3194 1275 3258 1329 tu
3290 1274 3645 1349 Redemptor

1990 1350 2262 1407 omnium
2293 1353 2457 1409 salva
2492 1369 2621 1411 nos.
2653 1357 2725 1414 P.
2758 1361 2824 1414 Et
2873 1358 3053 1417 dona.
3087 1359 3154 1421 ir.
3207 1362 3642 1422 Pmnitentibus

1989 1436 2278 1508 miserere,
2335 1442 2592 1509 Domine,
2650 1449 2706 1502 et
2730 1449 2958 1518 peccati
2989 1449 3249 1508 maculas
3302 1451 3505 1509 ablue.
3578 1455 3642 1510 P.

1990 1523 2058 1579 Et
2090 1525 2267 1583 dona.

2064 1613 2288 1671 Oratio.
2331 1617 2578 1675 Laumus
2605 1623 2678 1688 te,
2715 1624 2971 1691 Domine,
3010 1625 3154 1698 quia
3189 1627 3509 1699 benignus,
3574 1645 3647 1688 ac

219 1695 370 1750 nihil
399 1700 488 1751 est
504 1694 739 1750 idolum
757 1695 820 1749 in
840 1695 1160 1782 mundo,et
1178 1695 1344 1768 quod
1357 1695 1555 1752 nullus
1572 1699 1746 1763 Deus,
1768 1699 1882 1754 nisi
1909 1714 1956 1771 Β
1993 1704 2191 1757 suavis
2207 1720 2268 1759 es
2295 1722 2312 1758 :
2344 1711 2565 1776 praesta
2592 1709 2814 1782 itaque,
2848 1718 2912 1769 ut
2932 1694 3068 1770 dum
3093 1717 3154 1770 in
3172 1720 3274 1772 tua
3297 1694 3644 1776 laudatione

217 1800 399 1839 unus.
434 1787 584 1839 Nam
607 1783 716 1838 etsi
743 1787 879 1838 sunt
901 1781 1005 1855 qui
1027 1781 1306 1839 dicuntur
1327 1784 1426 1850 dii,
1463 1784 1585 1841 sive
1615 1786 1676 1841 in
1707 1786 1875 1854 coelo,

219 1872 343 1927 sive
383 1874 444 1926 in
474 1876 632 1928 terra
674 1871 1002 1943 (siquidem
1037 1876 1177 1927 sunt
1207 1872 1306 1943 dii,
1340 1872 1528 1940 multi,
1558 1878 1614 1929 et
1651 1874 1880 1930 domini

214 1960 417 2031 multi)
447 1977 456 2014 :
491 1959 675 2016 Nobis
700 1965 905 2016 autem
932 1975 1089 2015 unus
1112 1963 1481 2029 Deus,Pater,
1511 1977 1582 2017 ex
1611 1979 1733 2036 quo
1759 1980 1884 2020 om-

213 2050 324 2105 nia
348 2053 403 2104 et
429 2065 540 2104 nos
563 2048 865 2105 illuminat
897 2064 1050 2104 unus
1084 2051 1371 2104 Dominus
1399 2052 1570 2106 Jesus
1599 2052 1880 2124 Christus,

213 2154 328 2210 per
349 2154 533 2210 quem
560 2137 785 2202 omnia,
812 2141 867 2194 et
884 2153 992 2194 nos
1016 2154 1122 2210 per
1141 2137 1359 2210 ipsum.
1383 2139 1497 2194 Sed
1520 2155 1641 2195 non
1674 2141 1735 2195 in
1760 2157 1881 2197 om-

216 2227 402 2282 nibus
424 2230 511 2282 est
549 2227 816 2283 scientia.
845 2225 1097 2289 Quidam
1124 2232 1322 2283 autem
1355 2244 1494 2283 cum
1530 2229 1772 2286 scientia
1795 2248 1882 2285 us-

217 2331 341 2387 que
380 2330 544 2370 nunc
595 2313 756 2381 idoli,
807 2311 980 2386 quasi
1028 2314 1430 2387 idolothytum
1466 2315 1880 2374 manducant:

221 2407 279 2459 et
309 2403 680 2459 conscientia
707 2403 978 2475 ipsorum
1011 2419 1147 2459 cum
1174 2404 1245 2460 sit
1275 2404 1531 2470 infirma,
1563 2405 1870 2477 polluitur.

217 2493 373 2548 Esca
393 2498 598 2548 autem
620 2508 732 2548 nos
756 2508 880 2548 non
905 2493 1290 2550 commendat
1321 2495 1458 2550 Deo.
1497 2498 1697 2566 Neque
1718 2495 1880 2552 enim

221 2583 273 2638 si
289 2598 413 2638 non
428 2581 1019 2649 manducaverimus,
1036 2581 1383 2639 deﬁciamus
1403 2603 1419 2637 :
1435 2599 1629 2656 neque
1645 2583 1692 2639 si
1711 2601 1880 2641 man-

217 2672 667 2740 ducaverimns,
687 2670 1158 2727 abundabimus.
1184 2669 1388 2727 Videte
1410 2677 1613 2729 autem
1629 2689 1703 2728 ne
1733 2673 1879 2730 forte

219 2761 346 2816 hac
372 2760 614 2817 licentia
643 2763 838 2817 vestra
868 2758 1294 2816 offendiculum
1319 2761 1424 2817 ﬁat
1478 2761 1756 2818 infirmis.
1820 2761 1879 2818 Si

222 2855 423 2907 autem
452 2851 590 2922 quis
647 2848 860 2904 viderit
904 2865 1062 2916 eum,
1108 2849 1212 2922 qui
1241 2849 1424 2905 habet
1467 2850 1795 2915 scientiam,
1818 2850 1879 2904 in

222 2937 404 2994 idolio
431 2937 885 2994 recumbentem
917 2958 934 2992 :
961 2954 1160 2994 nonne
1192 2938 1554 2994 conscientia
1583 2939 1710 3009 ejus
1741 2955 1879 2994 cum

227 3028 302 3082 sit
315 3027 568 3090 inﬁrma,
587 3027 916 3084 aedificatur
926 3027 1004 3083 ad
1016 3027 1511 3084 manducandum
1523 3027 1881 3100 idolothyta?

229 3117 296 3170 Et
319 3116 529 3187 peribit
571 3116 847 3171 inﬁrmus
876 3117 936 3171 in
958 3121 1062 3172 tua
1084 3117 1332 3173 scientia
1355 3116 1553 3180 frater,
1578 3133 1684 3189 per
1699 3133 1882 3189 quem

232 3204 494 3260 Christus
517 3209 793 3260 mortuus
837 3206 958 3262 est?
980 3205 1070 3261 Sic
1102 3209 1304 3261 autem
1331 3210 1645 3278 peccantes
1671 3207 1732 3261 in
1763 3206 1882 3276 78

230 3292 464 3360 fratres,
508 3298 561 3349 et
606 3293 999 3365 percutientes
1030 3295 1455 3350 conscientiam
1503 3311 1700 3352 eorum
1727 3295 1884 3351 inﬁr-

229 3399 415 3446 mam,
441 3382 507 3437 in
538 3382 766 3439 Christo
791 3382 1074 3455 peccatis.
1097 3385 1470 3456 Quapropter
1487 3384 1534 3439 si
1559 3399 1697 3440 esca
1718 3398 1886 3440 scan-

224 3471 435 3528 dalizat
453 3471 698 3528 fratrem
719 3487 915 3528 meum
939 3491 956 3527 z
978 3487 1102 3528 non
1136 3472 1520 3529 manducabo
1548 3488 1790 3529 carnem
1822 3473 1885 3529 in

228 3566 539 3627 aeternum,
564 3576 639 3616 ne
660 3561 904 3617 fratrem
933 3560 1354 3618 scandalizem.
1381 3564 1510 3617 Non
1535 3578 1668 3617 sum
1699 3562 1884 3618 liber?

231 3652 356 3705 Non
381 3666 518 3706 sum
533 3650 856 3722 Apostolus
874 3652 905 3705 ’ἲ
926 3653 1131 3706 Nonne
1153 3649 1447 3707 Christum
1465 3653 1492 3705 ,Ι
1499 3667 1671 3707 esum
1689 3651 1886 3710 Domi-

231 3753 378 3793 num
409 3744 688 3795 nostrum
710 3739 833 3795 vidi
858 3740 884 3792 ‘I
910 3742 1116 3796 Nonne
1135 3755 1288 3812 opus
1304 3756 1509 3796 meum
1529 3756 1639 3798 vos
1659 3741 1800 3796 estis
1825 3740 1886 3796 in

237 3827 489 3883 Domino
517 3828 544 3883 ‘?
567 3830 633 3884 Et
660 3827 708 3883 si
729 3826 860 3884 aliis
880 3844 1001 3885 non
1024 3845 1159 3884 sum
1188 3829 1531 3901 Apostolus,
1563 3831 1668 3887 sed
1698 3834 1888 3886 tamen

232 3915 398 3972 vobis
434 3933 572 3973 sum
605 3938 622 3972 :
653 3932 796 3974 nam
830 3917 1207 3988 signaculum
1236 3917 1616 3990 Apostolatus
1644 3919 1764 3974 mei
1785 3933 1888 3976 vos

239 4005 375 4061 estis
399 4004 462 4061 in
483 4006 766 4062 Domino.
804 4018 868 4077 Βί.
902 4008 1115 4062 Amen.

305 4094 653 4165 Antiphona
685 4093 905 4151 LIdola
928 4095 1201 4151 Gentium
1228 4095 1359 4167 jam
1380 4097 1678 4152 nouerunt
1696 4111 1730 4152 a
1747 4095 1892 4153 facie

245 4183 484 4238 timoris
522 4183 768 4248 Domini,
805 4189 861 4240 et
891 4201 928 4240 a
956 4185 1266 4256 majestate
1296 4184 1530 4242 virtutis
1560 4185 1710 4256 ejus,
1739 4201 1894 4258 quo-

244 4270 415 4327 niam
447 4273 617 4328 venit.
649 4275 914 4330 Psalmus
935 4289 1092 4332 CXIII.

318 4361 546 4417 Oratio.
577 4361 845 4429 Domine,
873 4363 977 4436 qui
1006 4379 1246 4419 sursum
1269 4363 1332 4419 in
1363 4363 1700 4422 ccelestibus
1718 4363 1896 4422 habi-

241 4455 361 4506 tas.
406 4451 654 4523 Require
671 4451 785 4522 fol.
819 4457 914 4510 72.

310 4541 675 4612 Antiphona
689 4546 741 4598 2.
765 4543 967 4599 Omnis
984 4545 1139 4600 terra
1154 4543 1362 4601 adoret
1376 4545 1449 4616 te,
1472 4544 1649 4611 Deus,
1673 4547 1729 4602 et
1748 4542 1904 4617 psal-

239 4629 323 4687 lat
365 4629 471 4687 tibi
507 4646 519 4687 :
555 4636 611 4688 et
641 4633 944 4703 psalmum
970 4632 1131 4691 dicat
1159 4633 1388 4692 nomini
1417 4639 1537 4692 tuo.
1572 4634 1893 4694 Altissime.

239 4720 511 4777 Psalmus
543 4738 678 4778 va.

317 4808 550 4867 Oratio.
597 4809 802 4866 Omnis
835 4814 988 4869 terra
1014 4810 1221 4869 adoret
1267 4813 1339 4876 te,
1389 4811 1674 4878 Domine;
1711 4813 1766 4868 et
1797 4811 1902 4869 tibi

240 4897 461 4971 psallat
497 4899 638 4956 vitae
681 4901 994 4974 participio
1027 4901 1430 4975 incorruptae:
1475 4905 1535 4957 ut
1571 4902 1723 4958 sicut
1764 4905 1903 4958 sunt

245 4989 452 5045 omnia
478 4991 586 5045 tuo
615 4989 874 5048 formata
893 4991 1149 5064 opiﬁcio,
1182 4991 1264 5048 ita
1297 4995 1512 5048 cuncta
1541 4994 1642 5048 tuo
1680 4990 1902 5064 pariter

247 5077 587 5135 subdantur
615 5079 893 5152 imperio.
916 5092 985 5152 ne.
1025 5083 1233 5137 Amen.

321 5163 448 5231 Per,
485 5174 596 5225 etc.

325 5255 667 5329 Antiphona
693 5263 743 5315 3.
767 5261 889 5330 Ego
919 5258 1171 5331 cognovi
1196 5258 1360 5333 quod
1388 5274 1648 5331 magnus
1675 5259 1765 5314 est
1790 5259 1903 5313 Do-

249 5344 466 5414 minus,
501 5353 560 5406 et
587 5350 749 5405 Deus
774 5354 980 5407 noster
1003 5366 1126 5423 prae
1157 5351 1432 5408 omnibus
1462 5349 1594 5406 diis.
1618 5349 1905 5407 Psalmus-

245 5447 474 5495 CXXXIV.

318 5539 385 5597 ﬂ.
422 5526 796 5602 Sapientiam
837 5544 1011 5588 suam
1031 5529 1185 5587 Deus
1205 5528 1488 5589 revelavit
1517 5527 1743 5603 populo
1773 5545 1906 5604 suo,

1990 1789 2341 1859 insistimus,
2375 1793 2465 1850 vel
2490 1799 2753 1853 amundi
2780 1815 2892 1856 nos
2922 1801 3212 1860 illecebris
3242 1805 3522 1874 advoces,
3554 1805 3643 1863 vel

1990 1879 2388 1949 perfectorum
2429 1884 2694 1943 societati
2732 1887 3135 1959 adglomeres.

2061 1967 2233 2024 Pater
2261 1975 2454 2027 noter.

2619 2063 2712 2120 Ad
2734 2065 2999 2124 Sextam.

2188 2147 2389 2205 Lectio
2416 2149 2587 2207 Libri
2613 2152 2809 2212 Esaiae
2837 2155 3150 2226 Prophetas
3177 2157 3350 2232 (Cap.
3381 2159 3520 2233 XIX).

2063 2263 2130 2321 Bg.
2172 2255 2290 2310 Deo
2324 2256 2564 2324 gratias.

2061 2341 2204 2396 Ecce
2235 2342 2522 2401 Dominus
2552 2349 2832 2407 ascendet
2865 2367 3043 2425 super
3065 2354 3289 2411 nubem
3335 2353 3548 2426 levem,
3584 2357 3645 2414 et

1986 2427 2348 2499 ingredietur
2383 2433 2728 2507 Egyptum,
2771 2443 2827 2496 et
2864 2440 3266 2499 movebuntur
3320 2443 3638 2502 simulacra

1987 2517 2225 2590 Egypti
2254 2536 2290 2576 a
2314 2521 2464 2578 facie
2485 2525 2634 2593 ejus,
2654 2531 2710 2582 et
2734 2543 2835 2583 cor
2853 2528 3093 2601 IEgypti
3129 2531 3396 2589 tabescet
3433 2533 3495 2588 in
3521 2549 3645 2590 me-

1987 2604 2088 2659 dio
2118 2606 2272 2675 ejus.
2304 2607 2371 2664 Et
2397 2626 2749 2668 concurrere
2774 2614 2990 2672 faciam
3010 2617 3320 2690 IEgyptios
3349 2621 3642 2678 adversus

1987 2691 2298 2764 Egyptios
2325 2714 2341 2748 :
2373 2701 2428 2752 et
2457 2700 2752 2768 pugnabit
2796 2701 2881 2756 vir
2923 2709 3130 2760 contra
3162 2705 3406 2762 fratrem
3439 2725 3642 2780 suum,

1988 2785 2042 2836 et
2070 2784 2161 2836 vir
2185 2788 2390 2840 contra
2411 2787 2671 2841 amicum
2702 2804 2900 2856 suum,
2934 2793 2990 2844 et
3020 2789 3222 2846 civitas
3255 2792 3543 2848 adversus
3567 2797 3646 2850 ci-

1987 2868 2243 2931 vitatem,
2275 2875 2330 2926 et
2352 2887 2606 2942 regnum
2624 2873 2911 2930 adversus
2933 2877 3292 2947 regnum.Et
3310 2878 3645 2953 disrumpe-

1988 2962 2083 3014 tur
2112 2957 2350 3031 spiritus
2372 2958 2609 3032 ngypti
2626 2962 2685 3018 in
2716 2963 3044 3020 visceribus
3066 2965 3215 3038 ejus,
3247 2971 3303 3024 et
3328 2968 3643 3026 consilium

1916 3058 1962 3117 α
1990 3048 2120 3119 ejus
2152 3049 2536 3121 praecipitabo
2568 3056 2658 3107 :et
2681 3052 3130 3124 interrogabunt
3161 3055 3482 3113 simulacra
3514 3074 3645 3122 sua,

1993 3142 2049 3193 et
2073 3136 2309 3193 divinos
2341 3155 2504 3208 suos,
2543 3142 2598 3195 et
2644 3141 2941 3213 pythones
2966 3147 3022 3199 et
3050 3143 3288 3202 ariolos.
3319 3145 3386 3202 Et
3411 3145 3647 3203 tradam

1990 3228 2310 3298 Egyptum
2347 3227 2407 3283 in
2438 3244 2624 3284 manu
2651 3229 3040 3287 dominorum
3072 3232 3424 3298 crudelium,
3458 3238 3514 3289 et
3541 3251 3648 3291 rex

1992 3316 2157 3372 fortis
2188 3317 2598 3376 dominabitur
2644 3319 2750 3386 eis,
2781 3320 2863 3376 ait
2891 3320 3185 3377 Dominus
3232 3320 3644 3392 Omnipotens.

1994 3417 2060 3475 Bt.
2089 3407 2298 3461 Amen.

2063 3512 2437 3581 Antiphona.
2469 3517 2518 3567 l.
2545 3513 2817 3585 Laqueus
2849 3511 3137 3570 contritus
3155 3515 3262 3581 est,
3295 3515 3353 3571 et
3376 3527 3488 3570 nos
3501 3513 3646 3572 liba

1992 3601 2103 3657 rati
2133 3617 2361 3657 sumus.
2390 3601 2665 3657 Psalmus
2695 3617 2883 3658 cxxut.

2069 3705 2290 3762 Oratio.
2319 3707 2453 3762 Esto
2473 3706 2534 3761 in
2552 3707 2728 3762 nobis
2749 3708 2997 3764 Domine
3019 3705 3174 3764 Deus
3196 3709 3375 3766 Israel
3399 3723 3413 3765 :
3446 3715 3502 3766 et
3522 3725 3648 3768 ma-

1995 3795 2190 3851 lorum
2218 3795 2674 3867 infestationem,
2709 3811 2784 3851 ne
2821 3795 3246 3866 deglutiamur,
3278 3813 3317 3854 a
3353 3798 3528 3854 nobis
3554 3813 3652 3856 re-

1996 3884 2148 3956 pelle
2191 3901 2203 3940 :
2237 3884 2636 3955 nocivamque
2669 3885 3066 3956 iracundiam,
3101 3901 3178 3943 ne
3207 3887 3650 3944 obsorbeamur

2000 3975 2363 4044 comprime:
2395 3974 2598 4045 sicque
2622 3974 2683 4029 in
2709 3973 2886 4030 nobis
2909 3978 3138 4030 torrens
3176 3979 3292 4032 tua;
3323 3976 3647 4048 voluptatis

1999 4062 2310 4130 redundet,
2349 4067 2413 4117 ut
2439 4062 2720 4119 vitiorum
2750 4070 3068 4120 torrentem
3117 4065 3321 4122 anima
3357 4071 3560 4122 nostra
3588 4077 3652 4122 se

2003 4153 2129 4208 sine
2178 4151 2518 4208 discrimine
2557 4153 2952 4225 pertransisse
2981 4154 3200 4212 exultet
3229 4171 3418 4227 neque
3457 4156 3654 4212 inimi-

2004 4257 2212 4298 corum
2238 4240 2518 4298 dentibus
2545 4241 2877 4310 laniemur;
2907 4243 3011 4299 sed
3042 4251 3275 4316 ereptos
3304 4260 3418 4302 nos
3448 4245 3523 4301 de
3561 4259 3655 4301 ve-

2005 4331 2276 4387 nantium
2318 4330 2551 4403 laqueis
2583 4332 2949 4401 gratulemur
2986 4352 3004 4388 :
3031 4339 3086 4388 et
3112 4337 3177 4389 tu
3205 4333 3441 4405 adjutor
3455 4337 3656 4390 noster

1931 4413 1976 4470 D
2007 4420 2274 4477 heredita
2289 4435 2400 4477 nos
2416 4419 2477 4476 in
2490 4421 2868 4492 possessione
2893 4425 3135 4494 aaterna;
3154 4422 3279 4495 qui,
3296 4427 3656 4494 cooperante

2011 4509 2206 4566 Verbo
2233 4517 2334 4566 tuo
2365 4510 2700 4582 Sanctoque
2733 4511 2970 4583 Spiritu,
3001 4510 3190 4569 fecisti
3217 4511 3434 4568 coelum
3467 4514 3524 4568 et
3545 4513 3656 4567 ter-

2009 4615 2162 4658 ram.
2194 4611 2257 4671 Bg.
2292 4602 2500 4656 Amen.

2081 4710 2191 4764 Per
2219 4707 2707 4763 misericordiam.

2079 4815 2434 4884 Antiphona
2463 4818 2515 4869 2.
2560 4814 2840 4870 Converte
2859 4812 3104 4871 Domine
3131 4813 3529 4888 captivitatem
3552 4830 3660 4875 no-

2009 4906 2216 4972 stram,
2253 4902 2402 4958 sicut
2431 4906 2660 4958 torrens
2688 4902 2751 4958 in
2780 4905 3001 4959 austro.
3033 4904 3310 4960 Psalmus
3340 4919 3505 4960 cxxv.

2085 4991 2312 5050 Oratio.
2379 4993 2725 5048 Convertere
2792 4992 3042 5048 Domine
3091 4992 3498 5066 captivitatem
3555 5011 3659 5052 no-

2014 5088 2218 5144 stram,
2247 5081 2326 5137 ad
2345 5079 2728 5139 inlecebrosis
2773 5080 2998 5137 inimici
3030 5083 3479 5141 seductionibus
3508 5083 3660 5139 redi-

2012 5171 2233 5227 mendo
2264 5190 2280 5223 :
2315 5173 2370 5225 et
2428 5169 2587 5242 reple
2627 5170 3033 5229 consolatione
3063 5173 3465 5243 indulgentias,
3505 5184 3659 5241 quos

2013 5259 2312 5317 desolatos
2342 5259 2631 5331 prospicis
2657 5261 2736 5316 ob
2768 5261 3196 5319 admissionem
3225 5261 3499 5332 nequitiae
3532 5272 3547 5309 :
3579 5254 3659 5309 da

2011 5349 2209 5419 nobis,
2233 5365 2601 5422 quaesumus,
2628 5351 2860 5408 contriti
2879 5353 3073 5409 cordis
3088 5351 3475 5407 humilitatem
3497 5358 3657 5414 quie-

2013 5453 2140 5497 rere
2163 5457 2182 5510 ;
2209 5443 2264 5495 et
2291 5439 2765 5513 inquinamenta,
2799 5458 2935 5516 quae
2962 5456 3072 5497 nos
3101 5436 3393 5511 polluunt.
3416 5431 3659 5489 ﬂuentis

2013 5528 2465 5600 lachrymarum
2495 5529 2737 5590 abluere
2770 5549 2787 5586 :
2819 5531 2903 5587 sic
2933 5529 3116 5585 etiam
3142 5519 3531 5582 confessionis
3567 5536 3660 5580 re-
