4118 6184
488 224 589 279 167

1720 200 2171 267 BREVIAI’JUM
2212 199 2606 258 GOTHICUM.

3788 186 3888 253 168

486 341 686 399 media
700 353 971 398 seramus
986 336 1047 395 in
1063 334 1407 407 lachrymis,
1422 336 1489 392 ut
1506 333 1887 404 indulgentiae
1907 331 2133 389 fructus
2164 328 2211 382 A
2239 328 2344 392 ter,
2364 340 2439 381 ne
2454 324 2823 383 obliviscaris
2841 322 3183 387 Dominum,
3212 318 3314 392 qui
3336 317 3610 407 eduxitte
3638 316 3715 375 de
3735 321 3891 379 terra

493 437 790 490 metamus
814 430 876 486 in
907 426 1163 500 gaudiis.
1192 436 1255 494 ﬁ.
1285 426 1491 481 Amen.

553 521 898 677 iftiphona
919 608 969 661 3.
991 602 1148 659 Beati
1168 616 1399 668 omnes,
1428 599 1532 673 qui
1553 600 1759 656 timent
1780 598 2124 661 Dominum,

486 698 589 770 qui
618 694 931 753 ambulant
954 692 1016 748 in
1041 692 1151 748 viis
1175 691 1327 763 ejus.
1358 690 1630 747 Psalmus
1654 705 1859 746 cxxvn.

558 797 622 854 BI.
664 784 929 841 Miserere
972 780 1170 849 nobis,
1206 778 1473 836 Domine.
1521 779 1585 833 P.
1620 779 1888 836 Miserere
1930 774 2123 833 nobis.

482 874 544 934 tt.
574 873 663 929 Ad
692 878 748 929 te
775 872 1046 928 levamus
1101 867 1306 924 oculos
1348 872 1607 932 nostros,
1636 867 1741 939 qui
1785 866 2021 923 habitas
2068 863 2129 919 in

485 960 674 1018 ccelis.
726 960 790 1014 P.
826 959 1092 1015 Miserere
1142 954 1336 1012 nobis.
1365 955 1427 1016 ἲν.
1462 954 1678 1024 Gloria,
1710 957 1766 1010 et
1792 954 1987 1010 honor
2027 954 2128 1008 Pa-

486 1051 576 1114 tri,
620 1052 727 1103 etc.
774 1047 838 1101 P.
877 1044 1144 1101 Miserere
1174 1042 1375 1098 nobis.

559 1133 678 1205 79
706 1134 932 1188 Preces.
962 1131 1301 1188 Clamemus
1332 1143 1542 1185 omnes
1567 1143 1690 1184 una
1708 1141 1875 1184 voce.
1899 1127 1968 1182 P.
2021 1127 2129 1182 Do-

485 1221 645 1277 mine
671 1220 968 1275 miserere.
1000 1217 1061 1278 tr.
1090 1219 1309 1273 Amara
1334 1216 1510 1273 nobis
1537 1220 1624 1272 est
1658 1215 1784 1272 vita
1812 1219 2040 1272 nostra.
2062 1213 2124 1268 Ρ·

487 1310 737 1366 Domine
756 1309 1054 1365 miserere.
1072 1307 1133 1367 ir.
1168 1307 1393 1363 Delicta
1417 1305 1567 1372 dele,
1589 1320 1800 1377 pacem
1831 1304 2117 1361 concede.

486 1396 542 1451 Ρ.
572 1397 820 1452 Domine
863 1395 1159 1452 miserere.
1205 1394 1269 1454 ἡ.
1320 1393 1548 1449 Inclina
1599 1408 1805 1449 aurem
1856 1397 2020 1449 tuam
2050 1393 2129 1448 ad

481 1500 721 1557 precem
749 1487 1040 1540 nostram.
1067 1486 1125 1538 P.
1151 1481 1398 1539 Domine
1418 1481 1715 1537 miserere.
1739 1480 1801 1543 in
1825 1482 2005 1537 Parce
2031 1481 2129 1537 de-

481 1573 661 1629 lictis.
700 1576 756 1627 et
781 1571 1026 1628 subveni
1052 1571 1126 1627 de
1153 1570 1333 1627 coelis.
1362 1571 1425 1624 P.
1447 1570 1686 1627 Domine
1715 1569 2016 1626 miserere.

558 1662 782 1717 Oratio.
813 1660 987 1725 Deus,
1021 1660 1127 1731 qui
1156 1660 1426 1714 timentes
1453 1662 1526 1725 te,
1558 1658 1769 1714 beatos
1797 1657 2127 1730 prophetali

2236 413 2492 487 Egypti,
2538 418 2594 471 et
2622 414 2696 470 de
2746 414 2929 471 domo
2961 409 3279 469 servitutis.
3338 405 3667 463 Dominum
3697 407 3888 466 Deum

2234 507 2404 559 tuum
2421 502 2672 570 timebis,
2688 506 2743 560 et
2766 503 2880 576 ipsi
2900 500 3143 568 servies,
3168 513 3237 554 ac
3260 512 3362 569 per
3377 510 3598 552 nomen
3617 496 3773 552 illius
3791 498 3891 569 ju-

2234 592 2418 647 rabis.
2443 594 2572 648 Non
2597 591 2751 648 ibitis
2778 595 2917 664 post
2938 590 3082 646 deos
3105 587 3330 645 alienos
3354 589 3707 641 cunctarum
3741 601 3891 657 gen-

2237 680 2405 745 tium,
2436 695 2570 751 quae
2596 680 2657 735 in
2679 678 2929 735 circuitu
2958 682 3157 734 vestro
3191 680 3330 731 sunt
3364 693 3376 733 :
3407 674 3702 746 quoniam
3733 674 3891 731 Deus

2235 766 2566 833 aemulator,
2594 766 2879 824 Dominus
2909 765 3065 822 Deus
3086 764 3145 819 in
3175 760 3374 819 medio
3404 763 3486 818 tui
3519 778 3531 828 ;
3561 763 3889 835 nequando

2235 855 2526 912 irascatur
2553 855 2716 912 furor
2743 853 2981 911 Domini
3010 852 3111 908 Dei
3138 851 3221 909 tui
3246 854 3455 908 contra
3478 855 3552 918 te,
3578 855 3635 907 et
3661 850 3890 909 auferat

2236 947 2293 999 te
2318 943 2574 1014 desuper
2635 941 2848 998 faciem
2888 947 3087 997 terrae.
3116 941 3244 996 Non
3272 937 3529 995 tentabis
3562 938 3888 996 Dominum

2238 1032 2422 1085 Deum
2437 1031 2783 1097 tuum,sicut
2796 1029 3031 1086 tentasti
3052 1028 3112 1084 in
3124 1027 3256 1083 loco
3273 1026 3632 1083 tentationis.
3644 1027 3890 1084 Custodi

2238 1122 2530 1190 praecepta
2556 1118 2792 1174 Domini
2808 1118 2909 1173 Dei
2923 1118 3111 1182 tui,ac
3141 1115 3481 1172 testimonia
3514 1120 3572 1171 et
3610 1116 3885 1173 caerimo-

2238 1206 2386 1272 nias,
2419 1222 2570 1278 quas
2595 1206 2877 1278 praecepit
2906 1204 3010 1261 tibi
3027 1209 3082 1261 et
3108 1203 3204 1261 fac
3230 1203 3396 1276 quod
3420 1203 3702 1276 placitum
3723 1212 3810 1261 est
3830 1209 3889 1262 et

2235 1294 2468 1351 bonum
2503 1294 2563 1351 in
2594 1298 2915 1367 conspectu
2949 1290 3205 1359 Domini,
3235 1298 3301 1348 ut
3342 1292 3497 1348 bene
3546 1293 3620 1348 sit
3644 1292 3753 1349 tibi
3783 1311 3801 1348 :
3833 1298 3891 1350 et

2236 1383 2537 1455 ingressus
2566 1383 2873 1456 possideas
2918 1390 3154 1448 terram,
3189 1396 3376 1452 quam
3418 1381 3707 1438 Dominus
3736 1384 3889 1439 Deus

2237 1476 2378 1528 tuus
2410 1472 2657 1529 daturus
2686 1476 2772 1527 est
2798 1471 2922 1527 tibi.
2952 1483 3015 1541 BI.
3046 1472 3247 1525 Amen.

2447 1562 2644 1617 Lectio
2671 1559 2813 1616 libri
2840 1560 3039 1617 Esaia:
3058 1558 3374 1630 Propheta.D
3395 1559 3561 1629 (Cap.
3591 1560 3775 1630 xux).

2311 1661 2376 1717 Bt.
2406 1648 2527 1704 Deo
2558 1648 2798 1719 gratias.

564 1710 619 1717 ν.
644 1710 782 1717 κη--
813 1710 987 1725 -ητι
1072 1710 1127 1715 --
1160 1710 1423 1714 ν--ηψ
2336 1710 2339 1717 ν
2558 1710 2591 1719 ν

481 1764 627 1805 voce
656 1748 1009 1821 pronuntias
1028 1710 1156 1815 1;da
1179 1747 1240 1803 in
1267 1746 1444 1803 nobis
1480 1747 1561 1802 tui
1582 1745 1811 1801 timoris
1838 1746 2130 1818 obsequia
2164 1710 2205 1765 Β
2307 1735 2445 1792 Haec
2466 1735 2605 1791 dicit
2628 1735 2915 1791 Dominus
2942 1752 2954 1789 :
2983 1735 3136 1790 Leva
3154 1733 3215 1789 in
3237 1733 3487 1790 circuitu
3505 1734 3712 1791 oculos
3739 1740 3891 1801 tuos,

481 1837 856 1909 beneplacita
888 1855 901 1906 ;
935 1844 996 1892 ut
1036 1851 1107 1891 ex
1133 1836 1247 1892 hoc
1287 1834 1350 1890 in
1394 1836 1502 1891 viis
1530 1833 1647 1891 tuis
1680 1833 1991 1891 ambulare
2019 1851 2129 1891 nos

479 1926 663 1982 facias
688 1944 705 1979 ι
738 1925 948 1998 sitque,
968 1929 1020 1981 te
1038 1924 1428 1993 gubernante,
1446 1923 1617 1979 labor
1637 1927 1838 1979 noster
1858 1924 1970 1979 tuis
1987 1939 2129 1979 ocu-

480 2012 554 2069 lis
586 2012 866 2085 placitus;
895 2012 1067 2083 cujus
1096 2011 1321 2068 fructus
1345 2016 1615 2082 tempore
1629 2011 2129 2068 remunerationis

485 2099 774 2155 efﬁciatur
793 2099 1184 2155 suavissimus
1197 2119 1215 2154 θ
1227 2114 1298 2155 ac
1314 2098 1397 2154 sic
1414 2096 1589 2154 labor
1606 2098 1734 2170 ipse
1756 2098 1830 2155 de
1845 2098 2129 2156 charitate

482 2188 806 2253 studeatur,
833 2192 898 2245 ut
916 2186 1083 2260 apud
1101 2192 1157 2244 te
1177 2187 1377 2258 fruges
1408 2186 1532 2259 ejus
1560 2187 1623 2242 in
1648 2186 2013 2244 beatitudine
2039 2203 2130 2244 re-

478 2277 869 2333 condeantur.

548 2365 720 2421 Pater
761 2370 981 2428 noster,
1013 2362 1082 2420 Et
1106 2379 1181 2419 ne
1214 2378 1341 2428 nos,
1372 2366 1481 2419 etc.

1035 2452 1136 2509 Ad
1151 2452 1401 2510 Nonam.

758 2541 1211 2598 Proverbiorum
1236 2539 1560 2597 Salomonis
1580 2540 1746 2613 (Cap.
1769 2540 1913 2613 xxx).

549 2641 618 2700 Bg.
662 2630 782 2686 Deo
803 2629 1045 2697 gratias.

546 2717 667 2780 Fili,
688 2716 1063 2788 quicustodit
1078 2731 1145 2771 os
1163 2715 1707 2785 suum,etlinguam
1726 2718 2124 2783 suam,custo.

472 2804 555 2860 dit
567 2804 645 2860 ab
657 2805 949 2876 angustiis
967 2805 1234 2860 animam
1248 2803 1750 2876 suam.Superbus
1768 2808 2123 2875 etarrogans

473 2899 721 2949 vocatur
735 2892 1321 2965 indoctus,quiinira
1332 2897 1611 2963 operatur
1624 2893 1992 2964 superbiam.
2018 2893 2122 2949 De-

469 2980 624 3035 sidia
640 2980 857 3035 occidit
872 2980 1134 3049 pigrum:
1152 2978 1466 3035 noluerunt
1481 2980 1639 3035 enim
1653 2981 1981 3052 quicquam
1997 2997 2117 3038 ma-

2238 1829 2293 1881 et
2323 1824 2475 1889 vide,
2501 1840 2710 1881 omnes
2739 1823 2835 1879 isti
2860 1823 3203 1893 congregati
3231 1826 3387 1888 sunt,
3416 1830 3708 1879 venerunt
3735 1824 3841 1881 tibi
3877 1843 3891 1882 :

2236 1912 2370 1968 vivo
2388 1927 2522 1982 ego,
2543 1911 2686 1967 dicit
2702 1910 3017 1977 Dominus,
3037 1909 3181 1982 quia
3201 1910 3482 1966 omnibus
3505 1911 3598 1967 his
3620 1912 3778 1969 velut
3798 1928 3893 1969 or-

2238 2006 2521 2057 namento
2557 2000 2843 2057 vestieris.
2883 2001 3015 2055 Haec
3046 1999 3189 2055 dicit
3232 1999 3522 2055 Dominus
3545 2018 3562 2053 ε
3614 2003 3757 2057 Ecce
3779 2017 3897 2072 ego

2235 2088 2368 2146 levo
2381 2089 2459 2145 ad
2490 2094 2693 2159 gentes
2730 2104 2979 2145 manum
3010 2103 3231 2153 meam,
3260 2088 3426 2155 et,ad
3457 2088 3707 2160 papulos
3731 2091 3901 2147 exal-

2238 2176 2371 2232 tabo
2385 2176 2621 2247 signum
2641 2193 2867 2232 meum.
2900 2177 2966 2232 Et
2985 2174 3230 2232 afferent
3246 2174 3399 2231 ﬁlios
3417 2178 3626 2234 tuosin
3642 2178 3820 2244 ulnis,
3839 2182 3899 2235 et

2234 2265 2391 2323 ﬁlias
2404 2269 2539 2321 tuas
2565 2281 2744 2337 super
2762 2265 3047 2321 humeros
3071 2263 3416 2336 portabunt.
3437 2264 3505 2320 Et
3525 2270 3697 2322 erunt
3719 2282 3893 2338 reges

2236 2355 2460 2411 nutritii
2476 2354 2579 2417 tui,
2617 2358 2674 2408 et
2706 2352 3195 2422 regintenutrices
3228 2357 3341 2407 tuae
3366 2366 3383 2410 :
3406 2352 3573 2408 vultu
3592 2352 3653 2409 in
3670 2358 3891 2411 terram

2237 2442 2492 2500 dimisso
2517 2441 2856 2498 adorabunt
2875 2444 2947 2505 te,
2969 2444 3026 2496 et
3045 2441 3348 2513 pulverem
3381 2440 3612 2513 pedum
3647 2446 3890 2500 tuorum

2233 2531 2479 2602 lingent.
2513 2532 2580 2587 Et
2608 2530 2757 2586 scies
2788 2530 2933 2602 quia
2962 2545 3072 2599 ego
3094 2530 3401 2598 Dominus,
3422 2547 3602 2603 super
3620 2548 3741 2603 quo
3764 2548 3891 2590 non

2236 2618 3120 2690 cunfundenturquiexpectant
3145 2635 3303 2673 cum.
3329 2618 3627 2691 Numquid
3652 2621 3893 2678 tolletur

2233 2724 2271 2764 a
2285 2708 2417 2764 forti
2434 2706 2678 2780 praeda?
2696 2708 2810 2761 Aut
2824 2705 2989 2778 quod
3007 2711 3250 2778 captum
3263 2706 3436 2763 fuerit
3450 2723 3487 2763 a
3503 2708 3893 2777 robusto,sal-

2231 2822 2376 2862 vum
2389 2820 2518 2861 esse
2531 2803 2934 2877 poterit?Quia
2945 2804 3073 2860 haec
3098 2803 3569 2861 dicitDominus:
3596 2805 3895 2878 Equidem

2231 2898 2287 2950 et
2308 2895 2572 2965 captivas
2595 2908 2632 2948 a
2655 2892 2792 2948 forti
2831 2890 3066 2948 tolletur
3090 2913 3103 2948 :
3143 2896 3199 2949 et
3222 2892 3387 2965 quod
3414 2893 3679 2950 ablatum
3710 2894 3895 2953 fuerit

2228 2980 2545 3050 arobusto,
2567 2979 2911 3036 salvabitur.
2936 2979 3050 3036 Eos
3068 2997 3231 3046 vero,
3256 2982 3359 3054 qui
3372 2982 3787 3053 judicaverunt
3810 2991 3891 3051 te,

468 3081 583 3120 nus
612 3066 741 3135 ejus
764 3066 1023 3136 operari:
1052 3069 1176 3121 tota
1194 3065 1292 3121 die
1314 3050 2071 3137 concupiscit—etdesiderat
2099 3087 2116 3123 :
2156 3050 2196 3109 (ἶ
2228 3085 2337 3141 ego
2360 3068 2667 3140 judicabo,
2700 3073 2757 3125 et
2780 3068 2932 3125 ﬁlios
2973 3074 3104 3125 tuos
3129 3086 3242 3140 ego
3268 3050 3534 3128 salvabo.
3564 3071 3625 3128 Et
3658 3071 3888 3130 cibabo

465 3153 570 3225 qui
594 3153 1011 3223 autemjustus
1041 3158 1145 3217 est,
1180 3153 1411 3219 tribuet,
1437 3158 1493 3209 et
1521 3169 1643 3210 non
1672 3156 1936 3212 cessabit
1971 3199 1982 3211 .
2007 3159 2117 3214 Ho-

465 3242 589 3297 stiae
627 3241 948 3313 impiorum
1000 3240 1453 3307 abominabiles,
1494 3242 1640 3314 quia
1678 3242 2008 3301 offeruntur
2045 3261 2118 3301 ex

467 3329 705 3386 scelere.
722 3331 905 3385 Testis
919 3328 1181 3386 mendax
1193 3329 1434 3402 peribit:
1450 3332 1535 3385 vir
1546 3330 1834 3388 obediens
1857 3331 2118 3405 loquitur

468 3418 793 3475 victoriam.
826 3418 925 3475 Vir
951 3418 1174 3491 impius
1205 3419 1533 3490 procaciter
1562 3418 1844 3476 obﬁrmat
1884 3421 2117 3477 vultum

468 3523 650 3563 suum
684 3525 696 3563 :
724 3507 828 3580 qui
853 3511 1055 3564 autem
1086 3512 1280 3564 rectus
1297 3512 1403 3577 est,
1435 3508 1673 3580 corrigit
1701 3508 1865 3565 viam
1908 3526 2107 3567 suam.

468 3599 595 3652 Non
611 3600 700 3653 est
735 3596 1042 3669 sapientia,
1069 3612 1265 3669 neque
1281 3596 1473 3670 prude
1488 3597 1631 3662 ntia,
1668 3613 1789 3654 non
1806 3602 1892 3655 est
1924 3599 2117 3656 consi‘

463 3682 612 3739 lium
656 3690 867 3742 contra
907 3685 1238 3741 Dominum.
1287 3689 1489 3759 Equus
1533 3690 1779 3759 paratus
1825 3689 1905 3745 ad
1954 3688 2113 3745 diem

458 3772 598 3829 belli
630 3791 643 3829 :
673 3773 963 3829 Dominus
990 3779 1192 3831 autem
1214 3774 1463 3832 salutem
1481 3776 1702 3834 tribuit.
1726 3787 1788 3846 ne.
1817 3776 2031 3837 Amen.

704 3862 904 3919 Lectio
928 3861 1067 3919 libri
1090 3864 1534 3921 Deuteronomii
1562 3865 1734 3937 (Cap.
1766 3870 1870 3935 γι).

535 3962 598 4019 Βι.
632 3950 753 4007 Deo
784 3951 1022 4022 gratias.

531 4042 596 4095 In
625 4039 743 4096 illis
783 4039 999 4095 diebus
1030 4058 1048 4093 :
1078 4041 1331 4096 Locutus
1365 4045 1453 4097 est
1482 4044 1707 4114 Moyses
1737 4044 1817 4100 ad
1867 4059 2110 4101 omnem

461 4133 683 4185 coetum
705 4128 967 4185 ﬁliorum
996 4128 1194 4194 Israel,
1219 4132 1275 4185 et
1298 4128 1444 4185 dixit
1464 4130 1542 4187 ad
1570 4146 1670 4188 eos
1693 4150 1709 4185 ι
1732 4132 1882 4189 Audi
1910 4133 2105 4202 Israel,

463 4217 753 4274 Dominus
780 4218 935 4274 Deus
950 4222 1164 4282 vester,
1186 4220 1339 4274 Deus
1363 4234 1520 4275 unus
1542 4223 1651 4279 est.
1675 4220 1893 4292 Diliges
1910 4222 2106 4279 Domi-

455 4322 604 4363 num
630 4308 819 4364 Deum
839 4312 1011 4364 tuum
1038 4323 1113 4364 ex
1132 4311 1253 4366 toto
1283 4309 1463 4365 corde
1484 4316 1602 4374 tuo,
1628 4313 1685 4366 et
1710 4326 1778 4366 ex
1803 4314 1928 4368 tota
1946 4311 2104 4369 forti-

2224 3159 2422 3215 hostes
2436 3163 2569 3213 tuos
2583 3173 2694 3227 ego
2708 3158 3047 3214 carnalibus
3071 3160 3194 3215 suis
3224 3175 3234 3212 :
3261 3163 3317 3215 et
3328 3159 3501 3232 quasi
3516 3165 3730 3226 musto,
3748 3178 3890 3218 san-

2226 3243 2402 3314 guine
2425 3258 2529 3298 suo
2552 3240 3004 3298 inebriabuntur
3030 3260 3041 3298 :
3077 3248 3132 3299 et
3158 3243 3303 3299 sciet
3328 3245 3525 3300 omnis
3556 3260 3715 3317 caro,
3745 3246 3892 3317 quia

2224 3348 2333 3404 ego
2348 3334 2502 3389 Deus
2516 3330 2754 3388 salvans
2768 3332 3889 3404 te,etFtedemptortuussanctuslsrael,

2225 3427 2289 3485 Βι.
2326 3420 2537 3472 Amen.

2292 3505 2605 3576 Sequentia
2626 3504 2918 3575 Epistolas
2938 3505 3116 3561 Pauli
3136 3505 3411 3575 Apostoli
3430 3505 3500 3561 ad
3523 3506 3810 3575 Ephesios

2900 3594 3076 3665 (Cap.
3100 3596 3199 3666 ιν).

2294 3694 2357 3753 Βι.
2394 3684 2513 3739 Deo
2547 3682 2789 3754 gratias.

2291 3772 2539 3842 Fratres,
2564 3771 2680 3828 hoc
2700 3771 2857 3837 dico,
2891 3776 2947 3827 et
2977 3770 3255 3829 testiﬁcor
3279 3772 3340 3829 in
3364 3771 3635 3838 Domino,
3664 3777 3729 3831 ut
3756 3786 3890 3831 non

2214 3858 2342 3933 jam
2364 3860 2699 3925 ambuletis,
2722 3862 2872 3917 sicut
2894 3863 3099 3918 Gentes
3122 3862 3521 3919 ambulabant
3542 3863 3604 3919 in
3621 3862 3888 3921 vanitate

2219 3966 2431 4007 sensus
2465 3952 2576 4018 sui,
2604 3949 2862 4007 tenebris
2886 3948 3277 4008 obscuratum
3302 3952 3591 4009 habentes
3610 3952 3892 4010 intellec-

2216 4040 2617 4109 tum,alienati
2634 4056 2668 4097 a
2689 4040 2809 4096 vita
2828 4040 2929 4096 Dei
2950 4042 3459 4113 perignorantiam
3477 4058 3612 4115 quae
3633 4048 3724 4098 est
3738 4043 3803 4099 in
3822 4042 3892 4100 il-

2215 4127 2286 4186 lis
2308 4134 2548 4203 propter
2564 4128 2889 4187 caecitatem
2910 4130 3107 4188 cordis
3123 4132 3536 4204 ipsorum,80
3554 4131 3893 4205 quidespe-

2213 4224 2431 4288 rantes,
2453 4221 2806 4293 semetipsos
2835 4218 3211 4278 tradiderunt
3233 4221 3707 4295 impudicitiae,in
3733 4238 3887 4296 ope-

2212 4310 2505 4367 rationem
2543 4309 2940 4365 immunditiae
2988 4310 3206 4376 omnis,
3264 4311 3327 4367 in
3387 4311 3720 4368 avaritiam.
3758 4312 3881 4368 Vos

456 4396 659 4452 tudine
680 4400 803 4453 tua.
828 4398 1121 4470 Eruntque
1138 4397 1319 4454 verba
1338 4398 1488 4468 haec,
1528 4414 1664 4470 qua:
1688 4415 1799 4471 ego
1821 4400 2104 4473 praecipio
2136 4403 2180 4458 D
2212 4404 2412 4455 autem
2426 4398 2508 4455 ita
2519 4413 2641 4454 non
2656 4395 2947 4454 didicistis
2964 4396 3282 4465 Christum,
3299 4398 3349 4455 si
3365 4404 3560 4456 tamen
3575 4399 3746 4457 illum
3766 4416 3883 4457 au-

452 4483 559 4541 tibi
579 4485 779 4553 hodie,
806 4486 868 4542 in
893 4486 1072 4543 corde
1102 4490 1203 4543 tuo
1238 4503 1249 4541 :
1282 4490 1339 4542 et
1360 4488 1636 4544 narrabis
1679 4504 1751 4545 ea
1797 4489 1932 4545 ﬁliis
1964 4490 2101 4560 tuis,

451 4578 509 4631 et
530 4575 904 4632 meditaberis
928 4575 1140 4632 sedens
1160 4576 1221 4631 in
1247 4575 1431 4633 domo
1458 4580 1580 4649 tua,
1614 4582 1671 4635 et
1695 4578 2017 4635 ambulans
2042 4578 2103 4634 in

452 4662 661 4721 itinere
690 4663 997 4721 dormiens
1027 4669 1206 4737 atque
1235 4681 1624 4736 consurgens.
1658 4665 1724 4721 Et
1775 4665 1990 4736 ligabis
2033 4683 2104 4726 ea

454 4752 627 4822 quasi
648 4753 887 4824 signum
907 4753 964 4809 in
991 4768 1176 4810 manu
1198 4761 1614 4826 tua,eruntque
1632 4758 1685 4810 et
1704 4755 2105 4832 movebuntur

452 4840 605 4897 inter
639 4844 847 4901 oculos
876 4848 1027 4912 tuos,
1058 4844 1401 4917 scribesque
1432 4861 1501 4901 ea
1530 4845 1590 4901 in
1619 4842 1824 4901 limine
1852 4850 1907 4901 et
1932 4847 2101 4903 ostiis

452 4926 671 4985 domus
695 4935 827 4988 tune.
855 4934 1123 5004 Cumque
1158 4932 1549 4990 introduxerit
1566 4936 1617 4989 te
1634 4932 1928 4989 Dominus
1949 4933 2103 4990 Deus

445 5018 662 5074 tuusin
693 5027 927 5088 terram,
957 5038 1067 5094 pro
1087 5039 1210 5095 qua
1233 5022 1454 5094 juravit
1479 5021 1743 5095 patribus
1763 5021 1897 5087 tuis,
1921 5022 2103 5081 Abra-

444 5104 613 5179 ham,
641 5110 828 5179 Isaac,
854 5114 910 5166 et
955 5110 1137 5168 Jacob
1173 5128 1183 5167 :
1216 5110 1522 5168 etdederit
1547 5110 1652 5167 tibi
1673 5111 1941 5168 civitates
1976 5129 2101 5169 ma-

2210 4486 2399 4553 distis,
2453 4488 2510 4542 et
2532 4486 2593 4541 in
2617 4485 2744 4556 ipso
2774 4485 2967 4542 edocti
3001 4488 3161 4554 estis,
3212 4487 3363 4544 sicut
3410 4494 3496 4544 est
3548 4488 3766 4544 veritas
3812 4486 3882 4545 in

2211 4577 2240 4630 J
2247 4592 2380 4642 esu;
2405 4575 2703 4647 deponere
2723 4590 2827 4631 vos
2858 4575 3189 4632 secundum
3211 4575 3527 4648 pristinam
3547 4592 3659 4633 con
3670 4593 3879 4634 versa-

2212 4665 2435 4722 tionem
2466 4671 2724 4721 veterem
2751 4664 3061 4720 hominem
3091 4664 3195 4738 qui
3224 4667 3627 4739 corrumpitur
3657 4682 3886 4723 secun-

2211 4754 2359 4810 dum
2384 4754 2678 4810 desideria
2705 4753 2937 4810 erroris.
2976 4755 3364 4811 Renovamini
3397 4754 3608 4828 spiritu
3652 4756 3885 4813 mentis

2212 4848 2439 4909 vestrm,
2473 4848 2531 4899 et
2550 4843 2775 4899 induite
2806 4857 3031 4899 novum
3046 4843 3370 4916 hominem,
3400 4843 3506 4917 qui
3533 4845 3886 4903 secundum

2212 4933 2397 4989 Deum
2431 4937 2669 4989 creatus
2694 4936 2785 4988 est
2803 4933 2862 4989 in
2881 4932 3130 5005 justitia,
3164 4938 3222 4989 et
3247 4936 3558 4991 sanctitate
3586 4934 3883 4992 veritatis.

2212 5032 2276 5092 Bg.
2304 5026 2512 5078 Amen.

2280 5111 2619 5183 Antiphona
2638 5113 2691 5169 1.
2717 5113 2868 5166 Deus
2885 5114 3085 5167 autem
3099 5115 3299 5168 noster
3319 5112 3379 5167 in
3396 5110 3547 5168 coelo
3560 5116 3615 5168 et
3628 5124 3889 5172 sursum

444 5212 599 5267 gnas
628 5201 685 5255 et
712 5200 1152 5272 optimas,quas
1171 5216 1289 5255 non
1314 5199 1637 5271 cediﬁcasti,
1657 5200 1872 5256 domos
1890 5201 2100 5274 plenas
2208 5199 2269 5255 in
2296 5200 2465 5266 coelo,
2490 5206 2545 5256 et
2567 5199 2624 5255 in
2646 5205 2816 5266 terra,
2842 5202 3047 5257 omnia
3068 5217 3466 5274 quaecumque
3486 5201 3691 5269 voluit,
3713 5201 3882 5260 fecit.

443 5292 796 5344 cunctarum
837 5304 1044 5361 opum,
1086 5304 1239 5360 quas
1271 5304 1393 5343 non
1424 5288 1752 5360 extruxisti,
1786 5291 2099 5362 cisternas,

447 5391 599 5447 quas
616 5393 740 5435 non
761 5376 984 5443 fodisti,
1008 5377 1203 5432 vineta
1223 5382 1277 5431 et
1294 5376 1530 5447 oliveta,
1557 5393 1695 5450 qute
1716 5393 1840 5437 non
1867 5379 2097 5451 planta-

438 5464 535 5527 sti,
561 5469 618 5523 et
643 5465 996 5531 comederis,
1029 5468 1089 5523 et
1112 5468 1412 5524 saturatus
1438 5465 1616 5524 fueris
1641 5482 1653 5523 :
1678 5482 1820 5526 cave
1839 5466 2094 5538 diligen-

2222 5291 2493 5346 Psalmus
2524 5304 2768 5348 cxxxxv.

2281 5378 2507 5435 Oratio.
2533 5378 2877 5435 Laudamus
2915 5384 2990 5444 te,
3017 5378 3285 5446 Domine,
3308 5380 3451 5453 quia
3482 5378 3790 5451 benignus
3820 5390 3886 5439 et

2211 5482 2473 5537 magnus
2504 5483 2567 5524 es
2594 5486 2611 5521 ε
2643 5468 2815 5539 cujus
2845 5468 3323 5539 magnitudinem
3370 5475 3427 5527 et
3451 5469 3790 5529 bonitatem
3817 5479 3886 5530 et
