4118 6184
206 234 299 292 169

1128 224 1199 281 ΙΝ
1242 224 1502 284 TERTIO
1543 225 1661 283 DIE
1699 224 2147 284 JUJENIOBUM
2184 227 2346 288 KAL.
2385 230 2683 293 JANUAB.

3505 261 3610 318 170

200 354 498 415 mirabilia
517 354 832 447 test-antur.
857 353 914 406 et
934 364 1112 447 opera
1135 366 1433 447 {magnus
1459 368 1520 409 es
1538 352 1854 447 igitur,l)o-
1887 352 1933 407 Α
1965 351 2199 447 tabitur.
2245 356 2359 426 fol.
2405 362 2471 416 69
2520 362 2577 416 et
2619 360 2709 417 70.
2761 362 2985 423 Oratio.
3034 369 3115 426 Ne
3166 374 3446 447 projicias
3482 396 3617 440 nos.

198 446 372 512 mine,
396 449 451 501 te
468 459 541 499 ex
556 440 748 498 nihilo
766 445 894 497 tam
914 438 1213 513 stupenda
1243 446 1484 513 tamque
1504 439 1853 514 multiplicia

197 550 386 592 creare
411 550 427 600 ;
447 531 753 602 benignus
774 533 995 596 autem,
1019 528 1166 585 dum
1188 534 1536 602 pereuntem
1562 529 1852 587 mundum

199 624 396 682 Christi
407 622 494 679 tui
515 618 813 690 sanguine
833 635 1077 691 reparas
1101 636 1118 675 :
1149 634 1425 690 magnus,
1450 619 1598 676 dum
1620 636 1849 677 exmor-

198 714 306 770 tuis
316 712 613 769 cadavera
625 707 903 774 suscitas;
920 707 1383 778 benignus,cum
1398 706 1663 765 excitatis
1674 710 1852 767 vitam

200 798 695 859 interminabilem
708 796 931 853 donas:
952 794 1166 852 Tribue
1190 797 1350 853 omni
1361 802 1565 868 potens
1578 801 1729 853 Deus
1746 813 1849 854 no-

200 890 289 947 bis
303 887 672 962 supplicibus
687 885 802 942 tuis
814 888 1058 941 ettantaa
1074 884 1504 956 magnitudinis
1526 884 1849 956 intelligere

201 982 572 1051 potestatem,
606 979 665 1032 et
700 973 1087 1044 benignitatis
1122 977 1237 1031 tua;
1276 974 1576 1047 suscipere
1612 991 1843 1047 pacem.

202 1078 259 1133 ﬂ.
288 1070 495 1123 Amen.

261 1159 364 1212 Per
386 1152 865 1211 misericordiam
890 1154 1071 1217 tuam,
1100 1151 1257 1207 Deus
1284 1159 1502 1218 noster,
1535 1156 1644 1210 etc.

264 1244 554 1301 Dominus
596 1242 671 1298 sit
719 1255 958 1313 semper
994 1238 1328 1297 vobiscum.
1358 1252 1420 1310 It.
1447 1239 1515 1297 Et
1543 1257 1682 1297 cum
1736 1243 1848 1315 spi-

195 1333 334 1389 ritu.

261 1420 604 1490 Antiphona
648 1422 699 1474 2.
739 1418 917 1483 Deus,
946 1417 1080 1490 quis
1104 1415 1315 1472 similis
1356 1415 1504 1473 tibi?
1529 1432 1603 1473 ne
1626 1421 1842 1487 taceas,

191 1524 379 1581 neque
408 1508 605 1572 sileas,
641 1509 818 1562 Deus.
844 1506 1111 1561 Psalmus
1135 1522 1345 1562 Lxxxu.

259 1598 482 1653 Oratio.
499 1598 680 1661 Deus,
696 1596 829 1667 quis
854 1590 1053 1649 similis
1075 1593 1178 1649 tibi
1192 1593 1378 1650 tamin
1391 1593 1654 1650 bonitate
1667 1611 1844 1667 quam

2036 440 2247 510 Quaere
2267 448 2431 519 m/ra
2455 450 2515 505 in
2535 450 2851 509 Matutim's
2871 440 3255 527 sequentibus.

2386 574 2473 631 De
2491 577 2724 646 jejunio
2752 579 3141 653 Epiphaniae.

2033 693 2243 751 Omnes
2270 698 2605 768 jejunemus
2631 703 2713 759 ad
2734 708 3101 765 exorandum
3140 710 3453 771 Dominum
3486 732 3615 774 nos-

1961 786 2119 874 tram
2148 784 2344 840 Iesum
2370 787 2677 846 Christum
2697 808 2802 863 pro
2820 798 3078 863 peccatis
3107 800 3341 866 nostris,
3373 817 3446 860 ac
3470 820 3617 874 pace

1958 870 2469 946 impetranda;vel
2500 878 2582 934 ad
2602 894 2807 937 sacras
2841 884 3114 943 lectiones
3142 870 3482 947 audiendas
3498 893 3615 949 Ec-

1959 958 2197 1015 clesium
2218 963 2457 1019 Domini
2476 966 2936 1038 frequentemus.

2028 1097 2223 1139 TERTIO
2278 1102 2366 1142 DIE
2428 1103 2572 1151 QUOD
2644 1107 2736 1147 EST
2792 1109 3002 1151 VlGlLIA
3034 1112 3334 1156 EPIPHANIE
3401 1118 3611 1161 DOKINI.

2564 1212 2666 1269 Ad
2690 1215 3070 1275 Hatutinum.

2025 1330 2394 1400 Antiphona.
2419 1336 2500 1389 Tu
2521 1339 2722 1393 autem
2744 1339 2992 1396 Domine
3013 1345 3318 1414 susceptor
3334 1361 3503 1403 meus
3524 1359 3608 1415 es,

1954 1416 2142 1487 gloria
2166 1435 2320 1484 mea,
2354 1425 2410 1477 et
2436 1422 2702 1481 exaltans
2729 1430 2903 1497 caput
2936 1443 3162 1487 meum.
3195 1430 3483 1489 Psalmus
3514 1450 3601 1490 Ill.

2027 1506 2249 1563 Oratio.
2284 1510 2589 1578 Quamvis,
2620 1513 2887 1570 Domine.
2919 1516 3174 1587 Require
3190 1519 3302 1588 fol.
3333 1524 3419 1577 68.

2024 1596 2379 1666 Antiphona
2401 1603 2449 1652 1.
2467 1601 2618 1656 Bene
2630 1602 2900 1659 nuntiate
2912 1604 2985 1659 de
3001 1604 3095 1661 die
3109 1605 3170 1662 in
3182 1606 3341 1665 diem
3356 1608 3612 1666 salutare

192 1687 247 1742 in
279 1686 495 1741 virtute
523 1684 553 1739 ?
579 1683 685 1757 qui
712 1686 951 1739 sanctos
976 1686 1106 1737 tuos
1132 1687 1189 1739 et
1238 1682 1499 1738 bonitate
1538 1683 1756 1749 crudis,
1790 1687 1847 1740 et
1878 1690 1922 1745 Β
1954 1683 2107 1754 ejus.
2138 1686 2417 1741 Psalmus
2454 1704 2615 1744 xcxv.

192 1774 397 1830 virtute
413 1771 720 1827 defendis:
739 1771 841 1843 qui
858 1770 1236 1826 inimicorum
1254 1786 1360 1826 ora
1377 1770 1685 1827 frementia
1697 1788 1845 1828 com-

191 1862 417 1937 primis,
449 1865 507 1918 et
531 1866 771 1916 tuorum
798 1859 1237 1915 obsecrationes
1254 1860 1532 1929 agnoscis
1552 1877 1563 1915 :
1581 1860 1656 1917 da
1672 1862 1847 1918 nobis

191 1952 261 2008 de
284 1956 387 2007 tua
398 1950 667 2006 bonitate
679 1946 1118 2004 conﬁdentibus
1131 1963 1382 2019 operum
1399 1948 1699 2005 bonorum
1713 1965 1844 2022 par-

189 2039 448 2108 ticulam,
480 2054 614 2111 quae
642 2052 755 2093 nos
787 2036 864 2093 ab
890 2035 1113 2092 inimici
1141 2034 1393 2093 consilio
1421 2041 1577 2093 tutos
1601 2035 1838 2109 efﬁciat,

182 2132 231 2187 et
256 2128 587 2187 mundatos
616 2143 653 2184 a
683 2126 933 2182 crimine
952 2125 1053 2181 tibi
1082 2125 1317 2197 placere
1342 2126 1618 2183 ostendat
1665 2145 1677 2182 :
1702 2133 1758 2183 et
1784 2131 1847 2184 tu

184 2235 288 2276 nos
313 2216 617 2291 perducas
646 2214 726 2271 ad
751 2214 1008 2283 gloriam
1029 2219 1335 2276 aeternam.
1364 2215 1467 2287 qui
1498 2216 1664 2272 solus
1684 2232 1745 2272 es
1761 2216 1850 2272 Al-

186 2308 450 2364 tissimus
473 2320 656 2377 super
675 2319 922 2359 omnem
947 2307 1181 2359 terram.
1209 2315 1275 2371 B1.
1300 2307 1508 2359 Amen.

250 2397 359 2452 Per
384 2392 863 2450 misericordiam
893 2397 1080 2462 tuam,
1114 2394 1265 2447 Deus
1289 2397 1511 2459 noster,
1546 2394 1658 2453 etc.

256 2483 552 2541 Dominus
580 2483 654 2538 sit
678 2497 916 2554 semper
951 2480 1293 2537 vobiscum.
1333 2492 1396 2551 It.
1447 2484 1512 2537 Et
1537 2498 1696 2550 cum,
1739 2486 1847 2539 etc.

252 2573 617 2641 Antiphona
632 2572 1080 2641 3.Surge,Deus,
1093 2570 1111 2640 j
1123 2569 1299 2625 udica
1314 2576 1531 2626 terram
1551 2588 1563 2625 :
1579 2573 1853 2643 quoniam

195 2671 250 2718 tu
263 2661 594 2718 dominaris
610 2658 885 2715 omnibus
903 2657 1214 2713 Gentibus.
1228 2657 1495 2715 Psalmus
1517 2668 1709 2715 Lxxxi.

260 2753 499 2809 Preces.
524 2748 617 2804 Ad
640 2755 695 2805 te
716 2748 1070 2815 clamamus,
1107 2747 1376 2814 Domine,
1418 2765 1744 2820 precamur.
1792 2752 1852 2804 P.

199 2842 266 2897 Ut
288 2839 602 2897 exaudias.
628 2838 689 2899 ἡ.
716 2836 943 2894 Christe
965 2836 1322 2907 Redemptor
1347 2837 1619 2891 omnium
1642 2836 1859 2893 exaudi

202 2944 404 3003 preces
433 2926 799 2999 supplicum.
829 2927 888 2979 P.
924 2926 993 2980 Ut
1023 2924 1327 2981 exaudias.
1361 2924 1422 2985 ὴν.
1461 2926 1732 2981 Concede
1758 2941 1858 2981 no-

2028 1770 2251 1829 Oratio.
2281 1772 2487 1831 Cantet
2522 1776 2625 1832 tibi
2658 1791 2875 1834 novum
2906 1779 3191 1836 canticum
3217 1784 3610 1840 numerositas

1952 1859 2397 1931 redemptorum
2426 1879 2437 1917 :
2462 1878 2619 1919 nova
2636 1863 2820 1921 fecisti
2839 1866 3146 1925 miracula:
3169 1885 3393 1926 novum
3407 1870 3611 1927 lumen

1954 1952 2150 2003 ortum
2166 1964 2239 2005 ex
2264 1948 2517 2020 Virgine,
2547 1952 2713 2024 quod
2744 1957 2943 2010 tamen
2969 1956 3175 2013 Dietati
3204 1973 3328 2015 non
3355 1962 3480 2015 erat
3510 1974 3613 2015 no-

1954 2052 2118 2101 vum,
2133 2037 2239 2092 sed
2259 2053 2486 2094 novum
2507 2044 2592 2096 est
2605 2040 2840 2098 insolito
2858 2049 3188 2101 monstrato
3207 2045 3496 2102 miraculo
3510 2063 3613 2103 no-

1955 2140 2091 2180 vum
2103 2127 2564 2196 regenerationis
2582 2130 2639 2199 8
2651 2132 2693 2200 1
2708 2133 3067 2202 mysterium;
3093 2133 3155 2187 in
3175 2150 3296 2206 quo
3317 2138 3507 2191 totum
3528 2136 3614 2191 in-

1958 2229 2147 2269 novas
2169 2215 2466 2271 mundum
2487 2234 2498 2271 :
2520 2233 2680 2273 nova
2701 2234 2917 2287 genera
2936 2221 3211 2277 virtutum
3238 2222 3298 2279 in
3311 2218 3615 2280 curatione

1958 2318 2257 2372 regrorum
2293 2324 2305 2358 :
2340 2318 2566 2361 novum
2596 2305 2946 2365 humilitatis
2960 2325 3029 2365 ac
3042 2310 3336 2381 patientiae
3361 2311 3616 2367 modum

1958 2391 2021 2445 in
2043 2391 2324 2463 superbia
2338 2395 2827 2465 persequentium
2854 2414 2864 2450 :
2885 2413 3112 2455 novum
3130 2399 3615 2472 stupendumque

1962 2496 2152 2551 genus
2191 2482 2421 2538 virtutis
2445 2484 2503 2538 in
2522 2484 2710 2555 gloria
2737 2489 3118 2558 resurgentis:
3151 2505 3308 2546 nova
3334 2488 3616 2545 humanis

1962 2569 2190 2625 visibus
2211 2574 2325 2626 tuae
2350 2572 2683 2628 ostenditur
2701 2576 3028 2645 majestatis
3054 2581 3336 2648 potestas;
3375 2594 3506 2633 cum
3530 2593 3621 2633 ve-

1962 2672 2096 2711 rum
2113 2657 2424 2714 hominem
2446 2660 2523 2715 ad
2545 2660 2833 2716 caelorum
2856 2662 3282 2719 sublimitatem
3305 2664 3581 2736 deportas
3605 2681 3616 2718 :

1965 2745 2235 2801 Concede
2263 2762 2373 2817 pro
2410 2746 2633 2818 quibus
2668 2754 2790 2804 tam
2819 2764 2979 2804 nova
3001 2748 3293 2807 miracula
3323 2751 3622 2820 gloriosus

1967 2835 2161 2907 opifex
2173 2835 2393 2891 indidis
2402 2838 2458 2899 ti,
2474 2835 2585 2891 hos
2599 2840 2656 2892 et
2670 2837 3054 2908 vestigiorum
3065 2842 3295 2895 tuorum
3310 2854 3620 2911 sequaces,

1968 2929 2024 2980 et
2053 2924 2254 2995 gloriae
2276 2923 2461 2980 facias
2491 2924 2835 2992 coheredes;
2870 2931 3047 2999 atque
3069 2927 3392 2984 melodiam
3413 2928 3624 2983 carmi-

204 3017 294 3072 bis
330 3017 558 3072 donum
602 3014 828 3085 gratiae,
857 3017 914 3069 et
948 3013 1205 3069 fructum
1252 3014 1635 3086 poenitentiae.
1690 3015 1749 3068 P.
1795 3016 1862 3069 Ut
1899 3036 1940 3093 ρ
1969 3012 2083 3079 nis,
2103 3030 2212 3070 nec
2251 3028 2372 3070 non
2398 3013 2549 3070 inter
2584 3018 2941 3071 Sanctorum
2980 3016 3269 3086 fragores,
3310 3020 3365 3074 et
3390 3020 3624 3074 nostras

206 3106 514 3162 exaudias.
577 3103 638 3164 in
674 3106 932 3159 Remove
982 3118 1018 3158 a
1057 3101 1235 3158 nobis
1283 3103 1570 3172 gladium,
1613 3103 1856 3168 famem,

202 3201 253 3251 et
266 3194 693 3267 pestilentiam.
716 3192 779 3246 P.
802 3193 870 3247 Ut
890 3189 1205 3247 exaudias.
1235 3190 1296 3252 if.
1324 3192 1490 3248 Solve
1521 3192 1713 3260 delicti
1737 3192 1860 3264 pia-

198 3284 419 3350 culum,
452 3287 510 3337 et
538 3281 703 3337 dona
728 3279 1193 3349 indulgentiam.
1223 3280 1285 3334 P.
1320 3282 1389 3336 Ut
1414 3280 1714 3337 exaudias.

266 3373 581 3444 Capitula.
617 3372 869 3440 Exurge,
922 3368 1094 3434 Deus,
1127 3369 1231 3440 qui
1252 3370 1489 3440 judicas
1516 3376 1731 3426 terram
1766 3372 1863 3425 :et

197 3462 447 3519 brachio
480 3459 853 3516 fortitudinis
883 3474 1040 3528 rege,
1072 3473 1225 3529 quos
1260 3458 1524 3530 trophaeo
1554 3459 1757 3515 Crucis
1777 3458 1860 3514 di—

198 3556 417 3623 gnatus
435 3565 500 3605 es
517 3562 870 3620 comparare
893 3562 907 3602 ς
925 3562 993 3602 ac
1006 3562 1114 3619 pro
1127 3546 1347 3619 quibus
1359 3547 1515 3603 fusio
1548 3548 1702 3603 sacri
1729 3563 1861 3604 san-

198 3640 399 3710 guinis
420 3642 586 3695 extat
609 3637 967 3708 redemptio,
995 3635 1072 3691 ab
1094 3636 1188 3691 his
1215 3635 1318 3692 tibi
1345 3637 1641 3693 deferatur
1659 3637 1863 3693 votiva

200 3727 495 3784 confessio
522 3747 540 3781 :
577 3730 634 3783 et
668 3725 773 3798 qui
811 3725 1154 3796 passionem
1187 3724 1612 3797 redemptionis
1643 3730 1860 3781 nostra;

201 3817 525 3883 credimus,
546 3815 877 3885 gloriosam
891 3814 1380 3872 resurrectionem
1400 3815 1667 3881 fatemur,
1684 3820 1862 3886 atque

199 3920 517 3962 ascensum
535 3904 607 3959 ad
622 3903 846 3959 aethera
865 3902 1288 3974 praedicamus,
1309 3903 1685 3976 reditumque
1705 3908 1862 3958 tuum

199 3994 449 4051 terribili
464 4008 714 4049 recursu
742 3993 1022 4048 timemus
1042 4010 1059 4062 ;
1081 3992 1156 4048 ad
1170 4007 1381 4049 vocem
1396 3991 1552 4048 tubae
1566 4007 1863 4064 cumprae-

198 4083 530 4147 conaverit,
548 4081 883 4154 gaudentes
896 4081 956 4137 in
970 4080 1283 4137 adventum
1301 4087 1453 4136 tuum
1466 4096 1858 4153 properemus:

193 4170 269 4229 Et
283 4179 377 4239 tu,
401 4172 862 4228 clementissime
886 4170 1153 4236 Domine,
1181 4186 1335 4242 quos
1354 4170 1652 4242 conspicis
1672 4170 1752 4227 ita
1772 4187 1864 4226 so-

191 4261 440 4317 lemnia
466 4260 672 4327 colere,
700 4261 807 4315 hos
838 4259 913 4316 de
944 4259 1232 4331 gehennae
1257 4259 1573 4316 ardoribus
1598 4275 1738 4316 erue
1763 4276 1776 4326 ;
1811 4262 1867 4316 et

193 4350 488 4421 gloriosas
519 4349 969 4405 resurrectionis
998 4348 1121 4404 ﬁeri
1148 4353 1362 4419 praesta
1393 4354 1721 4407 consortes.

264 4439 451 4495 Pater
474 4441 701 4493 noster.

812 4525 910 4580 Ad
953 4525 1265 4595 Vesperum

265 4615 513 4673 Lauda.
533 4614 630 4671 Sol
650 4615 1193 4687 agnovitoccasum
1209 4631 1407 4672 suum.
1434 4616 1687 4673 Posuisti
1705 4620 1865 4673 tene-

190 4702 361 4771 bras,
395 4703 628 4761 etfacta
650 4710 738 4760 est
762 4719 895 4761 nox.

264 4794 657 4860 Antiphona.
713 4793 1048 4866 Disrumpe,
1112 4794 1358 4851 Domine
1398 4798 1575 4865 Deus,
1630 4794 1867 4851 vincula

190 4888 597 4954 peccatorum
626 4900 639 4938 :
709 4886 775 4937 ut
805 4882 1209 4939 sacrificemus
1231 4883 1334 4939 tibi
1358 4883 1618 4940 hostiam
1646 4882 1864 4940 laudis.

194 4971 309 5028 Psa
318 4973 479 5028 Imus
520 4987 654 5028 cxv.

272 5061 508 5117 Lauda.
535 5062 615 5115 Tu
634 5059 928 5116 mandasti
952 5060 1231 5117 mandata
1253 5065 1355 5117 tua
1379 5061 1676 5117 custodire
1698 5060 1867 5117 nimis

190 5147 264 5205 ‘t‘i.
325 5152 567 5207 Utinam
618 5149 955 5221 dirigantur
994 5150 1103 5206 vim
1134 5165 1303 5220 meae,
1345 5151 1423 5207 ad
1444 5150 1867 5208 custodiendas

190 5235 661 5305 jnstiﬁcationes
702 5244 852 5295 tuas.

270 5327 565 5399 Hymnus.
587 5328 1117 5397 Benignitatisfons
1132 5332 1304 5385 Deus.
1321 5329 1712 5399 Supplicatio.
1736 5332 1870 5386 Ore-

188 5430 331 5471 mus
364 5420 858 5491 Redemptorem.
895 5419 1195 5487 Capitula.
1229 5420 1599 5475 Dilectissimi
1636 5421 1866 5475 fratres.

188 5506 567 5566 Benedictio.
593 5507 865 5565 Christus
882 5507 1188 5564 Dominus.
1217 5510 1441 5567 Lauda.
1458 5509 1722 5567 Alleluia.
1744 5512 1865 5567 Lae-

558 5599 806 5655 PATROL.
864 5596 1128 5658 LXXXVI.

1969 3118 2144 3159 voces
2173 3101 2512 3158 admisceas
2542 3107 2998 3175 perstrepentes.
3042 3116 3104 3175 Rt.
3147 3110 3355 3161 Amen.

2046 3191 2154 3247 Per
2180 3190 2658 3247 misericordiam
2690 3196 2873 3249 tuam.
3222 3242 3231 3249 .

2042 3281 2385 3350 Antiphona
2404 3285 2456 3336 2.
2496 3281 2783 3337 Dominus
2808 3282 2869 3337 in
2894 3282 3032 3339 Sion
3052 3297 3313 3352 magnus
3338 3299 3348 3337 :
3377 3283 3434 3337 et
3464 3281 3627 3339 excel

1974 3386 2076 3426 sus
2091 3386 2270 3442 super
2293 3385 2505 3426 omnes
2530 3370 2808 3443 populos.
2835 3372 3118 3427 Psalmus
3141 3386 3337 3426 xcvm.

2045 3459 2272 3516 Oratio.
2314 3460 2670 3531 Redemptor
2733 3462 2952 3527 noster,
2996 3456 3264 3523 Domine,
3308 3456 3410 3528 qui
3439 3471 3620 3528 super

1973 3563 2217 3604 omnem
2240 3547 2610 3603 altitudinem
2640 3546 2923 3617 excelsus,
2954 3550 3008 3602 et
3034 3545 3095 3600 in
3125 3544 3265 3602 Sion
3285 3543 3627 3616 agnosceris

1973 3653 2232 3707 magnus
2258 3654 2272 3704 ;
2302 3637 2709 3692 credulitatem
2737 3633 3009 3691 Ecclesiae
3028 3640 3142 3690 tuae
3174 3635 3233 3691 in
3259 3640 3309 3691 te
3331 3634 3629 3707 amplians

1971 3725 2190 3799 perﬁce
2222 3742 2235 3791 ;
2264 3729 2320 3781 et
2340 3723 2598 3797 populos
2626 3725 2685 3779 in
2716 3725 2845 3794 ejus
2872 3723 3203 3781 sinceritate
3225 3724 3317 3781 fac
3337 3722 3627 3780 coalesce-

1971 3830 2035 3871 re
2065 3819 2397 3870 :utnomen
2420 3816 2611 3879 tuum,
2638 3812 2803 3885 quod
2827 3829 3118 3883 magnum
3155 3818 3242 3870 est
3258 3812 3627 3880 conﬁtentes;

1973 3920 2045 3962 ac
2065 3903 2240 3974 regiae
2262 3902 2464 3973 gloriae
2479 3901 2771 3958 honorem
2791 3901 2913 3967 tibi,
2932 3901 3071 3958 ﬁdei
3091 3902 3362 3958 servitute
3378 3900 3626 3958 offeren-

1973 3997 2059 4049 tes
2079 4011 2097 4065 ;
2123 3999 2183 4047 tu
2200 4007 2311 4048 nos
2332 3991 2646 4047 miseratus
2664 3991 2737 4047 de
2758 3991 2993 4048 excelso
3012 3992 3313 4064 prospice:
3339 3995 3394 4048 et
3414 3990 3492 4049 ab
3511 3990 3627 4047 hac

1973 4080 2308 4138 humilitate
2326 4086 2615 4137 terrarum
2658 4081 2719 4136 in
2742 4079 3161 4138 mansionibus
3186 4084 3493 4137 commuta
3513 4094 3627 4136 coe-

1974 4170 2191 4228 lorum.
2222 4181 2284 4239 at.
2313 4174 2522 4225 Amen.

2048 4259 2159 4315 Per
2173 4258 2639 4315 misericordiam
2667 4261 2853 4327 tuam,
2883 4260 3035 4315 Deus
3054 4262 3272 4325 noster,
3302 4261 3410 4316 etc.

2046 4349 2391 4418 Antiphona
2408 4352 2460 4404 3.
2488 4347 2775 4404 Dominus
2802 4364 3033 4405 memor
3054 4348 3163 4405 fuit
3182 4348 3369 4405 nostri
3394 4364 3407 4403 :
3441 4350 3497 4405 et
3523 4345 3626 4405 be-

1974 4437 2203 4495 nedixit
2224 4437 2418 4493 nobis.
2437 4437 2630 4493 Psalm
2641 4453 2706 4494 us
2730 4453 2885 4494 σιω.

2049 4528 2276 4584 Oratio.
2311 4526 2577 4592 Domine,
2604 4526 2707 4598 qui
2730 4542 2988 4582 sursum.
3018 4526 3272 4599 Require
3286 4526 3401 4597 fol.
3428 4529 3517 4581 72.

2048 4629 2112 4685 ἢ.
2138 4615 2503 4672 Hierusalem
2534 4615 2739 4672 civitas
2761 4619 2975 4671 sancta
2997 4614 3145 4672 ultra
3170 4631 3289 4672 non
3312 4619 3444 4685 eget
3463 4612 3585 4670 sole
3608 4627 3621 4669 :

1976 4706 2121 4780 quia
2161 4705 2392 4762 claritas
2422 4705 2523 4760 Dei
2549 4704 2846 4762 illuminat
2894 4720 3049 4761 eam.
3084 4705 3147 4761 P.
3184 4705 3469 4778 Splendor
3498 4704 3626 4774 ejus

1976 4811 2171 4866 agnus
2197 4799 2301 4851 est.
2332 4794 2401 4855 ἢν.
2438 4797 2649 4849 Turres
2680 4793 3039 4850 Hierusalem
3073 4809 3220 4850 auro
3246 4791 3633 4849 aediﬁcabun-

1974 4889 2089 4952 tur,
2110 4882 2638 4957 etpropugnacula
2659 4883 2788 4952 ejus
2812 4898 2959 4941 auro
2983 4881 3231 4938 mundo.
3247 4880 3312 4937 P.
3340 4880 3633 4955 Splendor

1974 4974 2039 5034 ἲν.
2072 4972 2350 5041 Gloria,et
2368 4972 2562 5029 honor
2588 4971 2767 5036 Patri,
2797 4977 2905 5028 etc.
2931 4974 2995 5026 P.
3026 4970 3343 5045 Splendor.

2613 5062 2686 5116 In
2724 5061 3027 5117 Laudibus

2048 5148 2415 5221 Antiphona.
2435 5148 2514 5204 Ne
2532 5148 2811 5222 projicias
2826 5164 2959 5221 nos,
2984 5151 3253 5223 Domine,
3271 5169 3308 5209 a
3324 5151 3471 5209 facie
3493 5154 3624 5204 tua:

1978 5246 2035 5299 et
2060 5241 2329 5314 spiritum
2353 5243 2629 5295 sanctum
2653 5244 2818 5296 tuum
2840 5257 2914 5297 ne
2938 5242 3173 5299 auferas
3193 5260 3228 5298 a
3248 5232 3628 5301 nobis,Psal—

1977 5346 2106 5387 mus
2137 5348 2188 5385 L.

2054 5419 2276 5477 Oratio.
2308 5420 2385 5473 Ne
2404 5417 2685 5491 projicias
2716 5436 2849 5490 nos,
2871 5421 3133 5483 Domine,
3156 5433 3189 5471 a
3207 5412 3468 5468 facietua
3487 5427 3502 5479 ;
3520 5424 3630 5464 ne-

1984 5527 2102 5585 que
2133 5508 2368 5567 auferas
2396 5508 2862 5568 misericordiam
2894 5514 3056 5565 tuam
3088 5522 3125 5561 a
3148 5500 3323 5558 nobis
3355 5517 3366 5555 :
3394 5504 3631 5574 utquos
