4118 6184
479 281 574 359 m

1738 232 2185 333 BREVIARIUM
2225 253 2619 336 cormCUM.

3782 245 3893 310 172

474 429 676 482 reatus
706 418 1039 476 facinorum
1069 412 1219 469 tenet
1248 405 1542 464 obnoxios
1569 400 1970 460 miserationis
2002 402 2117 455 tuae
2152 396 2198 450 A
2226 395 2426 448 Priora
2457 408 2528 447 ex
2554 396 2693 482 tunc
2719 385 3090 482 adnuntiavi,
3116 383 3171 482 et
3191 397 3263 438 ex
3289 394 3390 436 ore
3407 394 3554 482 ‘meo
3571 380 3688 449 82
3723 377 3888 482 exie-

477 509 788 570 clementia
825 505 1002 562 faciat
1029 498 1354 559 absolutos.
1388 507 1453 564 Iv.
1484 494 1694 549 Amen.

550 601 660 655 Per
678 593 1148 653 misericordiam
1180 593 1366 649 tuam,
1400 585 1554 639 Deus
1582 584 1800 646 noster,
1833 582 1941 634 etc.

548 689 972 746 AdCanti‘cum.
1013 681 1373 751 Antiphonti.
1412 673 1702 745 Splendor
1730 669 1879 726 lucis
1915 664 2124 722 illumi-

478 785 581 837 nat
606 793 759 844 eam,
793 781 848 830 et
871 775 1116 831 lucerna
1136 770 1263 838 ejus
1290 781 1482 833 agnus
1514 770 1623 817 est.

869 860 1179 917 Canticum
1213 854 1406 910 Tobiw
1436 853 1594 922 (Cap.
1624 851 1771 913 x111).
2113 915 2131 934 α

550 959 702 1011 Luce
740 951 899 1006 clara
929 945 1181 1015 fulgebis
1212 944 1270 997 in
1301 940 1582 997 omnibus
1610 936 1830 991 ﬁnibus
1878 939 2043 989 terra:
2074 947 2086 984 :

477 1044 752 1100 Nationes
774 1037 973 1094 multa:
999 1034 1073 1088 de
1102 1030 1431 1100 longinquo
1462 1026 1700 1081 venient
1724 1023 1849 1087 tibi,
1883 1025 1938 1076 et
1964 1018 2129 1074 habi-

478 1134 694 1186 tatores
719 1142 755 1181 a
781 1120 1118 1180 novissimis
1167 1116 1437 1189 partibus
1468 1118 1634 1169 terrm
1661 1110 1738 1166 ad
1763 1123 1984 1164 nomen
2015 1105 2126 1162 Do-

482 1216 628 1274 mini
660 1213 760 1267 Dei
803 1230 814 1266 :

552 1307 621 1359 Ut
639 1315 891 1357 munera
908 1296 1088 1352 suain
1099 1292 1380 1349 manibus
1393 1287 1833 1356 habentes,regi
1854 1284 2129 1342 caelorum

477 1392 734 1448 offerunt
771 1403 908 1443 cum
943 1384 1156 1439 lmtitia.
1200 1383 1305 1436 'Et
1336 1396 1556 1434 nomen
1585 1374 1815 1432 Domini
1840 1389 2128 1443 magnum

483 1482 589 1536 erit
616 1479 675 1533 in
716 1473 998 1532 omnibus
1028 1470 1260 1527 saeculis
1291 1467 1663 1523 saeculorum.

552 1564 837 1623 Maledicti
864 1577 1072 1618 omnes
1111 1559 1213 1632 qui
1253 1559 1536 1629 Spernunt
1558 1563 1628 1622 te,
1663 1555 1678 1571 '
1709 1556 1764 1609 et
1785 1567 1996 1609 omnes
2027 1549 2129 1623 qui

480 1653 905 1725 blasphemant
929 1656 982 1705 te
1015 1667 1027 1704 :

2226 486 2381 545 runt,
2411 482 2466 535 et
2488 479 2691 535 audita
2712 476 2822 534 feci
2841 492 2911 532 ea
2935 476 3194 548 :repente
3214 472 3499 542 operatus
3521 484 3679 533 sum,
3702 471 3758 523 et
3776 481 3888 522 ve-

2228 572 2464 625 nerunt.
2493 568 2624 624 Scio
2654 567 2811 622 enim
2843 565 2982 637 quia
3007 563 3195 619 durus
3225 577 3286 615 es
3317 563 3396 630 tu,
3435 561 3493 614 et
3520 573 3740 613 nervus
3766 555 3883 612 fer-

2231 674 2366 712 reus
2397 657 2593 711 cervix
2626 663 2738 717 tua,
2768 661 2823 709 et
2845 655 3000 709 frons
3033 657 3131 706 tua
3159 665 3315 706 aerea
3358 692 3372 705 .
3407 646 3653 702 Prmdixi
3677 645 3778 701 tibi
3811 659 3890 701 ex

2234 752 2372 802 tunc
2408 751 2500 810 ;et
2521 751 2845 816 antequam
2889 743 3150 796 venirent
3173 737 3433 794 iudicavi
3474 735 3601 804 tibi,
3636 751 3710 790 ne
3737 734 3888 790 forte

2235 835 2459 891 diceres
2493 852 2504 888 :
2531 833 2690 889 ldola
2712 849 2847 888 mea
2866 831 3130 886 fecerunt
3158 829 3308 896 haec,
3337 831 3392 882 et
3423 824 3720 898 sculptilia
3750 838 3890 879 mea

2236 927 2293 978 et
2319 922 2637 979 conﬂatilia
2662 920 3099 977 mandaverunt
3121 917 3249 973 ista.
3287 917 3428 981 Quae
3452 913 3722 981 audistis,
3747 911 3887 967 vide

2236 1012 2441 1068 omnia
2463 1029 2478 1064 :
2497 1027 2606 1066 vos
2627 1014 2825 1067 autem
2843 1025 2964 1064 non
2985 1005 3402 1063 adnuntiastis.
3422 1003 3636 1060 Audita
3651 1001 3762 1058 feci
3777 999 3889 1057 tibi

2236 1115 2394 1155 nova
2409 1116 2479 1153 ex
2497 1103 2717 1169 tunc,et
2738 1100 3089 1153 conservata
3104 1111 3239 1168 quae
3261 1094 3480 1150 nescis:
3504 1107 3662 1147 nunc
3685 1095 3890 1147 creata

2237 1193 2392 1255 sunt,
2421 1192 2476 1242 et
2506 1194 2628 1242 non
2653 1203 2725 1242 ex
2772 1191 2912 1242 tunc
2950 1202 2960 1239 :
3011 1189 3066 1240 et
3090 1187 3225 1240 ante
3255 1183 3434 1248 diem,
3460 1185 3656 1238 etnon
3687 1179 3890 1236 vidisti

2236 1294 2325 1342 ea,
2346 1293 2419 1332 ne
2436 1275 2582 1332 forte
2599 1275 2762 1331 dicas
2800 1293 2812 1329 :
2836 1277 2978 1330 Ecce
2995 1272 3327 1342 cognovisti
3345 1289 3433 1337 ea,
3455 1273 3652 1344 Neque
3668 1269 3886 1326 audisti

2236 1383 2431 1438 neque
2453 1365 2800 1435 cognovisti,
2816 1380 3008 1436 neque
3021 1380 3094 1418 ex
3107 1368 3243 1418 tunc
3255 1368 3460 1434 aperta
3472 1360 3729 1416 estauris
3757 1365 3878 1416 tua:

2238 1457 2358 1512 scio
2382 1455 2541 1511 enim
2558 1452 2719 1527 [quia
2744 1452 3140 1526 praevaricans
3165 1449 3604 1523 prmvaricabis,
3630 1452 3685 1505 et
3701 1455 3892 1506 trans-

2236 1561 2570 1616 gressorem
2584 1561 2655 1599 ex
2671 1547 2867 1598 ventre
2881 1541 3091 1598 vocavi
3105 1547 3176 1596 te.
3198 1543 3434 1612 Propter
3448 1554 3671 1595 nomen
3703 1554 3890 1594 meum

2234 1634 2410 1703 longe
2431 1634 2650 1689 faciam
2669 1632 2929 1688 furorem
2950 1647 3164 1686 meum:
3191 1635 3246 1686 et
3273 1628 3451 1686 laude
3474 1645 3610 1685 mea
3632 1627 3891 1686 infrena-

551 1717 837 1799 Maledicti
856 1753 1067 1794 omnes
1096 1735 1200 1808 qui
1238 1735 1493 1791 oderunt
1513 1736 1591 1797 te,
1637 1733 1657 1753 '
1679 1734 1736 1787 et
1765 1744 1975 1786 omnes
2024 1728 2129 1800 qui
2158 1740 2202 1793 Β
2235 1723 2315 1779 bo
2333 1728 2407 1789 te,
2427 1739 2500 1778 ne
2521 1723 2798 1778 intereas.
2819 1724 2963 1776 Ecce
2985 1735 3323 1792 excoquam
3345 1723 3420 1785 te,
3445 1718 3553 1808 sed
3567 1733 3691 1774 non
3707 1717 3890 1791 quasi

483 1828 758 1887 dixerunt
785 1827 847 1883 in
871 1829 926 1882 te
947 1824 1198 1881 verbum
1230 1823 1450 1878 durum
1483 1839 1496 1877 :

553 1915 838 1974 Maledicti
857 1931 1066 1971 omnes
1096 1913 1200 1985 qui
1239 1911 1550 1983 deponunt
1591 1916 1663 1979 te,
1693 1911 1749 1963 et
1777 1920 1986 1962 omnes
2026 1904 2129 1976 qui

482 2008 798 2064 destruunt
826 2019 1030 2059 muros
1071 2007 1225 2070 tuos,
1258 2001 1278 2020 '
1313 2003 1369 2056 et
1396 2012 1610 2055 omnes
1635 1996 1741 2068 qui
1778 1995 2130 2050 subvertunt

480 2101 670 2153 turres
699 2099 852 2159 tuas,
877 2098 931 2149 et
956 2107 1165 2148 omnes
1184 2089 1285 2162 qui
1339 2087 1714 2144 succendunt
1733 2082 2129 2141 habitationes

481 2190 633 2329 mg.
654 2269 954 2328 benedicti
982 2275 1151 2326 erunt
1170 2268 1232 2324 in
1258 2270 1313 2324 te
1337 2269 1351 2283 '
1369 2281 1580 2322 omnes
1607 2263 1711 2337 qui
1731 2261 2029 2319 aediﬁcant
2054 2264 2128 2328 te,

481 2362 542 2418 in
571 2364 878 2417 aeternum.

552 2452 712 2506 Tunc
743 2448 934 2520 gaude
959 2450 1015 2504 et
1041 2447 1240 2503 laetare
1269 2461 1408 2501 cum
1437 2443 1574 2500 ﬁliis
1596 2443 1916 2514 justorum,
1945 2439 1966 2461 ⁶
1991 2438 2133 2512 quia

483 2555 693 2596 omnes
711 2537 1074 2608 colligentur,
1095 2539 1151 2592 et
1164 2533 1520 2591 benedicent
1541 2531 1862 2589 Dominum
1876 2530 1938 2586 in
1967 2532 2131 2585 aeter-

486 2643 654 2682 num.

559 2713 772 2770 Felices
791 2711 894 2784 qui
914 2710 1168 2781 diligunt
1183 2707 1484 2775 te‘,felices
1509 2705 1616 2779 qui
1633 2705 1895 2777 gaudent
1910 2704 1970 2761 in
1986 2719 2135 2776 pace

488 2804 610 2857 tua.

557 2891 623 2943 Et
643 2885 839 2943 felices
879 2901 1090 2943 omnes
1114 2885 1387 2942 homines
1408 2882 1511 2956 qui
1543 2880 2052 2939 contristabuntur
2075 2879 2137 2935 in

488 2976 770 3033 omnibus
790 2974 1040 3044 ﬂagellis
1054 2974 1186 3042 tuis,
1203 2973 1507 3044 'quoniam
1527 2971 1893 3040 gaudebunt,
1910 2974 1965 3025 et
1979 2969 2139 3024 vide-

488 3063 642 3117 bunt
660 3077 838 3116 omne
866 3061 1156 3129 gaudium
1182 3065 1351 3114 tuum
1386 3060 1446 3113 in
1477 3058 1711 3113 saecula.

560 3149 775 3203 Anima
825 3163 956 3202 mea
1020 3146 1330 3201 benedicet
1389 3146 1710 3200 Dominum
1758 3161 1961 3216 regem
2007 3162 2138 3203 ma-

492 3252 701 3308 gnum,
727 3239 745 3256 '
766 3236 909 3307 quia
931 3235 1202 3290 liberavit
1231 3233 1616 3289 Hierusalem.

565 3327 628 3381 Et
657 3323 1278 3381 eediticabituriterum
1299 3321 1516 3378 domus
1547 3323 1695 3394 ejus,
1726 3322 1746 3343 ¹
1770 3322 1830 3378 in
1862 3321 2142 3378 omnibus

494 3414 722 3472 saeculis
740 3413 1098 3470 saeculorum
1137 3410 1517 3468 confitebitur
1546 3411 1774 3467 nomini
1791 3411 1946 3482 regis
1975 3411 2142 3467 caelo-

492 3521 650 3560 rum.

567 3590 730 3647 Ostia
750 3589 1116 3646 Hierusalem
1147 3587 1470 3660 smaragdo
1493 3593 1549 3646 et
1578 3588 1862 3662 sapphiro
1892 3589 2143 3646 fabrica-

493 3678 717 3735 buntur
748 3695 760 3733 :
791 3681 810 3700 ”
840 3681 896 3734 et
924 3676 1153 3749 lapides
1184 3678 1428 3750 pretiosi
1449 3695 1657 3734 omnes
1689 3678 1843 3734 muri
1862 3679 1962 3734 tui.

565 3770 774 3822 Turres
792 3766 1162 3823 Hierusalem
1191 3783 1337 3823 auro
1369 3767 1839 3835 mdiﬁcabuntur,
1862 3771 1881 3790 '
1922 3771 1979 3824 et
2009 3783 2144 3840 pro-

495 3855 841 3928 pugnacula
877 3855 1007 3927 ejus
1035 3871 1181 3912 auro
1207 3857 1456 3913 mundo.

568 3945 778 4000 Platem
808 3944 1174 4001 Hierusalem
1211 3946 1510 4001 canticum
1536 3945 1749 4002 laetitiae
1783 3945 2014 4015 dicunt,
2047 3948 2059 3962 '
2088 3948 2144 4002 et

497 4033 690 4090 omnis
718 4032 881 4089 vicus
910 4033 1059 4104 ejus,
1092 4032 1360 4090 Alleluia.

567 4122 918 4179 Benedictus
940 4122 1248 4192 Dominus,
1274 4121 1378 4194 qui
1399 4122 1614 4180 exaltat
1636 4128 1709 4193 te,
1725 4123 2142 4181 etbenedictus

497 4210 558 4268 in
579 4212 862 4268 omnibus
885 4211 1116 4267 saeculis
1142 4211 1499 4268 saeculorum
1527 4214 1575 4266 :‘
1599 4214 1886 4284 quoniam
1903 4214 1962 4269 in
1983 4220 2033 4270 te
2047 4213 2143 4269 be-

495 4301 803 4357 nedicetur
830 4316 1009 4356 omne
1047 4305 1324 4357 sanctum
1355 4300 1413 4355 in
1444 4307 1752 4357 mtcrnum.

2237 1816 2569 1882 argentum,
2585 1811 2734 1880 elegi
2754 1810 2885 1866 tein
2907 1809 3146 1865 camino
3170 1807 3556 1880 paupertatis.
3583 1808 3777 1862 Proter
3790 1823 3889 1864 me

2237 1899 2475 1968 faciam,
2500 1904 2565 1955 ut
2603 1914 2726 1954 non
2764 1897 3146 1970 blasphemer
3170 1914 3182 1951 :
3207 1904 3262 1953 et
3297 1895 3549 1967 gloriam
3588 1911 3790 1952 meam
3809 1894 3892 1952 al-

2237 1989 2344 2045 teri
2374 2004 2494 2044 non
2514 1987 2690 2043 dabo.
2730 1999 2792 2056 Bt.
2825 1988 3036 2044 Amen.

2309 2077 2594 2146 Hymnus.
2618 2075 3005 2144 Benignitatis
3035 2073 3188 2130 fons.
3220 2073 3607 2144 Supplicatz‘o.
3636 2075 3891 2129 Oremus

2239 2167 2695 2237 Redemptorem
2713 2164 2943 2220 mundi.
2965 2163 3267 2232 Capitula.
3295 2161 3664 2218 Dilectissimi
3680 2161 3893 2219 fratres

2238 2256 2343 2327 qui
2364 2253 2586 2310 omnia.
2608 2253 2836 2310 Lauda.
2870 2252 3135 2308 Alleluia.
3162 2251 3476 2308 Laetabitur
3497 2251 3753 2308 deserta.
3788 2253 3895 2308 Be-

2237 2344 2517 2400 nedictio.
2538 2343 2802 2399 Christus
2824 2342 3128 2408 Dominus,
3159 2341 3416 2414 quicum
3435 2341 3627 2400 Patre.
3644 2341 3893 2413 Require

2237 2434 2349 2502 fol.
2383 2437 2449 2488 69
2481 2437 2536 2489 et
2560 2433 2650 2488 70.

2807 2519 2894 2574 Ad
2923 2519 3189 2575 Tertiam.

2632 2607 3014 2665 Proverbium
3039 2607 3373 2666 Salomonis
3401 2606 3569 2680 (Cap.
3595 2615 3717 2678 xv).

2315 2710 2377 2769 BI.
2417 2698 2536 2753 Dco
2563 2697 2804 2766 gratias.

2318 2786 2438 2858 Fili,
2458 2786 2639 2842 Labia
2652 2785 3010 2858 sapientium
3027 2784 3513 2842 disseminabunt
3541 2784 3853 2842 scientiam
3891 2799 3906 2842 :

2246 2890 2348 2930 cor
2360 2875 2675 2931 stultorum
2699 2875 2985 2931 dissimile
2997 2874 3274 2931 erit.Victi
3285 2891 3396 2930 mae
3411 2873 3734 2947 impiorum
3753 2873 3906 2930 abo-

2246 2963 2559 3020 minabiles
2582 2964 2834 3020 Domino
2865 2981 2876 3019 :
2902 2967 3040 3020 vota
3055 2963 3354 3035 justorum
3377 2961 3716 3036 placabilia.
3750 2962 3911 3020 Abo-

2176 3092 2215 3147 C
2249 3054 2495 3110 minatio
2526 3059 2612 3109 est
2645 3055 2893 3110 Domino
2939 3053 3034 3109 via
3062 3053 3231 3125 impii
3266 3071 3276 3109 :
3307 3054 3411 3126 qui
3439 3053 3706 3126 sequitur
3735 3051 3909 3124 justi-

2248 3143 2416 3206 tiam,
2437 3141 2700 3212 diligitur
2720 3142 2798 3198 ab
2819 3159 2910 3198 eo.
2931 3142 3208 3198 Doctrina
3228 3141 3390 3199 mala
3409 3142 3698 3199 deserenti
3741 3143 3905 3198 viam

2247 3231 2384 3287 vitae
2407 3247 2419 3285 :
2445 3231 2548 3303 qui
2573 3231 3008 3304 increpationes
3029 3231 3170 3297 odit,
3197 3231 3496 3288 morietur.
3525 3232 3817 3295 Infernus,
3842 3233 3902 3288 et

2248 3320 2499 3393 perditio
2521 3338 2724 3377 coram
2749 3319 3034 3376 Domino:
3063 3325 3290 3394 quanto
3319 3321 3513 3393 magis
3549 3321 3732 3377 corda
3757 3321 3910 3378 ﬁlio-

2249 3426 2384 3465 rum
2406 3408 2723 3466 hominum
2738 3412 2764 3466 ‘I
2783 3414 2909 3466 Non
2926 3414 3090 3466 amat
3105 3410 3387 3483 pestilens
3407 3426 3564 3476 eum,
3581 3410 3686 3482 qui
3703 3426 3763 3467 se
3781 3427 3916 3468 cor-

2249 3499 2389 3571 ripit
2421 3518 2434 3556 :
2460 3515 2567 3554 nec
2593 3500 2670 3554 ad
2693 3499 2989 3572 sapientes
3007 3499 3292 3571 graditur.
3316 3501 3424 3555 Cor
3443 3499 3729 3572 sapientis
3741 3499 3914 3557 exhi-

2250 3587 2402 3644 larat
2447 3588 2658 3644 faciem
2687 3606 2699 3643 :
2725 3588 2789 3645 in
2815 3604 3071 3645 maerore
3110 3588 3294 3644 animi
3328 3587 3604 3659 dejicitur
3635 3589 3902 3662 spiritus.

2253 3678 2372 3737 Cor
2413 3678 2696 3751 sapientis
2723 3681 2935 3752 quaerit
2969 3678 3341 3735 doctrinam:
3377 3682 3434 3734 et
3480 3694 3548 3735 os
3580 3679 3905 3736 stultorum

2253 3768 2848 3842 pasciturimperitia.
2880 3770 3097 3824 Omnes
3128 3768 3254 3824 dies
3275 3767 3580 3840 pauperis,
3614 3768 3759 3826 mali
3788 3787 3799 3825 :
3827 3785 3916 3826 se-

2256 3875 2394 3915 cura
2421 3875 2593 3914 mens
2619 3859 2792 3930 quasi
2815 3860 2958 3931 juge
2987 3857 3552 3915 convivium.Melius
3581 3861 3671 3914 est
3693 3875 3914 3931 parum

2255 3965 2392 4005 cum
2416 3949 2623 4004 timore
2645 3947 2890 4014 Domini,
2914 3964 3101 4020 quam
3123 3947 3388 4004 thesauri
3417 3946 3644 4018 magni,
3679 3952 3735 4003 et
3755 3947 3920 4006 insa~

2255 4037 2501 4095 tiabiles.
2538 4037 2740 4094 Melius
2770 4041 2857 4093 est
2878 4051 3090 4092 vocare
3120 4036 3198 4092 ad
3237 4035 3398 4092 olera
3434 4051 3574 4091 cnm
3616 4035 3914 4094 charitate

2255 4142 2433 4199 quam
2446 4125 2523 4182 ad
2541 4124 2786 4182 vitulum
2801 4125 3140 4195 saginatum
3153 4141 3290 4181 cum
3303 4124 3569 4181 odio.Vir
3583 4122 3916 4182 iracundus

2252 4221 2540 4288 provocat
2579 4215 2738 4271 rixas
2775 4235 2786 4274 :
2817 4215 2921 4287 qui
2950 4214 3182 4287 patiens
3207 4220 3298 4271 est
3335 4213 3562 4284 mitigat
3586 4213 3902 4270 excitatas.

2254 4307 2363 4360 Iter
2381 4305 2703 4377 impiorum
2727 4304 2899 4376 quasi
2922 4320 3094 4376 sepes
3115 4304 3424 4377 spinarum
3448 4319 3462 4354 :
3491 4303 3590 4360 via
3604 4303 3919 4375 justorum

564 4388 1048 4446 Matutinarz’um.
1083 4389 1446 4458 Antiphona.
1481 4390 1686 4446 Emitte
1716 4391 1910 4447 lucem
1957 4395 2142 4463 tuam,
2175 4419 2223 4475 Ι)
2255 4396 2487 4467 absque
2518 4391 2896 4450 offendiculo.
2928 4405 2992 4464 Br.
3025 4394 3234 4449 Amen.

496 4479 764 4542 Domine,
793 4484 848 4534 et
862 4477 1167 4534 veritatem
1187 4483 1372 4535 tuam.
1396 4477 1458 4539 ἢν.
1487 4483 1623 4550 Ipsa
1637 4495 1731 4535 me
1745 4478 2140 4550 deduxerunt,

494 4571 552 4626 et
578 4567 987 4642 perduxerunt
1013 4567 1074 4623 in
1101 4571 1300 4624 monte
1329 4571 1535 4624 sancto
1560 4572 1680 4625 tuo.
1720 4567 1930 4635 Gloria,
1960 4574 2016 4626 et
2035 4570 2143 4626 ho-

493 4671 606 4714 nor
642 4658 818 4728 Patri,
853 4660 966 4712 etc.

565 4747 788 4804 Lauda.
824 4746 1027 4802 Omnis
1059 4745 1298 4817 spiritus
1328 4745 1528 4804 laubet
1559 4747 1940 4804 Domninum.
1989 4745 2144 4803 Psal<

493 4853 622 4894 mus
645 4852 872 4892 CXLVIII.

670 4926 863 4982 Lectio
883 4923 1021 4980 libri
1036 4925 1234 4983 Esaiw
1256 4923 1569 4994 Prophetas
1592 4927 1760 4995 (Cap.
1789 4928 2000 4994 xevm).

565 5027 627 5084 [ῃ.
658 5013 778 5070 Deo
805 5014 1043 5084 gratias.

562 5103 698 5158 Haec
719 5101 860 5159 dicit
886 5103 1174 5160 Dominus
1203 5120 1216 5160 :
1253 5103 1463 5160 Audite
1515 5119 1610 5159 me
1635 5103 1776 5172 haec,
1810 5101 2029 5159 domus
2054 5104 2143 5160 Jac

490 5191 603 5250 cob
623 5192 728 5266 qui
757 5193 1056 5249 vocamini
1086 5193 1329 5249 nomine
1359 5192 1559 5258 Israel,
1595 5196 1650 5249 et
1677 5192 1750 5247 de
1782 5192 1956 5264 aquis
1986 5194 2013 5246 J
2023 5192 2143 5248 uda

486 5282 706 5348 existis,
737 5280 1071 5354 quijuralis
1101 5284 1157 5335 in
1186 5282 1429 5336 nomine
1467 5282 1696 5337 Domini
1728 5281 1923 5344 Israel,
1947 5298 2141 5337 recor-

488 5372 716 5427 damini
743 5371 941 5428 nonin
968 5370 1226 5435 veritate,
1252 5385 1446 5441 neque
1467 5371 1772 5441 injustitia.
1805 5372 1885 5426 De
1906 5371 2140 5428 civitate

488 5460 647 5515 enim
674 5465 881 5516 sancta
901 5457 1096 5515 vocati
1117 5461 1272 5523 sunt,
1299 5462 1354 5514 et
1373 5474 1552 5529 super
1585 5462 1768 5514 Deum
1788 5459 1967 5516 Israel
1993 5475 2138 5516 con-

490 5546 733 5604 stabiliti
763 5551 903 5605 sunt
933 5562 948 5605 :
988 5546 1274 5604 Dominus
1315 5545 1684 5604 exercituum
1733 5563 1957 5604 nomen
1985 5549 2136 5619 ejus.

2431 4485 2624 4540 Lectio
2644 4484 2787 4540 libri
2801 4484 3246 4542 Deuteronomii
3275 4484 3446 4557 (Cap.
3475 4500 3573 4553 vn,
3610 4483 3764 4558 vni).

2328 4586 2390 4647 17,-.
2424 4575 2544 4630 Deo
2567 4574 2806 4644 gratias.

2327 4667 2390 4720 In
2421 4663 2626 4720 diebus
2656 4663 2766 4719 illis
2804 4680 2816 4720 :
2872 4666 3124 4720 Locutus
3156 4668 3243 4720 est
3291 4666 3520 4737 Moyses
3549 4662 3685 4720 ﬁliis
3735 4664 3923 4723 Israel

2256 4753 2460 4810 dicens
2489 4771 2501 4808 :
2540 4753 2690 4809 Audi
2729 4753 2932 4819 Israel,
2957 4753 3242 4809 Dominus
3263 4754 3419 4809 Deus
3448 4757 3588 4810 tuus
3616 4751 3681 4809 in
3712 4754 3922 4811 medio

2255 4842 2340 4899 tui
2366 4845 2469 4909 est,
2506 4843 2659 4897 Deus
2703 4857 2964 4912 magnus
2993 4846 3048 4898 et
3071 4841 3391 4899 terribilis:
3433 4842 3566 4914 ipse
3589 4846 3917 4900 consumet

2254 4931 2526 4989 nationes
2556 4931 2667 4987 has
2697 4931 2759 4987 in
2788 4937 3114 5004 conspectu
3145 4937 3246 4989 tuo
3277 4931 3570 5004 paulatim
3595 4938 3781 5005 atque
3812 4947 3924 5005 per

2254 5025 2476 5094 partes.
2500 5023 2627 5076 Non
2649 5021 2866 5091 poteris
2887 5020 3082 5077 delere
3102 5037 3204 5078 eos
3225 5021 3480 5090 pariter:
3506 5036 3582 5078 ne
3599 5021 3750 5078 forte
3767 5021 3924 5078 mul-

2253 5109 2588 5182 tiplicentur
2609 5114 2814 5166 contra
2837 5116 2887 5165 te
2913 5109 3116 5167 bestiae
3143 5110 3635 5184 terrae.Dabitque
3661 5126 3770 5166 eos
3807 5113 3927 5167 Do«

2253 5199 2452 5254 minus
2466 5200 2620 5254 Deus
2646 5203 2780 5254 tuus
2796 5198 2857 5253 in
2879 5202 3202 5270 conspectu
3223 5204 3355 5255 tuo:
3381 5199 3760 5256 etinterﬁciet
3781 5199 3921 5256 illos

2252 5287 2441 5342 donec
2471 5286 2710 5359 penitus
2743 5286 2968 5342 delebis
2994 5302 3114 5341 eos.
3148 5288 3360 5344 Tradet
3406 5303 3578 5358 reges
3604 5304 3818 5343 eorum
3851 5288 3920 5343 in

2253 5392 2458 5432 manus
2473 5382 2622 5441 tuas,
2639 5381 2693 5432 et
2705 5377 3016 5450 disperdas
3031 5378 3358 5435 memoriam
3371 5394 3573 5436 eorum
3589 5378 3705 5433 sub
3723 5377 3884 5435 coelo
3906 5393 3923 5435 :

2250 5465 2451 5522 nullus
2489 5465 2701 5538 poterit
2733 5467 3002 5523 resistere
3041 5466 3162 5532 tibi,
3215 5467 3410 5524 donec
3449 5471 3728 5524 conteras
3777 5481 3892 5524 eos

2251 5553 2548 5627 Sculptilia
2575 5570 2782 5612 eorum
2812 5554 2950 5626 igne
2981 5555 3300 5615 combures
3330 5573 3343 5614 :
3369 5572 3493 5616 non
3508 5553 3928 5629 concupisces
