4118 6184
208 314 307 385 ne

1133 320 1205 375 IN
1245 318 1362 377 DIE
1403 321 1661 378 TERTIO
1700 310 2149 379 JEJUNIORUM
2190 316 2352 382 KAL.
2388 327 2693 386 JANUAR.

3520 346 3621 403 1⁸74

202 454 521 525 argentum
543 451 599 505 et
620 464 860 514 aurum,
881 447 953 503 de
973 446 1192 518 quibus
1210 446 1365 503 facta
1378 452 1742 520 sunt,neque
1758 446 1861 504 ad-
1897 447 1942 500 A
1974 449 2132 504 enim
2165 450 2369 542 scitote
2398 453 2820 527 intelligentes:
2852 456 3020 529 quod
3056 463 3251 519 omnis
3280 465 3617 542 fornicator,

206 558 415 599 sumas
438 541 514 596 de
540 540 633 595 his
655 538 759 593 tibi
777 535 1123 608 quicquam,
1141 551 1214 591 ne
1236 536 1381 592 forte
1412 536 1704 605 offendas,
1733 552 1864 608 pro—

201 639 408 707 pterea
432 630 537 703 qui
560 625 936 684 abominatio
954 628 1043 681 est
1066 625 1298 681 Domini
1312 626 1411 681 Dei
1431 626 1622 683 tui.Ne
1644 626 1863 683 inferas

198 721 517 796 quippiam
538 734 608 774 ex
636 716 799 772 idolo
820 716 881 771 in
903 714 1155 771 domum
1177 720 1365 785 tuam,
1388 730 1465 771 ne
1483 714 1596 772 ﬁas
1623 716 1865 772 anathe-

200 827 324 879 ma,
342 809 495 864 sicut
513 811 566 863 et
586 803 741 861 illud
757 807 863 861 est.
884 802 1065 870 Quasi
1082 804 1429 875 spurcitiam
1445 803 1859 871 detestaberis,

196 906 251 957 et
264 899 421 956 velut
434 895 953 969 inquinamentum
974 907 1044 948 ac
1057 892 1263 949 sordes
1278 893 1744 951 abominationis
1761 893 1860 950 ha-

193 988 393 1057 bebis,
418 986 566 1059 quia
589 985 913 1041 anathema
928 985 1039 1039 est.

265 1079 454 1134 Omne
476 1074 856 1141 mandatum,
882 1072 1041 1145 quod
1064 1072 1329 1144 precipio
1356 1072 1463 1128 tibi
1481 1073 1680 1135 hodie,
1713 1088 1858 1129 cave

194 1165 517 1235 diligenter
541 1168 607 1220 ut
631 1163 817 1219 facias
844 1177 855 1215 :
890 1164 953 1216 ut
974 1161 1212 1232 possitis
1228 1159 1457 1229 vivere,
1486 1164 1543 1217 et
1572 1160 1857 1233 multipli-

194 1254 419 1311 cemini
430 1251 800 1323 ingressique
812 1249 1206 1321 posssideatis
1228 1253 1585 1323 terram,pro
1610 1250 1754 1323 quia
1767 1251 1861 1321 ju-

193 1344 356 1401 ravit
376 1342 656 1399 Dominus
675 1339 949 1411 patribus
968 1339 1107 1394 tuis.
1143 1341 1207 1395 Et
1224 1339 1637 1395 recordaberis
1658 1340 1853 1395 cuncti

193 1432 449 1493 itineris,
484 1446 587 1502 per
613 1428 778 1501 quod
811 1428 1061 1485 adduxit
1111 1431 1165 1484 te
1198 1428 1485 1483 Dominus
1540 1428 1693 1484 Deus
1726 1432 1863 1484 tuus

192 1520 658 1594 quadringintas
680 1518 854 1573 annis
876 1532 981 1589 per
1002 1516 1397 1580 desertum,ut
1408 1516 1694 1586 afﬂigeret
1708 1522 1762 1573 te
1775 1520 1863 1573 at-

190 1625 310 1683 que
330 1611 605 1677 tentaret,
627 1610 682 1662 et
710 1610 853 1662 nota
880 1605 1090 1661 ﬁerent
1113 1621 1248 1677 quae
1273 1604 1333 1659 in
1358 1608 1460 1660 tuo
1493 1605 1696 1662 animo
1727 1621 1865 1661 ver-

191 1698 488 1755 sabantur
516 1703 717 1751 utrum
748 1693 1075 1750 custodires
1106 1692 1395 1750 mandata
1419 1692 1574 1749 illius
1605 1709 1682 1749 an
1708 1710 1854 1751 non.

1974 541 2075 593 aut
2089 538 2454 611 impudicus,
2474 547 2577 599 aut
2604 544 2975 613 immundus,
2991 538 3624 628 autavarus,quodest

1972 625 2251 717 dolorum
2283 630 2563 701 servitus,
2586 647 2709 689 non
2733 632 2918 690 habet
2947 635 3335 698 hereditatem
3355 625 3415 699 in
3435 660 3621 717 regno

1970 713 2197 781 Christi,
2220 721 2276 773 et
2302 718 2422 774 Dei.
2451 722 2635 776 Nemo
2659 737 2769 778 vos
2810 722 3057 782 seducet
3071 726 3353 787 inanibus
3383 713 3618 807 verbis:

1966 804 2212 875 propter
2230 805 2341 862 hoc
2362 808 2521 864 enim
2538 809 2697 866 venit
2732 811 2820 868 ira
2856 810 2957 868 Dei
2986 814 3047 870 in
3074 815 3232 873 ﬁlios
3256 804 3620 880 difﬁdentiae.

1967 891 2154 949 Nolite
2185 908 2328 966 ergo
2354 896 2508 953 efﬁci
2548 899 2868 971 participes
2900 916 3129 960 eorum.
3183 910 3369 965 Eratis
3423 917 3626 969 autem

1968 980 2291 1073 aliquando
2308 986 2567 1041 tenebrm
2601 990 3018 1062 :nuncIautem
3036 992 3139 1050 lux
3174 994 3233 1051 ih
3264 998 3628 1073 Domin0°Ut

1966 1068 2068 1124 ﬁlii
2110 1070 2257 1127 lucis
2279 1074 2583 1131 ambulate
2608 1095 2619 1133 :
2646 1076 2870 1134 fructus
2916 1081 3075 1136 enim
3096 1082 3244 1139 lucis
3272 1092 3361 1141 est
3379 1088 3439 1143 in
3460 1068 3626 1145 omni

1966 1156 2252 1247 bonitate,
2282 1165 2337 1217 et
2370 1162 2617 1233 justitia,
2672 1168 2728 1221 et
2758 1167 3000 1224 veritate
3032 1186 3045 1223 :
3080 1171 3372 1242 probante
3405 1176 3509 1247 qui
3552 1177 3628 1233 sit

1966 1246 2410 1320 beneplaoitum
2430 1252 2680 1310 Domino
2701 1272 2713 1309 :
2741 1260 2796 1310 et
2816 1256 2996 1313 nolite
3018 1246 3467 1321 communicare
3488 1280 3626 1337 ope-

1968 1336 2133 1392 ribus
2157 1338 2537 1396 infructuosis
2555 1334 2958 1412 tenebrarum,
2982 1348 3176 1417 magis
3198 1354 3400 1408 autem
3421 1357 3477 1409 et
3497 1334 3627 1410 red-

1972 1426 2219 1496 arguite.
2254 1428 2396 1493 Quae
2427 1429 2658 1485 enimin
2686 1432 2917 1488 occulto
2957 1434 3110 1491 ﬁunt
3139 1436 3216 1493 ab
3242 1438 3409 1510 ipsis,
3455 1444 3630 1512 turpe

1972 1518 2059 1570 est
2077 1515 2291 1572 dicere.
2317 1518 2529 1576 Omnia
2556 1522 2778 1587 autem,
2803 1532 2940 1593 qua;
2964 1529 3316 1593 arguuntur,
3340 1543 3378 1584 a
3404 1528 3630 1586 lumine

1972 1604 2433 1662 manifestantur
2463 1624 2475 1663 :
2506 1623 2687 1665 omne
2723 1612 2943 1675 autem,
2973 1613 3142 1685 quod
3193 1616 3628 1687 manifestatur,

1974 1693 2177 1750 lumen
2202 1700 2306 1752 est.
2360 1699 2602 1769 Propter
2622 1697 2788 1771 quod
2815 1699 2990 1757 dicit:
3016 1704 3201 1772 Surge
3230 1706 3333 1776 qui
3381 1704 3628 1773 dormis,

190 1784 421 1840 Afﬂixit
460 1788 519 1839 te
552 1782 805 1855 penuria
833 1800 846 1836 :
873 1780 1033 1836 dedit
1056 1781 1159 1837 tibi
1195 1781 1395 1837 cibum
1445 1783 1677 1851 Manna,
1700 1782 1864 1854 quod
1903 1800 1945 1855 Β
1975 1796 2196 1853 exurge
2226 1798 2261 1839 a
2291 1783 2561 1850 mortuis,
2614 1789 2668 1841 et
2711 1785 3073 1846 illuminabit
3124 1793 3179 1846 te
3228 1790 3511 1851 Christus.
3565 1804 3628 1865 rp.

189 1872 530 1945 ignorabas
556 1876 623 1927 tu
658 1876 715 1927 et
742 1874 942 1943 patres
988 1869 1102 1926 tui:
1136 1873 1200 1926 ut
1233 1870 1542 1927 ostendere
1560 1869 1666 1927 tibi
1702 1871 1867 1943 quod

187 1979 320 2020 non
345 1964 407 2018 in
438 1961 569 2017 solo
608 1976 766 2032 pane
810 1959 968 2015 vivet
997 1958 1201 2027 homo,
1234 1959 1341 2015 sed
1374 1958 1434 2015 in
1458 1959 1621 2015 omni
1684 1960 1867 2017 verbo

189 2052 363 2125 quod
399 2050 741 2121 egredietur
770 2064 843 2104 ex
873 2063 976 2106 ore
1005 2048 1124 2103 Dei.
1157 2060 1219 2117 13;.
1254 2051 1463 2103 Amen.

414 2140 613 2197 Lectio
641 2139 783 2195 libri
810 2139 1005 2194 Esaia:
1035 2138 1347 2207 Propheta?
1377 2138 1551 2209 (Cap.
1576 2140 1717 2208 xxx)

264 2242 331 2291 ἢ.
371 2231 493 2284 Deo
526 2227 733 2297 gratia.

264 2321 557 2390 Expectat
586 2317 878 2372 Dominus
910 2318 974 2370 ut
1004 2313 1355 2371 misereatur
1379 2314 1555 2370 vestri
1590 2331 1604 2370 :
1646 2318 1705 2371 et
1731 2314 1867 2371 ideo

195 2407 574 2467 exaltabitur
602 2420 862 2478 parcens
889 2402 1092 2460 vobis:
1122 2402 1428 2476 quiaDeus
1443 2403 1648 2475 judicii
1672 2404 1870 2460 Domi-

187 2516 309 2556 nus
328 2496 521 2564 ;beati
546 2496 891 2567 omnes,qui
912 2496 1222 2565 expectant
1244 2509 1402 2549 eum.
1425 2495 1693 2566 Populus
1711 2494 1870 2549 enim

193 2591 339 2647 Sion
358 2585 662 2642 habitabit
681 2585 743 2639 in
768 2582 1136 2639 Hierusalem
1163 2602 1174 2641 :
1199 2582 1446 2656 plorans
1475 2599 1869 2655 nequaquam

192 2677 490 2751 plorabis,
511 2674 804 2730 miserans
822 2670 1291 2727 miserebiturtui
1308 2671 1408 2727 :ad
1424 2687 1633 2728 vocem
1649 2672 1873 2729 clamo-

192 2769 277 2823 ris
301 2766 388 2821 tui
417 2764 621 2821 statim
647 2767 711 2817 ut
741 2761 992 2825 auderit,
1023 2760 1417 2832 respondebit
1448 2760 1571 2816 tibi.
1610 2764 1675 2817 Et
1704 2760 1872 2817 dabit

192 2855 301 2912 tibi
328 2853 626 2910 Dominus
653 2866 876 2923 panem
896 2853 1210 2913 arctum,et
1232 2865 1457 2921 aquam
1492 2849 1736 2905 brevem
1770 2866 1782 2906 :
1817 2853 1874 2906 et

193 2959 311 3000 non
361 2943 537 2998 faciet
592 2940 834 2997 avolare
874 2955 911 2995 a
966 2945 1020 2995 te
1053 2937 1209 2994 ultra
1238 2938 1546 2994 doctorem
1576 2943 1781 2995 tuum:
1807 2942 1864 2995 et

196 3038 373 3089 erunt
394 3030 552 3087 oculi
573 3030 658 3085 tui
680 3028 950 3085 videntes
972 3031 1398 3099 praeceptorem
1419 3030 1681 3084 tuum.Et
1698 3042 1873 3083 aures

194 3128 312 3179 tum
350 3120 601 3176 audient
619 3117 873 3174 verbum
900 3122 1036 3190 post
1074 3121 1305 3187 tergum
1355 3113 1694 3172 monentis:
1737 3117 1871 3172 Haec

1976 1876 2184 1929 Amen.

2046 1960 2392 2031 Antiphona
2424 1966 2468 2017 t.
2494 1963 2743 2034 Magnus
2771 1964 3061 2023 Dominus
3098 1968 3306 2026 noster
3332 1988 3345 2027 :
3378 1970 3435 2028 et
3463 1970 3627 2029 terri-

1974 2048 2111 2106 bilis
2144 2065 2324 2121 super
2354 2066 2565 2108 omnes
2599 2050 2762 2109 deos.
2814 2054 2963 2119 Quia
3002 2071 3213 2113 omnes
3248 2056 3331 2114 dii
3363 2060 3635 2119 Gentium

1975 2137 2276 2195 daemonia
2293 2139 2600 2196 :Dominus
2614 2146 2815 2198 autem
2830 2142 3455 2204 ccelosfecit.Psalmus
3468 2165 3637 2206 xcxv-

2050 2227 2280 2283 Oratio.
2318 2229 2586 2300 Domine,
2614 2231 2717 2302 qui
2740 2235 2827 2288 est
2848 2248 3030 2306 supra
3062 2249 3273 2292 omnes
3304 2240 3510 2308 gentes
3536 2254 3636 2295 ex-

1977 2316 2332 2384 celsus,et.in
2359 2318 2702 2375 ccelestibus
2735 2320 2974 2379 habitas
3000 2324 3319 2398 gloriosus;
3340 2325 3637 2386 humilita-

1978 2409 2098 2461 tem
2120 2410 2409 2472 nostram,
2437 2408 2514 2464 ab
2545 2409 2780 2465 excelso
2806 2410 3046 2469 intende
3081 2414 3370 2484 placatus:
3398 2432 3468 2473 ac
3490 2418 3640 2473 sicut

1980 2494 2239 2551 Ecclesia
2264 2499 2384 2561 tua,
2428 2512 2563 2567 quae
2618 2503 2740 2554 erat
2795 2500 3115 2558 sterilitatis
3144 2503 3285 2561 vitio
3322 2506 3637 2579 impedita,

1978 2597 2139 2638 nunc
2165 2586 2269 2639 est.
2304 2585 2364 2639 in
2397 2584 2452 2640 te
2491 2586 2757 2652 credens,
2786 2588 3065 2645 virtutum
3097 2593 3321 2647 meritis
3352 2594 3551 2666 plena,
3585 2600 3640 2653 et

1978 2670 2120 2725 ﬁliis
2149 2686 2474 2730 numerosa
2502 2692 2513 2741 ;
2534 2673 2616 2730 ita
2634 2690 2803 2730 mens
2825 2682 3051 2746 nostra,
3075 2678 3153 2734 ab
3180 2681 3477 2738 sterilitate
3499 2698 3639 2753 ope-

1978 2775 2115 2815 rum
2158 2757 2500 2831 infecunda,
2533 2765 2586 2816 te
2613 2762 2907 2819 tribuente
2934 2766 3120 2835 possit
3145 2772 3201 2823 et
3233 2782 3439 2823 semen
3468 2769 3638 2825 verbi

1980 2847 2278 2921 suscipere
2302 2849 2633 2920 etcopiosis
2652 2848 2943 2907 fructibus
2988 2853 3325 2912 redundare
3350 2873 3362 2912 :
3396 2870 3644 2915 nomen-

1978 2954 2095 3010 que
2126 2942 2316 3004 tuum,
2347 2954 2383 2994 a
2414 2938 2558 2993 solis
2589 2941 2722 2995 ortu
2744 2955 2933 3013 usque
2960 2941 3037 2999 ad
3063 2958 3346 3002 occasum
3390 2945 3640 3019 praecla-

1978 3043 2133 3094 rum,
2176 3027 2372 3085 cordis
2412 3028 2641 3086 ambiat
2670 3032 3054 3091 unanimitate
3093 3034 3357 3107 diligere,
3419 3040 3475 3095 et
3503 3036 3638 3095 ﬁdei

1980 3117 2320 3175 assentione
2357 3117 2633 3175 laudare.
2670 3132 2715 3189 13;
2742 3124 2931 3179 Amen

194 3212 305 3282 via,
344 3207 658 3265 ambulate
678 3207 743 3262 in
769 3221 873 3262 ea:
895 3178 1092 3278 neque
1109 3178 1194 3260 ad
1209 3204 1535 3271 dexteram,
1561 3220 1755 3277 neque
1779 3204 1873 3260 de-
1907 3178 1947 3236 C
2051 3207 2161 3262 Per
2190 3207 2667 3266 misericordiam
2692 3214 2876 3267 tuam.

196 3299 431 3356 clinetis
466 3297 545 3353 ad
559 3294 1411 3352 sinistram.Etcontaminabis
1431 3292 1621 3349 lamin
1636 3310 1701 3349 as
1724 3293 1875 3349 scul-

196 3390 431 3461 ptilium
462 3384 697 3456 argenti
723 3383 828 3448 tui,
863 3386 919 3439 et
947 3382 1385 3438 vestimemtum
1403 3381 1723 3439 conﬂatilis
1740 3382 1872 3438 auri

197 3479 305 3545 tui,
324 3483 381 3534 et
399 3476 722 3549 disperges
735 3489 809 3529 ea
831 3470 1438 3528 sicutimmunditiam
1464 3476 1867 3529 menstruatae.

199 3567 515 3639 Egredere,
537 3564 702 3619 dices
727 3563 782 3617 ei
809 3578 822 3617 :
878 3565 942 3617 Et
997 3560 1238 3618 dabitur
1279 3560 1483 3633 pluvia
1508 3560 1720 3617 semini
1746 3565 1868 3628 tuo,

194 3658 559 3727 ubicumque
590 3650 981 3709 seminaveris
1003 3650 1064 3706 in
1112 3655 1270 3706 terra
1301 3667 1313 3705 :
1342 3654 1397 3706 et
1427 3652 1601 3722 panis
1629 3651 1871 3721 frugum

200 3752 374 3802 terrae
395 3744 501 3800 erit
521 3741 880 3805 uberrimus,
909 3743 963 3795 et
1008 3738 1249 3811 pinguis
1276 3743 1627 3811 :pascentur
1648 3740 1707 3795 in
1737 3756 1847 3811 pos

202 3834 474 3891 sessione
494 3836 602 3889 tua
620 3831 683 3886 in
706 3829 803 3885 die
833 3828 932 3885 illa
949 3843 1142 3899 agnus
1166 3827 1282 3898 83
1306 3828 1567 3900 spatiose
1593 3847 1605 3884 :
1641 3831 1696 3885 et
1718 3829 1871 3886 tauri

199 3925 305 3991 tui,
342 3927 398 3979 et
418 3921 571 3994 pulli
598 3920 928 3986 asinorum,
973 3917 1077 3990 qui
1100 3922 1424 3990 operantur
1449 3922 1689 3980 terram,
1712 3933 1871 3973 com—

196 4014 446 4069 mistum
488 4011 721 4080 migma
751 4007 1083 4077 comedent,
1107 4006 1259 4063 sicut
1288 4006 1349 4061 in
1374 4022 1513 4063 area
1540 4010 1603 4062 ut
1626 4007 1870 4064 ventila-

194 4108 325 4158 tum
353 4101 578 4165 est.1Et
601 4101 771 4154 erunt
788 4112 968 4167 super
992 4112 1236 4152 omnem
1262 4098 1528 4151 montem
1544 4095 1864 4164 excelsum,

194 4197 254 4248 et
290 4204 480 4261 super
504 4202 741 4243 omnem
798 4185 1011 4242 collem
1042 4185 1336 4242 elevatum
1363 4184 1473 4240 rivi
1504 4185 1867 4241 currentium

190 4292 533 4353 aquarum,
558 4274 618 4330 in
638 4275 730 4331 die
750 4274 1172 4331 interfectionis
1198 4275 1527 4331 multoruvn
1558 4290 1687 4329 cum
1718 4275 1870 4331 ceci-

191 4371 349 4426 derit
381 4366 591 4423 turris.
623 4368 687 4420 Et
716 4365 823 4421 erit
841 4364 945 4420 lux
966 4364 1123 4420 lunae
1154 4364 1304 4420 sicut
1340 4362 1445 4419 lux
1474 4362 1638 4431 solis,
1685 4368 1740 4420 et
1764 4363 1868 4421 lux

194 4460 335 4516 solis
355 4454 942 4527 eritseptempliciter
965 4455 1116 4509 sicut
1138 4452 1240 4509 lux
1257 4458 1485 4526 septem
1511 4453 1766 4527 dierum,
1805 4454 1867 4510 in

2050 3296 2397 3367 Antiphona
2446 3302 2496 3353 2.
2556 3299 2772 3354 Servite
2822 3301 3075 3357 Domino
3128 3304 3246 3357 Deo
3284 3306 3529 3359 vestro:
3583 3309 3641 3362 et

1980 3384 2161 3442 nolite
2192 3387 2443 3443 adorare
2466 3385 2611 3443 deos
2639 3386 2883 3461 alienos;
2916 3391 3057 3461 quia
3082 3388 3365 3445 dominus
3394 3396 3637 3449 sanctus

1981 3478 2084 3530 est.
2139 3475 2401 3532 Exultate
2460 3476 2579 3532 Deo
2624 3475 2882 3548 adjutori
2920 3480 3124 3534 nostro
3177 3478 3469 3551 :jubilate
3518 3482 3636 3539 Deo

1980 3561 2187 3620 Jacob.
2228 3565 2500 3620 Psalmus
2534 3582 2697 3621 Lxxx.
2774 3580 2775 3585 ‘

2054 3652 2277 3707 Oratio.
2310 3652 2433 3707 Tibi
2453 3652 2707 3723 adjutori
2763 3657 2968 3711 nostro
2994 3655 3247 3713 Domino
3274 3650 3631 3716 exaltatione

1978 3736 2142 3793 ﬁdei.
2177 3740 2422 3809 Require
2448 3740 2548 3811 fol.
2583 3744 2650 3795 72

2052 3827 2396 3897 Antiphona
2426 3831 2477 3883 3.
2512 3828 2577 3882 In
2600 3832 2719 3885 toto
2754 3830 2931 3886 corde
2982 3836 3179 3889 vestro
3219 3828 3637 3893 convertimini

1979 3915 2057 3971 ad
2090 3918 2275 3971 Deum
2306 3920 2361 3972 et
2387 3916 2610 3973 auferte
2642 3917 2788 3974 deos
2839 3918 3065 3977 alienos
3098 3920 3172 3977 de
3204 3922 3403 3979 medio
3433 3925 3635 3997 vestri,

1979 4007 2034 4060 et
2064 4005 2275 4060 servite
2289 4004 2542 4061 Domino
2560 4005 2687 4072 soli,
2716 4011 2773 4064 et
2799 4007 3077 4067 liberabit
3097 4028 3202 4067 vos
3229 4008 3301 4069 de
3325 4014 3636 4070 manuini-

1978 4093 2271 4149 micorum
2302 4098 2585 4150 vestrum.
2610 4096 2819 4153 Audite
2837 4096 2963 4154 haec
2992 4116 3201 4156 omnes
3221 4109 3458 4172 gentes:
3482 4104 3635 4159 auri-

1977 4180 2091 4237 bus
2121 4182 2424 4255 percipite,
2451 4184 2553 4257 qui
2582 4184 2862 4242 habitatis
2883 4188 3407 4247 orbem.Psalmus.
3425 4208 3625 4249 vam.

2048 4284 2110 4343 ly.
2139 4272 2431 4345 Apparuit
2459 4274 2693 4331 claritas
2716 4276 2812 4333 Dei
2846 4278 2904 4333 in
2937 4278 3096 4335 nube
3113 4280 3187 4335 P.
3217 4281 3371 4338 sicut
3393 4281 3453 4338 in
3484 4284 3633 4339 tem-

1975 4361 2225 4434 poribus
2260 4363 2464 4436 Moysi.
2497 4366 2562 4420 Et
2599 4365 3079 4424 manifestabitur
3113 4366 3634 4443 quemadmodum

1977 4450 2257 4509 Salomon
2310 4451 2662 4527 deprecatus
2719 4453 2948 4513 orabat.
2984 4456 3043 4518 Ψ.
3102 4458 3501 4517 Manifestatus
3546 4464 3633 4516 est

191 4548 290 4605 die
313 4562 445 4621 qua
476 4544 809 4615 alligaverit
834 4542 1125 4600 Dominus
1169 4542 1389 4598 vulnus
1411 4541 1617 4616 populi
1666 4543 1777 4612 sui,
1810 4546 1868 4600 et
1897 4537 1939 4591 D
1975 4541 2282 4613 Dominus,
2307 4543 2595 4615 quoniam
2638 4543 2930 4602 habitavit
2958 4545 3018 4603 in
3047 4550 3283 4605 excelso
3316 4566 3328 4606 :
3362 4544 3631 4621 implevit

194 4650 630 4709 percussuram
659 4632 855 4705 plagae
881 4633 1010 4703 ejus
1033 4630 1354 4689 sanaverit.
1380 4644 1445 4703 ἢ.
1476 4636 1683 4688 Amen.

196 4723 530 4800 Sequentia
593 4721 881 4793 Epistolce
942 4720 1119 4777 Pauli
1159 4721 1444 4791 Apostolz‘
1472 4720 1551 4777 ad
1583 4719 1865 4790 Ephesios

887 4811 1053 4883 (Cap.
1109 4812 1184 4881 v).

268 4918 327 4967 ἢ.
356 4906 489 4959 Deo
529 4899 782 4974 gratias.

270 4997 518 5058 Fratres,
553 4992 749 5047 Estote
795 4988 1123 5046 imitatores
1154 4985 1279 5054 Dei,
1304 4988 1453 5045 sicut
1481 4985 1584 5043 ﬁlii
1641 4987 1863 5044 charis-

198 5078 373 5136 simi:
402 5085 464 5137 et
519 5078 831 5136 ambulate
872 5077 934 5133 in
973 5076 1309 5149 dilectione,
1332 5077 1484 5133 sicut
1513 5081 1569 5132 et
1598 5076 1860 5132 Christus

194 5165 397 5225 dilexit
420 5184 556 5237 nos,
582 5172 638 5224 et
670 5167 915 5225 tradidit
937 5166 1326 5240 semetipsum
1373 5182 1483 5240 pro
1506 5165 1681 5222 nobis
1694 5164 1858 5222 obla-

190 5255 438 5327 ﬁonem,
468 5262 522 5317 et
548 5258 811 5315 hostiam
843 5257 962 5313 Deo
992 5257 1052 5312 in
1083 5256 1331 5313 odorem
1363 5255 1688 5313 sauvitatis.
1718 5256 1853 5311 For-

187 5344 409 5402 nicatio
426 5352 651 5419 autem,
687 5350 745 5403 et
773 5346 973 5402 omnis
1015 5345 1417 5416 immunditia,
1472 5350 1577 5402 aut
1604 5343 1854 5401 avaritia

186 5449 301 5491 nec
326 5438 666 5493 nominetur
702 5437 861 5492 inter
890 5451 1016 5501 vos,
1059 5436 1211 5492 sicut
1260 5436 1720 5494 decetsanctos:
1752 5437 1854 5490 aut

188 5526 511 5599 turpitudo,
528 5531 633 5584 aut
653 5525 1106 5598 stultiloquium,
1134 5529 1236 5582 aut
1251 5524 1593 5591 scurrilitas,
1615 5541 1749 5597 quae
1772 5522 1852 5580 ad

190 5630 459 5676 remnon
484 5618 775 5691 pertinet;
810 5614 922 5673 sed
944 5614 1139 5688 magis
1163 5614 1492 5688 gratiarum
1518 5615 1691 5674 actio.
1733 5616 1854 5673 Hoc

1980 4631 2117 4687 Sion
2131 4630 2381 4703 judicio,
2406 4637 2463 4688 et
2500 4631 2765 4703 justitia:
2794 4638 2849 4689 et
2866 4636 2970 4692 erit
2996 4635 3143 4693 ﬁdes
3164 4637 3226 4693 in
3262 4635 3630 4711 temporibus

1975 4719 2117 4775 suis.
2148 4720 2205 4777 P.
2261 4722 2419 4777 Sicut
2482 4721 2542 4777 in
2603 4722 2991 4796 temporibus.
3042 4725 3104 4787 Ψ.
3164 4725 3376 4794 Gloria,
3427 4732 3483 4782 et
3525 4726 3631 4783 hm

1972 4824 2101 4874 nor,
2130 4812 2237 4866 etc.
2272 4812 2330 4865 P.
2367 4810 2545 4867 Sicut.

2044 4898 2263 4955 Preces.
2299 4899 2641 4955 Clamamus
2667 4900 2745 4958 ad
2784 4904 2861 4969 te,
2901 4903 3065 4973 Deus,
3114 4902 3332 4960 exaudi
3372 4921 3506 4964 nos.
3563 4909 3625 4965 P.

1970 4987 2038 5041 Et
2063 4986 2355 5057 aﬂagello
2386 4990 2487 5043 irae
2520 4991 2634 5044 tuae
2687 4988 2894 5047 libera.
2943 4991 3005 5050 νῖν.
3038 4993 3327 5051 Contritos
3353 4994 3519 5063 fove,
3573 5000 3631 5051 et

1967 5075 2311 5134 humiliatos
2341 5082 2523 5145 tuere,
2542 5078 2714 5134 elisos
2737 5081 2916 5151 erige,
2942 5081 3404 5154 deprecantibus
3436 5084 3622 5142 mise-

1965 5180 2112 5221 rere.
2130 5166 2185 5220 P.
2202 5168 2314 5222 Eta
2333 5166 2589 5236 ﬂagello.
2604 5168 2664 5229 ἲν.
2685 5170 2839 5225 Deus
2864 5172 3119 5244 excelse,
3142 5174 3466 5232 clamorem
3484 5185 3625 5227 nos-

1964 5258 2123 5310 trum
2143 5255 2401 5325 attende,
2424 5262 2673 5328 peccata
2702 5259 2957 5330 dimitte,
2976 5267 3032 5318 et
3072 5264 3337 5336 pluviam
3369 5262 3483 5315 cito
3507 5258 3622 5312 lar-

1964 5343 2110 5413 Βίΐθ·
2142 5346 2200 5399 Ρ.
2230 5345 2294 5400 Et
2325 5360 2361 5400 a
2400 5344 2656 5413 ﬂagello.
2684 5345 2747 5407 ἲν.
2778 5350 3006 5406 Exaudi
3030 5351 3255 5415 ﬂentes,
3309 5352 3364 5401 et
3408 5360 3623 5401 conso—

1960 5431 2082 5487 lare
2107 5432 2376 5502 lugentes
2402 5453 2413 5503 ;
2439 5436 2731 5505 gaudium
2758 5438 3030 5511 captivis,
3066 5443 3120 5491 et
3147 5434 3398 5507 patriam
3431 5432 3620 5492 redde

1962 5524 2309 5596 peregrinis.
2340 5527 2397 5581 P.
2425 5527 2492 5583 Et
2521 5543 2557 5583 a
2585 5526 2837 5597 ﬂagello.

2034 5612 2686 5685 Supplicatioﬂremus
2702 5618 3016 5674 Auctorem
3027 5610 3177 5671 lucis
3192 5610 3507 5675 Dominum
3523 5626 3603 5678 no
