4102 6176
511 350 611 404 175
1769 324 2228 385 BREVIABIUM

502 478 694 527 strum
724 470 931 524 Jesum
962 463 1274 525 Christum,
1331 474 1469 515 cum
1507 458 1672 514 omni
1718 452 2147 530 supplicatione

514 572 801 632 rogemus
823 573 836 613 :
869 559 934 609 ut
958 568 1069 609 nos
1090 550 1355 609 claritate
1372 562 1485 603 sua
1520 546 1811 619 propitius
1838 545 2149 601 inlustrare

503 649 796 719 dignetur.
832 656 895 711 Ri,
928 642 1159 700 Prmsta
1187 643 1426 705 mterne,
1456 636 1834 707 omnipotens
1862 636 2033 689 Deus.

574 734 867 805 Capitula.
893 723 1779 803 Aperiat,qumsumus,Domine
1795 726 2147 779 osnostrum

512 823 831 896 sapientia:
856 826 913 875 et
936 819 1118 875 corde
1143 813 1805 884 meditemur,etlingua
1828 811 2150 883 loquamur

509 911 909 984 prudentiam:
928 911 1067 963 etne
1086 903 1372 975 jumentis
1401 899 1820 973 insipientibus
1846 911 2151 969 compare-

505 1016 661 1065 mur,
689 996 1018 1068 disciplinis
1048 993 1257 1049 divinm
1300 992 1447 1063 legis
1473 990 1849 1049 erudiamur:
1875 992 1939 1043 ut
1960 991 2013 1042 te
2052 1000 2150 1041 so-

2268 324 2656 381 GOTHICUM.
3810 330 3919 387 176

2259 452 2570 508 lummodo
2602 452 2983 522 intelligentia
3042 453 3243 507 nostra
3273 449 3619 522 adsequens
3659 453 3918 525 ambiat,

2257 556 2440 614 quem
2466 544 2684 597 mterno
2702 542 2760 596 in
2806 540 3027 611 gaudio
3052 556 3190 596 cum
3215 539 3443 596 Sanctis
3475 540 3765 598 omnibus
3780 542 3919 601 lau-

2259 630 2430 691 dans,
2458 631 2703 701 prmmia
2747 630 3108 703 sempiterna
3140 628 3444 700 suscipiat.

2332 718 2504 773 Pater
2520 727 2736 784 noster,
2766 724 2870 775 etc.

2326 808 2425 862 Ad
2452 808 2718 875 Sextum,
2740 808 2941 865 omnia
2954 808 3233 865 dicantur
3249 813 3310 862 ut
3326 807 3387 861 in
3408 805 3613 871 Sexta,
3630 823 3759 879 qum
3774 808 3922 866 dici-

2258 902 2359 952 tur
2370 911 2478 965 per
2494 900 2676 952 totum
2699 912 2945 953 annum.
2978 896 3062 951 Ad
3072 896 3320 958 Nonum,
3339 895 3627 952 dicantur
3647 902 3715 952 ut
3745 900 3812 953 in
3824 914 3912 955 se-

2258 984 2447 1039 cundo
2473 984 2568 1040 die
2587 986 2888 1054 praeterito
2902 984 3301 1055 jejuniorum.

526 1168 3916 1197 Μ

1386 1300 1478 1371 85
1521 1299 1609 1370 ΙΝ
1649 1296 1915 1369 FESTO
1974 1294 2648 1368 APPARTITIONIS
2686 1294 3028 1367 DOMlNl.

1138 1503 1233 1561 Ad
1271 1504 1561 1574 Vesperos.

572 1597 803 1654 Lauda.
845 1595 1107 1661 Quifecit
1135 1593 1321 1649 solem
1344 1593 1402 1646 P.
1435 1592 1497 1646 In
1552 1588 1934 1662 splendorem
1980 1586 2098 1643 diei
2130 1603 2143 1641 :

509 1687 738 1751 lunam,
765 1688 821 1741 et
842 1683 1041 1740 stellas
1070 1682 1132 1738 in
1156 1681 1448 1737 luminare
1472 1678 1683 1734 noctis.
1716 1677 1777 1737 Y.
1822 1676 1930 1741 Qui
1953 1674 2147 1731 turbat
2173 1708 2217 1763 Β

504 1790 689 1837 mare,
715 1778 770 1828 et
797 1776 1036 1827 resonat
1054 1770 1271 1825 ﬂuctus
1301 1766 1748 1838 ejus,Dominus
1764 1764 2144 1835 omnipotens

504 1878 724 1917 nomen
751 1864 841 1918 est
869 1860 938 1915 ei.
972 1860 1030 1914 P.
1060 1862 1123 1915 In
1149 1856 1528 1929 splendorem
1554 1855 1691 1910 diei.

568 1951 786 2008 Oratio.
819 1948 1085 2011 Domine,
1119 1946 1281 2017 apud
1310 1959 1493 2016 quem
1531 1946 1622 1998 est
1662 1942 1795 1999 fons
1818 1941 1970 2009 vitm,
1998 1939 2142 1996 etin

500 2040 671 2109 cujus
702 2037 924 2092 lumine
956 2034 1279 2106 aspicimus
1305 2032 1509 2087 lumen
1540 2049 1552 2097 ;
1581 2030 1772 2086 enutri
1796 2029 1858 2084 in
1888 2044 1999 2084 nos
2025 2033 2142 2083 tum

503 2127 764 2183 scientim
790 2124 1167 2197 splendorum
1200 2140 1211 2175 :
1246 2124 1311 2176 ut
1336 2118 1671 2175 sitientibus
1701 2117 1876 2174 nobis
1900 2116 2140 2172 vitalem

497 2215 807 2288 impartias
825 2216 1034 2285 potum
1058 2231 1071 2279 ;
1100 2208 1561 2279 etcaligantium
1588 2207 1928 2263 animarum
1962 2220 2143 2276 super

496 2320 575 2361 no
599 2302 818 2358 lumine
848 2296 1513 2357 restituasintellectum.
1546 2308 1612 2365 Bt.
1636 2298 1852 2353 Amen.

567 2396 671 2447 Per
696 2387 1164 2446 misericordiam
1194 2391 1380 2442 tuam.

562 2482 738 2536 Sono.
762 2480 910 2533 Ante
959 2477 1146 2533 solem
1166 2478 1478 2547 permanet
1496 2487 1718 2529 nomen
1740 2471 1893 2541 ejus,
1919 2474 1972 2525 et
2002 2472 2137 2525 ante

491 2564 699 2621 lunam
713 2565 884 2621 sedes
897 2565 1025 2635 ejus
1050 2581 1062 2618 :
1096 2567 1152 2618 et
1170 2560 1598 2617 benedicentur
1621 2560 1681 2614 in
1710 2574 1781 2614 eo
1802 2572 2013 2613 onmes
2039 2555 2137 2611 tri-

487 2654 603 2709 bus
633 2658 820 2709 terrm.
846 2650 1113 2706 Alleluia.
1142 2650 1202 2708 ii“
1246 2648 1475 2704 Orietur
1492 2647 1553 2702 in
1578 2646 1793 2702 diebus
1820 2645 1949 2715 ejus
1967 2644 2136 2713 justi-

488 2741 587 2803 tia,
612 2746 668 2797 et
697 2739 1071 2796 abundantia
1096 2735 1264 2809 pacis
1288 2754 1300 2791 :
1329 2736 1522 2791 donec
1554 2733 1858 2790 extollatur
1885 2732 2048 2787 luna.
2068 2734 2136 2787 Et

485 2828 952 2899 dominabituria
971 2825 1123 2883 mari
1140 2840 1330 2897 usque
1346 2824 1425 2881 ad
1438 2838 1603 2879 mare
1624 2842 1639 2893 ;
1655 2826 1712 2878 et
1730 2838 1767 2878 a
1786 2820 2135 2877 ﬂuminibus

485 2934 677 2990 usque
691 2916 769 2972 ad
786 2916 933 2971 ﬁnes
946 2919 1133 2971 terrm.
1152 2916 1362 2969 Coram
1374 2912 1474 2968 illo
1491 2912 1790 2982 Aithiopes
1804 2909 2131 2981 procident.

484 3004 749 3059 Alleluia.
782 3003 1071 3058 Dominus
1101 3002 1174 3056 sit
1197 3015 1452 3071 semper.
1487 3011 1549 3066 Βε.
1581 3002 1644 3054 Et
1669 3014 1830 3053 cum.

555 3048 917 3159 Antiphona.
957 3048 1084 3144 Rex
1114 3048 1372 3157 magnurs
1413 3048 2027 3158 apparuit—invlsrael,
2076 3090 2132 3141 et
2166 3048 2207 3105 Ο

482 3183 771 3236 venerunt
798 3192 969 3247 reges
998 3182 1185 3233 terrm.
1213 3177 1285 3231 P.
1326 3176 1588 3231 Adorare
1610 3191 1749 3229 eum
1784 3190 1794 3227 :
1825 3180 1880 3230 et
1910 3174 2129 3231 obtule-

474 3268 672 3327 lerunt
712 3268 765 3325 ei
804 3267 1037 3323 minera
1061 3281 1296 3329 aurum,
1358 3264 1516 3332 thus,
1553 3269 1610 3319 et
1666 3264 1999 3335 myrrham.
2061 3262 2125 3322 \‘I.

547 3357 843 3425 Quoniam
865 3371 1000 3413 ecce
1013 3370 1184 3426 reges
1198 3359 1367 3410 terrm
1381 3353 1723 3423 congregati
1736 3357 1893 3408 sunt.
1921 3356 1977 3407 et
1989 3367 2127 3407 con-

471 3452 762 3505 venerunt
787 3447 850 3502 in
876 3461 1087 3502 unum.
1116 3445 1173 3497 P.
1198 3442 1462 3499 Adorare
1484 3456 1651 3497 eum:
1678 3444 1735 3497 et
1759 3440 2121 3498 obtulerunt.

471 3536 531 3595 ir.
566 3536 760 3592 Gloria
789 3538 845 3590 et
898 3535 1094 3591 honor
1120 3530 1415 3593 Patri,etc.
1480 3530 1542 3585 P.
1597 3529 1859 3586 Adorare
1919 3546 2059 3586 eum
2104 3548 2117 3586 :

468 3628 525 3680 et
550 3623 912 3679 obtulerunt-

541 3711 768 3768 Oratio.
798 3709 1045 3765 Domine
1056 3710 1191 3765 Jesu
1212 3706 1572 3780 Christe,qui
1589 3708 1888 3776 Magorum
1903 3721 2117 3763 mune-

465 3816 552 3866 ra,
577 3799 637 3855 in
667 3796 947 3869 mysterio
968 3795 1187 3866 oblata,
1218 3797 1402 3852 Deum
1433 3800 1508 3859 te,
1536 3809 1879 3866 regemque,
1923 3794 2115 3851 homi-

462 3902 726 3961 nemque
754 3885 1098 3942 declarant:
1134 3890 1195 3939 ut
1245 3884 1540 3956 primitias
1593 3883 1865 3939 Gentium
1916 3883 1977 3939 in
2017 3883 2111 3939 his

473 3982 841 4050 acceptares,
868 3973 1299 4047 plenitudinem
1316 3974 1587 4030 Gentium
1618 3976 1682 4029 tu
1695 3972 1953 4029 salutare
1983 3988 2111 4045 per-

459 4067 666 4123 ﬁciens
690 4083 705 4134 ;
728 4065 934 4122 adesto
985 4063 1159 4119 nobis
1180 4077 1286 4134 per
1314 4077 1403 4133 ea,
1435 4078 1570 4134 qum
1600 4062 1661 4117 in
1691 4066 1745 4118 te
1776 4062 1983 4128 divisa,
2025 4062 2109 4117 in-

459 4155 708 4212 confusa
720 4158 991 4211 constare
1006 4152 1293 4209 veraciter
1307 4150 1608 4207 credimus
1622 4150 1789 4206 :dum
1803 4165 1910 4222 pro
1928 4150 2107 4207 nobis

457 4249 514 4301 et
534 4248 597 4301 ut
620 4243 795 4299 homo
815 4242 1103 4298 innocens
1124 4240 1362 4313 pateris,
1391 4244 1448 4297 et
1477 4245 1540 4296 ut
1558 4255 1663 4295 rex
1685 4244 1897 4311 potens
1926 4238 2104 4310 vinci,

456 4337 513 4390 et
559 4338 621 4390 ut
650 4334 803 4388 Deus
828 4331 1209 4403 omnipotens
1239 4327 1702 4401 incorruptibilis
1742 4344 2063 4401 permanes
2088 4347 2101 4385 :

452 4422 624 4495 cujus
648 4422 854 4495 utique
884 4426 941 4478 et
964 4418 1262 4477 Passionis
1288 4418 1535 4490 myrrha
1559 4422 1615 4474 et
1639 4420 1842 4489 Regno
1863 4434 2099 4485 aurum.

450 4516 507 4569 et
535 4511 745 4569 Deitati
773 4510 1023 4567 debetur
1042 4509 1373 4565 incensum.
1404 4520 1466 4577 BI.
1500 4508 1687 4563 Amen

518 4603 623 4659 Per
637 4599 1132 4658 misericordiam.

517 4690 886 4760 Antiphona.
913 4687 1406 4745 Germinaverunt
1424 4686 1625 4757 campi
1659 4685 1837 4742 eremi
1855 4700 2099 4757 germen

446 4780 647 4837 odoris
678 4778 854 4835 lsrael
885 4777 988 4849 ;P.
1022 4776 1170 4843 Quia
1187 4775 1345 4832 venit
1369 4790 1473 4831 rex
1493 4774 1776 4831 dominus
1793 4790 1931 4829 cum
1959 4773 2101 4831 lmti-

450 4868 527 4923 tia
564 4868 626 4924 in
676 4867 902 4924 lumine
971 4865 1295 4937 majestatis
1351 4880 1514 4919 sum:
1552 4868 1615 4919 ut
1637 4862 1888 4919 adorent
1934 4878 2092 4931 eum,

445 4955 504 5016 )7.
533 4955 825 5012 Lmtentur
854 4954 999 5019 cmli,
1034 4958 1092 5013 et
1140 4953 1360 5009 exultet
1418 4958 1592 5017 terra,
1645 4957 2097 5009 commoveatur

441 5060 628 5109 mare,
663 5051 721 5101 et
748 5043 1054 5116 plenitudo
1081 5044 1210 5115 ejus
1244 5054 1306 5113 Bg.
1338 5042 1489 5108 Quia
1521 5041 1683 5097 venit
1711 5056 1831 5097 rex.
1866 5040 1929 5101 ἵ.
1968 5041 2095 5099 Glo-

436 5138 544 5203 ria,
573 5141 630 5193 et
657 5134 871 5200 honor,
903 5138 1011 5191 etc.
1044 5133 1108 5188 P.
1168 5133 1343 5198 Quia.
1400 5131 1685 5187 Dominus
1708 5133 1781 5186 sit
1834 5147 2088 5205 semper.

439 5240 499 5293 Rt.
530 5228 774 5283 Etcum.

502 5316 730 5373 Lauda.
746 5312 1010 5369 Adorent
1024 5325 1160 5365 eum
1185 5323 1397 5363 omnes
1417 5308 1622 5378 Angeli
1640 5309 1688 5379 ej
1702 5325 1788 5379 us,
1803 5310 2051 5367 Alleluia
2074 5327 2085 5363 :

438 5406 502 5459 P.
542 5404 801 5473 Audivit,
824 5406 881 5457 et
907 5400 1107 5455 lmtata
1148 5400 1239 5451 est
1287 5396 1443 5452 Sion.
1498 5396 1769 5462 Alleluta,
1829 5399 2081 5455 alleluia.

434 5491 492 5551 ἢν.
520 5493 809 5548 Dominus
828 5486 1119 5559 regnavit,
1144 5484 1363 5540 exultet
1384 5489 1556 5541 terra:
1584 5486 1855 5541 lmteutur
1870 5487 2083 5543 insulm
2192 5488 2471 5544 miserere
2483 5489 3121 5562 nobis,quiadiguatus
3135 5504 3197 5544 es
3213 5489 3376 5545 nasci
3388 5504 3497 5562 pro
3512 5488 3695 5546 nobis
3706 5492 3905 5554 dum

2190 5577 2251 5633 in
2290 5582 2343 5634 te
2368 5578 2973 5651 permanes,etnobis
2999 5594 3249 5650 appares
3280 5596 3294 5635 :
3319 5577 3467 5635 dum
3491 5578 3555 5635 in
3579 5582 3635 5635 te
3661 5580 3901 5643 subsi-

2187 5666 2311 5734 stis,
2332 5676 2388 5726 et
2402 5667 2575 5726 nobis
2587 5668 2872 5725 subvenis
2890 5686 2903 5725 :
2918 5667 3067 5725 dum
3082 5682 3388 5742 nusquam
3402 5684 3441 5727 a
3455 5670 3627 5727 Patre
3638 5675 3915 5744 poten-

416 5578 651 5663 multm.
685 5582 743 5636 P.
776 5575 1035 5641 Audivit,
1063 5579 1119 5632 et
1145 5573 1345 5630 lmtata
1389 5577 1494 5627 est.
1527 5572 1588 5632 if.
1614 5572 1827 5640 Gloria,
1878 5579 1934 5631 et
1974 5574 2081 5633 ho-

427 5682 539 5723 nor
556 5668 731 5734 Patri,
762 5671 819 5725 et
834 5664 998 5735 Filio,
1028 5666 1139 5721 etc.
1170 5665 1231 5719 P.
1279 5660 1536 5731 Audivit,
1568 5664 1626 5720 et
1650 5660 1851 5722 lmtata
1878 5668 1984 5723 est.

760 5864 807 5901 λι

2935 1495 3227 1565 Hymnus.

2473 1584 2841 1639 lnluminans
2856 1583 3219 1639 Altissimum

2399 1672 2731 1730 Micantium
2762 1677 3057 1728 astrorum
3084 1672 3330 1743 globum

2398 1764 2532 1829 Pax,
2571 1763 2708 1827 vita,
2739 1762 2961 1825 lumen,
2990 1764 3226 1828 veritas,

2396 1852 2553 1916 Jesu,
2586 1850 2719 1906 fave
2739 1849 3120 1922 precantibus
3156 1867 3167 1904 :

2467 1938 2582 1995 Sed
2608 1939 2860 2009 mystico
2897 1938 3260 2009 baptismate

2396 2026 2636 2082 Fluenta
2660 2025 2957 2089 Jordanis,
3002 2031 3157 2081 retro

2395 2116 2691 2171 Conversa
2723 2115 2990 2186 quodam
3044 2120 3334 2187 tempore,

2394 2204 2673 2259 Prmsenti
2707 2204 2962 2259 sacravit
3002 2204 3116 2260 die.

2466 2293 2581 2347 Seu
2599 2290 2765 2348 stella
2793 2295 3031 2363 partum
3052 2290 3303 2361 Virginis

2390 2378 2552 2436 leo
2576 2380 2808 2437 micans
2837 2382 3175 2451 signaverit,

2391 2470 2457 2523 Et
2484 2469 2579 2525 hic
2595 2469 2877 2525 adoratus
2895 2468 3013 2536 die,

2389 2558 2658 2629 Prmsepe
2690 2560 2932 2629 Mangos
2958 2557 3208 2613 duxerit.

2463 2646 2558 2700 Vel
2584 2645 2809 2716 hydriis
2853 2645 3041 2717 plenis
3086 2661 3259 2718 aqum

2390 2733 2516 2789 Vini
2531 2749 2811 2805 saporem
2850 2733 3145 2789 infuderit.

2389 2822 2593 2878 Hausit
2613 2822 2881 2877 minister
2906 2823 3205 2878 conscius.

2296 2976 2297 2979 η
2388 2910 2558 2976 Quod
2580 2911 2709 2982 ipse
2739 2926 2860 2968 non
2892 2910 3238 2982 impleverat

2457 3004 2659 3071 Aquas
2706 2999 2957 3056 colorari
3002 3000 3211 3057 videns

2385 3089 2665 3144 lnebriari
2692 3089 2941 3144 ﬂumina

2382 3180 2606 3233 Mutata
2621 3176 2910 3233 elementa
2944 3180 3189 3250 stupent

2380 3265 2647 3321 Transire
2676 3281 2821 3321 usus
2845 3265 3061 3322 alteros
3086 3283 3098 3319 :

2454 3354 2547 3410 Sic
2574 3354 2841 3427 quinque
2891 3353 3153 3410 millibus
3182 3354 3320 3409 viris

2380 3446 2531 3499 Dum
2561 3443 2829 3515 quinque
2859 3457 3047 3515 panes
3076 3442 3377 3511 dividunt,

2378 3530 2689 3588 Edentium
2726 3532 2839 3588 sub
2879 3531 3157 3588 dentibus

2373 3623 2437 3677 In
2463 3637 2564 3677 ore
2585 3621 2887 3678 crescebat
2931 3622 3101 3679 cibus

2441 3709 2937 3783 Multiplicabatur
2975 3710 3172 3781 magis

2366 3800 2690 3872 Dispendio
2736 3800 2909 3873 panis
2936 3816 3065 3865 suo,

2362 3889 2474 3955 Qui
2503 3889 2633 3945 hmc
2654 3888 2856 3945 videns
2896 3889 3232 3947 mirabatur

2357 3979 2535 4048 luges
2563 3982 2795 4034 meatus
2825 3977 3097 4034 fontium.

2430 4067 2585 4122 Inter
2613 4082 2830 4123 manus
2863 4065 3268 4137 frangentium

2358 4154 2537 4210 Panis
2592 4156 2816 4225 rigatur
2840 4155 3129 4227 proﬂuus,

2358 4244 2602 4311 Intacta,
2634 4260 2768 4317 qum
2789 4259 2913 4301 non
2937 4243 3235 4315 fregerant

2360 4332 2725 4403 Fragmentis
2765 4334 3098 4404 subrepunt
3142 4332 3267 4388 viri.

2426 4423 2713 4477 Memento
2744 4420 2952 4476 salutis
3000 4424 3225 4492 auctor,
3260 4425 3370 4487 etc,

2284 4509 2480 4567 Gloria
2523 4508 2626 4564 tibi
2659 4509 2929 4574 Domine,
2975 4514 3082 4566 etc.

2281 4599 2676 4670 Supplicatio.
2721 4602 2961 4654 Oremus
2991 4599 3309 4655 Auctorem
3352 4596 3501 4653 lucis
3547 4598 3905 4659 Dominum

2210 4694 2479 4745 nostrum
2493 4689 2520 4743 J
2526 4703 2696 4745 esum
2723 4687 3041 4752 Christum,
3070 4703 3209 4743 cum
3226 4686 3397 4744 omni
3424 4686 3904 4761 supplicatione

2207 4792 2510 4849 rogemus:
2531 4785 2594 4833 ut
2612 4792 2723 4834 nos
2738 4776 2965 4833 lumine
2984 4776 3269 4833 claritatis
3287 4793 3411 4833 sum
3428 4776 3727 4849 propitius
3744 4776 3909 4837 illu-

2206 4866 2435 4923 minare
2481 4871 2536 4924 et
2564 4866 2855 4923 illustrare
2892 4866 3312 4938 86dignetur.
3365 4877 3430 4935 ἢ.
3459 4866 3908 4927 Prmstamter-

2204 4972 2279 5013 ne
2322 4956 2697 5029 omnipotens
2740 4957 2917 5013 Deus.

2275 5044 2448 5118 Kyrie
2496 5044 2735 5101 eleison.
2764 5055 2829 5114 ἣν.
2853 5044 3095 5110 Christe,
3115 5042 3358 5101 eleison.
3390 5043 3904 5115 Kyrie,eleison.

2276 5134 2572 5204 Capitula.
2593 5132 2784 5205 Alpha
2804 5138 2861 5188 et
2887 5134 3113 5201 Omega
3156 5132 3391 5189 initium
3413 5136 3469 5188 et
3494 5130 3659 5188 ﬁnis.
3691 5134 3889 5194 Deus

2202 5227 2257 5278 et
2286 5223 2489 5289 homo,
2540 5222 2805 5278 inﬁnitus
2845 5225 2900 5277 et
2926 5221 3256 5294 prmﬁnitus
3282 5239 3294 5277 :
3320 5222 3381 5277 in
3421 5236 3543 5294 quo
3574 5224 3903 5294 etprinci-

2199 5312 2366 5383 pium
2386 5311 2598 5382 Deitas,
2634 5310 2976 5367 etultimum
3008 5310 3258 5367 sentitur
3278 5309 3629 5367 Humanitas
3655 5330 3669 5368 :
3696 5319 3910 5373 excé-

2196 5399 2345 5454 dens
2359 5400 2893 5471 omnia;viviﬁcans
2909 5402 3210 5464 cuncta,et
3224 5400 3534 5456 continens
3549 5400 3902 5477 universa;
4012 5426 4015 5433 -

4018 5442 4021 5455 l
