4102 6176
235 224 342 279 177

1359 219 1428 274 ΙΝ
1467 217 1686 274 FESTO
1726 213 2234 278 APPARITIONIS
2273 223 2547 282 DOMINI.

3559 242 3664 299 178

235 345 458 401 tialiter
488 343 652 411 dees,
673 347 729 398 et
759 341 838 398 ad
861 341 1173 399 salvandos
1194 343 1447 399 miseros
1465 339 1908 398 clementialiter
1933 339 1978 392 A
2013 344 2320 420 .tEthiopes
2350 369 2362 406 :
2392 357 2452 408 et
2489 352 2712 408 inimici
2739 354 2786 422 ej
2799 370 2864 408 us
2887 357 3100 411 terram
3118 356 3364 428 lingent.
3413 362 3484 417 P.
3514 367 3660 422 Ante

229 433 384 490 ades
429 451 440 487 :
470 432 618 488 dum
646 431 909 488 cmlestia
932 430 1148 503 reples,
1169 435 1226 488 et
1243 436 1473 488 terrena
1499 445 1621 486 non
1643 428 1900 492 deseris;

226 524 451 597 perﬁce
471 522 533 576 in
574 520 1163 592 nobis,qu£esumus,
1202 521 1496 577 beneficia
1525 518 1775 592 piissimi
1796 521 1901 573 Re-

226 610 588 685 demptoris,
617 611 769 666 dum
801 625 1126 666 conservas
1175 610 1429 681 gloriam
1459 607 1896 665 inaestimabilis

232 701 612 760 Conditoris:
671 703 736 755 ut
789 699 1026 772 pietate,
1067 714 1191 770 qua
1242 699 1584 771 redemptor
1636 696 1893 754 adsistis.

234 791 503 848 indultor
537 803 784 861 quoque
805 787 1121 844 criminum
1155 788 1444 846 sentiaris.

311 883 482 936 Pater
508 883 731 934 noster.
770 876 1026 932 [.iberati
1051 892 1088 932 a
1113 877 1292 934 malo.
1318 879 1430 947 fol.
1456 880 1509 931 2.

308 966 621 1024 Humiliate
653 982 760 1022 vos
785 965 1206 1022 benedictioni.

303 1056 593 1112 Dominus
635 1055 708 1110 sit
733 1069 988 1126 semper.
1035 1067 1098 1118 ἢ.
1133 1057 1378 1111 Etcum.

292 1143 660 1200 Benedictio.
692 1142 1006 1199 Benedicat
1031 1142 1203 1198 vobis
1232 1143 1425 1214 Alpha
1455 1148 1511 1198 et
1542 1144 1768 1211 Omega
1794 1156 1887 1197 co-

219 1233 612 1303 gnominatus
639 1231 1077 1302 Omnipotentis
1097 1231 1195 1286 Dei
1223 1231 1414 1287 Patris
1435 1230 1782 1299 linigenitus
1805 1230 1889 1285 Fi-

217 1321 370 1377 lius.
413 1333 476 1381 R.
520 1327 718 1375 Amen.
748 1320 860 1384 Qui
882 1319 1220 1376 estinitium
1243 1324 1300 1375 et
1321 1319 1457 1374 ﬁnis
1483 1336 1492 1371 :
1516 1320 1646 1390 ipse
1662 1334 1773 1375 nos
1798 1333 1884 1373 se-

217 1425 365 1464 cum
389 1413 649 1464 victuros
667 1406 894 1463 attollat
909 1407 1276 1478 temporibus
1296 1407 1540 1462 inﬁnitis
1567 1424 1579 1471 ;
1602 1412 1882 1474 RuAlDCD.

213 1501 427 1569 Atque,
453 1503 690 1568 ereptos
717 1513 753 1552 a
780 1496 974 1561 malis,
1004 1497 1084 1552 ita
1113 1497 1362 1552 illustret
1391 1497 1614 1551 lumine
1645 1495 1882 1552 clarita-

217 1585 311 1651 tis,
337 1591 401 1642 ut
435 1601 546 1641 vos
578 1591 632 1641 et
660 1585 867 1655 gloriae
893 1585 1179 1656 praemiis,
1211 1589 1267 1640 et
1295 1584 1471 1641 donis
1493 1583 1884 1640 ditetaeterni-

213 1674 378 1730 tatis.
405 1686 469 1734 ιιι.
497 1679 710 1729 Amen.
745 1677 850 1728 Per
889 1673 1362 1730 misericordiam
1387 1673 1593 1745 ipsius.

285 1764 524 1819 Lauda.
557 1763 708 1818 Misit
739 1777 835 1817 me
865 1777 1079 1818 sanare
1113 1761 1539 1818 contribulatos
1562 1761 1759 1827 corde,
1792 1759 1882 1816 Al-

208 1850 435 1918 leluia;
477 1851 542 1904 P.
605 1850 930 1906 Praedicare
975 1850 1227 1922 captivis
1261 1850 1758 1921 redemptionem,
1826 1855 1881 1906 et

211 1939 390 1995 caecis
429 1939 680 1995 reddere
701 1939 930 1994 lumen.
965 1937 1234 2006 Alleluia,
1257 1939 1507 1994 alleluia.
1533 1939 1594 1998 ἰν.
1625 1938 1873 1995 Redem-

208 2029 484 2101 ptionem
512 2027 677 2083 misit
707 2026 994 2082 Dominus
1025 2027 1252 2100 populo
1283 2043 1392 2082 suo
1419 2048 1432 2083 :
1468 2027 1782 2083 mandavit
1815 2026 1876 2082 in

207 2121 502 2173 aeternum
523 2120 947 2171 testamentum
961 2131 1161 2172 suum.
1180 2117 1241 2170 P.
1266 2114 1595 2171 Praedicare
1613 2115 1872 2186 captivis-

203 2206 264 2264 ῒ.
303 2204 520 2267 Gloria,
545 2209 600 2260 et
621 2204 815 2260 honor
836 2203 1009 2275 patri,
1033 2208 1142 2259 etc.
1171 2203 1236 2258 P.
1257 2203 1581 2260 Praedicare
1603 2203 1870 2275 captivis.

282 2312 518 2368 Oratio.
541 2311 786 2366 Domine
807 2312 978 2374 Deus,
999 2311 1100 2382 qui
1117 2311 1443 2365 adventum
1466 2310 1758 2380 Unigeniti
1784 2311 1871 2366 Fi-

198 2398 262 2456 lii
290 2401 378 2456 tui
429 2400 771 2456 Johannem
818 2414 1072 2471 puerum
1107 2415 1470 2472 praecurrere
1501 2399 1774 2463 voluisti;
1808 2404 1871 2455 ut

199 2489 427 2546 missus
476 2494 592 2544 ate
626 2489 784 2544 viam
826 2488 1057 2543 Christo
1093 2487 1547 2554 .incredulorum
1587 2487 1869 2543 cordibus

198 2583 594 2651 praepararet,
621 2577 898 2632 sanando
925 2575 1353 2632 contribulatos
1381 2576 1582 2645 corde,
1620 2581 1676 2631 et
1697 2577 1868 2631 caecis

202 2666 574 2723 restituendo
601 2665 846 2721 luminis
873 2664 1203 2720 claritatem
1247 2683 1258 2720 :
1318 2663 1605 2734 suﬂ‘ragio
1644 2664 1773 2734 ejus
1813 2668 1870 2719 et

204 2757 530 2812 cecitatem
549 2755 744 2810 cordis
766 2755 1062 2818 illumina,
1083 2758 1140 2809 et
1155 2753 1567 2810 tribulationes
1591 2753 1868 2809 cordium

203 2850 546 2901 nostrorum
585 2844 647 2899 in
686 2848 977 2899 aeternum
1003 2842 1292 2912 gaudium
1322 2847 1492 2898 muta
1517 2859 1529 2906 ;
1557 2841 1742 2914 utqui
1763 2857 1870 2896 na-

208 2934 490 2990 tivitatem
524 2932 821 3003 Unigeniti
842 2932 966 2987 Filii
984 2933 1065 2988 tui
1097 2932 1319 3003 gaudio
1346 2930 1668 2987 christiano
1695 2930 1866 2987 attol-

208 3022 404 3089 limur,
432 3022 498 3077 in
531 3021 792 3077 adventu
817 3021 1032 3092 judicii
1061 3021 1190 3092 ejus
1213 3020 1720 3092 nullispaanarum
1741 3021 1866 3076 vin-
1895 3042 1938 3099 ρ

210 3111 353 3167 culis
379 3112 821 3168 contristemur.
857 3122 921 3180 Βτ.
955 3114 1160 3166 Amen.

274 3204 378 3256 Per
402 3199 878 3256 misericordiam
904 3203 1092 3255 tuam.

273 3290 450 3345 Dicat
475 3288 811 3360 Presbyter.
843 3287 1134 3344 Dominus
1163 3288 1235 3344 sit
1263 3302 1501 3359 semper
1521 3287 1858 3345 vobiscum.

207 3392 266 3446 ἢ.
305 3380 564 3438 Etcum.
615 3381 678 3434 In
705 3378 951 3435 nomine
983 3378 1236 3434 Domini.

773 3485 873 3540 Ad
900 3485 1287 3542 Matutinum.

274 3594 646 3662 Anta’phona.
669 3592 908 3649 Domini
941 3596 1028 3649 est
1049 3592 1210 3648 salus
1241 3611 1254 3646 :
1286 3595 1341 3649 et
1369 3606 1549 3664 super
1569 3591 1862 3664 populum

208 3687 373 3740 tuum
391 3681 730 3739 benedictio
756 3687 877 3738 tua.
912 3683 1191 3738 Psalmus
1213 3697 1297 3738 ιιι.

282 3771 499 3828 Oratio.
528 3774 614 3826 Tu
644 3787 728 3836 es,
762 3771 1031 3842 Domine,
1069 3770 1251 3828 salus.
1287 3771 1491 3837 Quaere
1512 3774 1629 3844 fol.
1669 3775 1757 3828 46.

271 3879 628 3948 Ληιίρὴοηα
655 3880 706 3932 1.
737 3877 1101 3933 Hierusalem
1132 3877 1193 3933 in
1237 3881 1288 3932 te
1319 3878 1636 3950 apparebit
1665 3878 1864 3934 Domi-

205 3983 346 4025 nus;
377 3970 450 4023 P.
480 3970 549 4023 Et
577 3967 772 4024 honor
803 3967 932 4037 ejus
953 3982 1132 4038 super
1160 3972 1214 4022 te
1249 3966 1560 4022 videbitur.
1609 3971 1671 4023 Et
1700 3966 1865 4024 ibunt

202 4072 370 4126 reges
382 4056 682 4112 inlumine
698 4060 884 4120 tuo,et
897 4057 1110 4112 Gentes
1122 4055 1182 4111 in
1203 4055 1522 4128 splendore
1537 4060 1637 4112 tuo
1655 4055 1863 4112 ambu-

203 4145 435 4200 labunt.
461 4145 524 4204 it.
559 4148 621 4200 Et
647 4144 1025 4217 permanebit
1049 4161 1188 4200 cum
1211 4144 1354 4210 sole,
1385 4149 1440 4200 et
1469 4151 1607 4200 ante
1631 4144 1860 4208 lunam,

201 4235 263 4289 in
289 4233 668 4303 generatione
699 4240 756 4290 et
795 4235 853 4289 in
903 4233 1187 4289 saeculum
1216 4233 1440 4290 saeculi.
1471 4234 1540 4288 P.
1586 4237 1650 4288 Et
1674 4233 1866 4290 honor

201 4324 350 4394 ejus,
381 4323 444 4381 γε’.
476 4323 689 4387 Gloria,
739 4329 795 4379 et
824 4323 1036 4387 honor,
1071 4330 1178 4378 etc.
1218 4326 1277 4377 P.
1324 4327 1388 4378 Et
1419 4325 1611 4379 honor
1641 4325 1790 4394 ejus.

268 4413 503 4468 Oratio.
527 4413 644 4468 Fac
666 4428 798 4478 nos,
823 4411 1093 4481 Domine,
1110 4412 1298 4468 beatae
1325 4412 1479 4468 illius
1504 4412 1865 4468 Hierusalem
1898 4395 1944 4450 Ῑ)

199 4502 425 4558 visione
452 4501 662 4565 laetari,
682 4507 741 4556 et
769 4501 828 4555 in
867 4501 1096 4570 gremio
1129 4501 1256 4571 ejus
1284 4506 1572 4572 perpetua
1595 4501 1871 4571 jocundi'

201 4596 312 4648 tate
341 4590 555 4657 attolli,
577 4591 639 4646 in
658 4606 786 4663 qua
809 4595 872 4644 tu
895 4589 998 4645 lux
1023 4594 1266 4654 aeterna,
1292 4590 1524 4646 radiare
1549 4590 1866 4662 promittis,

198 4686 249 4736 et
280 4681 458 4751 cujus
490 4680 684 4736 honor
710 4694 841 4735 esse
871 4678 1203 4750 polliceris:
1243 4679 1477 4749 Largire
1499 4695 1640 4751 ergo
1669 4679 1866 4746 nobis,

197 4771 324 4838 ejus
355 4767 656 4828 desiderio
696 4767 1042 4826 carnalibus
1067 4769 1201 4824 exui
1227 4769 1404 4838 nugis
1435 4773 1492 4824 et
1526 4768 1724 4824 vestiri
1751 4770 1864 4826 vir-

195 4858 419 4916 tutibus
447 4858 714 4930 copiosis
743 4877 755 4913 :
791 4863 852 4913 ut
884 4873 1038 4922 eam,
1072 4857 1168 4912 cui
1201 4861 1263 4914 tu
1291 4857 1637 4929 apparendo
1667 4857 1859 4915 factus

198 4961 255 5002 es
280 4945 638 5003 indeﬁciens
653 4945 883 5014 lumen,
913 4961 1024 5002 nos
1045 4946 1483 5019 amplectamur
1495 4961 1737 5018 semper
1750 4962 1878 5004 me-

197 5036 319 5091 ritis
348 5035 730 5106 genitricem.
761 5047 824 5100 ﬁ.
859 5045 1070 5092 Amen.

269 5125 374 5179 Per
414 5124 898 5180 misericordiam
929 5129 1112 5180 tuam.

273 5232 623 5301 Antip/wna
663 5235 722 5285 2.
764 5229 1062 5286 Gloriosus
1094 5235 1182 5286 est
1210 5234 1483 5302 aspectus
1513 5231 1660 5300 ejus,
1691 5235 1746 5287 et
1772 5232 1833 5286 in
1855 5263 1876 5273 -

203 5323 284 5374 ter
311 5319 462 5375 ﬁlios
503 5319 826 5375 hominum
859 5318 1052 5374 forma
1077 5320 1225 5390 ejus.
1266 5319 1328 5372 P.
1361 5323 1506 5374 Ante
1536 5334 1672 5374 eum
1727 5335 1867 5376 con-

197 5407 504 5464 tinuerunt
525 5421 701 5476 reges
728 5422 796 5462 os
818 5407 1251 5472 suum.Quibus
1273 5423 1394 5463 non
1420 5412 1510 5463 est
1528 5408 1870 5465 nuntiatum

195 5496 268 5552 de
300 5512 388 5562 eo,
431 5497 847 5553 adoraverunt
877 5511 1042 5553 eum.
1083 5497 1145 5556 Ψ.
1182 5497 1394 5553 Coram
1425 5496 1525 5554 illo
1557 5497 1870 5566 procidant

2011 449 2150 490 eum
2172 440 2607 498 continuerunt.
2641 442 2699 500 if.
2723 442 2934 506 Gloria,
2967 447 3023 499 et
3048 445 3240 502 honor
3269 449 3558 519 Patri,etc.
3589 453 3652 508 P.

2009 525 2154 580 Ante
2185 543 2342 584 cum.

2081 631 2306 690 Oratio.
2343 637 2512 699 Deus,
2558 637 2656 693 Dei
2689 637 2888 704 Filius,
2922 641 3094 710 cujus
3128 641 3279 697 inter
3298 643 3571 703 homines
3597 653 3653 706 et

2006 717 2199 777 forma
2231 727 2284 778 et
2304 729 2581 796 aspectus
2607 730 2693 781 est
2723 726 3040 797 gloriosus,
3081 730 3502 800 gloriﬁcandos
3540 753 3652 794 nos

2007 807 2107 862 tibi
2129 809 2402 879 adsume,
2428 818 2482 870 et
2503 815 2561 869 in
2581 815 2765 885 partis
2784 816 3039 872 dexterae
3059 821 3436 877 coronandos
3454 825 3649 882 conlo-

2004 899 2233 954 catione
2265 906 2473 968 statue,
2506 905 2690 974 utqui
2731 920 2836 961 ora
2860 911 3064 963 nostra
3096 907 3157 962 in
3205 909 3318 964 tuis
3361 910 3646 968 laudibus

2001 987 2325 1057 aperimus,
2373 991 2567 1045 carnis
2614 993 2885 1048 sensibus
2912 1010 3033 1050 non
3064 1012 3383 1066 gravemur
3413 1017 3428 1053 :
3461 1003 3518 1056 et
3545 1002 3647 1073 qui

1999 1073 2236 1142 gloriosi
2267 1085 2543 1148 aspectus
2571 1081 2653 1135 tui
2683 1082 2949 1137 solamen
2967 1084 3358 1154 exquirimus,
3398 1088 3646 1145 visionis

1997 1165 2114 1218 tum
2143 1166 2548 1223 consolatione
2586 1170 2938 1225 omnimoda
2965 1172 3285 1241 potiamur.
3337 1187 3399 1232 Rv.
3431 1179 3638 1233 Amen.

2067 1254 2171 1307 Per
2208 1253 2678 1312 misericordiam
2708 1262 2892 1313 tuam.

2067 1357 2107 1412 A
2122 1360 2408 1428 ntiphona
2427 1365 2476 1416 3.
2499 1365 2560 1416 lu
2581 1362 2790 1417 diebus
2814 1365 3057 1420 Herodis
3078 1368 3231 1434 regis
3249 1383 3383 1422 ecce
3399 1370 3544 1439 Magi
3559 1370 3638 1426 ab

1995 1445 2224 1502 Oriente
2256 1454 2546 1505 venerunt
2576 1451 3067 1523 Hierosolymam,
3097 1455 3167 1508 P.
3197 1457 3462 1512 Dicentes
3492 1475 3503 1511 :
3531 1457 3636 1513 Ubi

1991 1540 2097 1598 est,
2143 1537 2244 1607 qui
2272 1541 2448 1593 natus
2480 1542 2567 1593 est
2604 1542 2721 1594 Rex
2756 1540 3099 1598 Judaeorum
3128 1542 3155 1596 δῖ
3195 1543 3448 1599 vidimus
3478 1545 3637 1601 enim

1991 1622 2221 1679 stellam
2263 1625 2390 1695 ejus
2429 1626 2488 1681 in
2522 1627 2772 1694 Oriente,
2806 1634 2860 1684 et
2889 1630 3160 1685 venimus
3199 1631 3449 1688 adorare
3475 1648 3632 1689 eum.

1915 1694 1960 1750 Β
1991 1710 2055 1770 V.
2105 1713 2396 1777 Quoniam
2427 1730 2562 1771 ecce
2592 1732 2759 1786 reges
2805 1721 2969 1773 terrae
3010 1720 3354 1789 congregati
3385 1726 3538 1790 sunt,
3581 1725 3638 1778 et

1988 1808 2394 1858 convenerunt
2417 1803 2477 1857 in
2496 1820 2705 1860 unum.
2727 1807 2795 1860 P.
2826 1806 3093 1863 Dicentes
3123 1824 3135 1861 :
3163 1807 3270 1863 Ubi
3293 1813 3395 1862 est.
3419 1809 3482 1866 ιν.
3508 1809 3636 1865 Glo-

1987 1887 2092 1957 ria,
2127 1893 2182 1944 et
2212 1889 2403 1946 honor
2433 1893 2603 1955 Patri,
2644 1898 2752 1949 etc.
2786 1893 2848 1948 P.
2880 1895 3146 1951 Dicentes
3175 1914 3187 1951 :
3221 1896 3335 1952 Ubi
3385 1903 3488 1953 est.

2061 1994 2283 2052 Oratio.
2313 1999 2432 2053 Rex
2478 1998 2748 2055 omnium
2777 2001 3154 2069 saeculorum,
3209 2002 3432 2060 Christe
3481 2007 3634 2062 Deus

1987 2081 2286 2149 altissime,
2318 2085 2420 2157 qui
2466 2086 2525 2142 in
2557 2086 2770 2143 diebus
2805 2089 3048 2145 Herodis
3081 2091 3237 2160 regis
3278 2091 3352 2147 de
3396 2092 3633 2164 Virgine

1984 2174 2178 2235 natus,
2212 2173 2410 2242 Magis,
2445 2176 2849 2246 quaerentibus
2874 2181 2944 2241 te,
2978 2193 3135 2235 novo
3157 2179 3295 2234 esin
3320 2180 3511 2237 sidere
3533 2180 3631 2238 de-

1983 2258 2278 2317 claratus:
2321 2265 2695 2335 appareatin
2743 2266 2920 2322 nobis
2970 2267 3200 2325 virtutis
3249 2272 3363 2326 ture
3430 2271 3632 2341 praesi-

1980 2347 2150 2404 dium
2177 2351 2253 2407 ad
2284 2352 2665 2424 depellendas
2678 2370 2884 2410 omnes
2910 2357 3199 2428 pernicies
3226 2358 3630 2430 tenebrarum,

1979 2453 2099 2510 quo
2133 2441 2216 2494 sic
2239 2441 2552 2511 Majestatis
2591 2447 2706 2500 tUtB
2739 2444 2849 2516 87
2885 2445 3048 2502 sidus
3075 2446 3136 2502 in
3164 2447 3340 2503 nobis
3361 2448 3630 2520 resplen-

1977 2526 2132 2592 deat,
2160 2531 2222 2584 ut
2251 2529 2326 2584 ad
2350 2533 2402 2585 te
2433 2533 2824 2602 quaerendum
2857 2534 3003 2590 nulli
3044 2551 3104 2591 se
3146 2536 3321 2592 nobis
3360 2553 3628 2594 errorum

1976 2614 2177 2670 obices
2190 2615 2716 2690 interponant,quo
2731 2624 2786 2675 et
2803 2620 2877 2676 ad
2907 2627 2958 2676 te
2975 2623 3300 2680 videndum
3314 2639 3627 2682 curramus

1975 2702 2329 2769 alacriter,et
2351 2709 2404 2761 te
2424 2706 2552 2761 viso
2576 2708 3299 2776 jocundemurinstanter.
3326 2723 3392 2772 Ri.
3415 2717 3621 2771 Amen.

2045 2795 2151 2847 Per
2180 2791 2653 2849 misericordiam
2685 2799 2875 2851 tuam.

2047 2891 2112 2948 Βι.
2141 2879 2502 2936 Hierusalem
2530 2896 2664 2937 ecce
2705 2884 2983 2954 apparuit
3009 2884 3068 2940 in
3097 2889 3149 2940 te
3175 2901 3276 2940 rex
3306 2901 3536 2956 regum,
3570 2893 3627 2946 et

1974 2969 2515 3025 commovebuntur
2531 2970 2739 3026 insulae
2757 2971 2830 3026 de
2847 2971 2992 3028 locis
3010 2973 3155 3028 suis.
3174 2975 3391 3030 Omnes
3411 2977 3625 3048 princi-

1971 3073 2078 3130 pes
2105 3058 2374 3113 Gentium
2391 3058 2758 3116 descendent
2781 3060 2854 3116 de
2885 3061 3106 3119 thronis
3135 3063 3275 3133 suis,
3300 3070 3356 3122 et
3381 3065 3628 3123 afferent

1973 3145 2255 3202 diadema
2270 3145 2344 3202 de
2361 3147 2554 3220 capite
2572 3163 2698 3204 suo.
2724 3150 2795 3205 P.
2816 3153 2880 3206 Et
2901 3151 3149 3208 offerent
3166 3152 3303 3208 eide
3323 3153 3628 3227 lapidibus

1972 3235 2243 3307 pretiosis
2283 3251 2518 3305 aurum,
2555 3237 2714 3308 thus,
2746 3244 2800 3295 et
2830 3241 3157 3312 myrrham.
3286 3244 3430 3298 Ecce
3456 3259 3626 3314 reges

1972 3328 2139 3380 terrae
2171 3327 2511 3396 congregati
2534 3331 2690 3393 sunt,
2714 3331 2772 3383 et
2792 3333 3194 3384 convenerunt
3217 3331 3273 3383 in
3301 3345 3508 3394 unum,
3543 3334 3623 3390 P.

1978 3413 2040 3468 Et
2077 3411 2347 3469 offerent.
2387 3413 2447 3472 ἲν.
2483 3417 2667 3484 Reges
2715 3415 2972 3483 Tharsis,
3025 3421 3079 3470 et
3119 3415 3326 3469 insulae
3373 3431 3625 3474 munera

1971 3500 2221 3558 offerent
2255 3518 2264 3557 :
2300 3517 2468 3571 reges
2495 3501 2756 3557 Arabum
2787 3507 2843 3558 et
2886 3502 3038 3558 Saba
3081 3501 3236 3558 dona
3266 3502 3386 3558 Deo
3427 3504 3620 3561 addu-

1972 3593 2122 3645 cent.
2149 3590 2213 3644 P.
2243 3593 2488 3645 Aurum.
2520 3590 2581 3651 Ψ.
2611 3590 2825 3654 Gloria,
2877 3595 2933 3647 et
2973 3590 3166 3647 honor
3211 3591 3384 3663 Patri,
3417 3595 3525 3649 etc.
3559 3595 3624 3653 P.

1973 3677 2363 3734 Hierusalem.

2045 3783 2269 3840 Oratio.
2302 3786 2474 3851 Deus,
2507 3785 2604 3840 Dei
2621 3785 2823 3854 Filius,
2860 3786 3041 3843 Patris
3067 3786 3384 3844 ineffabilis
3416 3789 3622 3859 virtus,

1973 3872 2077 3944 qui
2105 3888 2263 3928 novo
2295 3873 2486 3928 sidere
2515 3873 2575 3929 in
2601 3875 2886 3932 Gentibus
2915 3891 3018 3932 rex
3046 3892 3257 3946 regum
3298 3878 3626 3934 ostenderis

1973 3976 2252 4031 magnus,
2275 3962 2406 4018 etin
2429 3963 2655 4020 civitate
2681 3964 2778 4021 illa
2797 3966 2975 4022 beata
2997 3981 3252 4038 appares
3275 3966 3575 4037 gloriosus
3610 3985 3621 4023 :

1973 4065 2153 4122 quem
2185 4050 2392 4106 insulae
2422 4059 2680 4110 tremunt
2712 4071 2722 4108 :
2777 4055 2871 4110 cui
2924 4055 3221 4126 principes
3255 4060 3310 4112 et
3352 4057 3626 4112 nationes

1976 4139 2246 4196 Gentium
2287 4140 2718 4212 obsequuntur,
2754 4143 2900 4198 dum
2933 4144 3038 4199 tibi
3059 4144 3266 4202 omnia
3310 4159 3627 4215 regnace-

1975 4228 2260 4294 dunt,tibi
2282 4245 2489 4299 regum
2511 4230 2858 4288 diademata
2873 4232 3335 4290 substernuntur
3355 4252 3367 4300 ;
3384 4235 3626 4304 dignare

1974 4319 2101 4390 jam
2133 4319 2342 4388 gratia,
2371 4321 2587 4375 nostris
2620 4326 2672 4376 te
2704 4323 3015 4378 ostendere
3045 4323 3323 4379 sensibus
3356 4324 3542 4396 pium,
3572 4329 3629 4380 et

1978 4408 2039 4462 in
2061 4408 2618 4464 conversationibus
2655 4411 3072 4470 manifestum:
3110 4417 3172 4467 ut
3202 4412 3492 4485 primitias
3509 4415 3628 4483 spi-

1979 4499 2125 4554 ritus
2147 4497 2458 4562 habentes,
2501 4515 2572 4553 ea
2598 4499 2701 4555 tibi
2726 4516 2960 4572 semper
2991 4517 3094 4573 per
3128 4517 3380 4559 munera
3400 4502 3628 4556 dedice-

1979 4602 2138 4654 mus,
2177 4603 2283 4658 per
2319 4603 2454 4658 quae
2491 4588 2730 4644 introire
2774 4589 3012 4645 beatam
3057 4589 3220 4646 illam
3261 4589 3626 4647 Hierusalem

1981 4676 2217 4750 placitis
2240 4676 2524 4732 cordibus
2552 4692 2910 4746 mereamur,
2933 4683 2999 4736 ut
3019 4679 3122 4735 tibi
3153 4679 3624 4736 mundissimum

1983 4781 2196 4822 aurum
2219 4769 2560 4822 nostrorum
2581 4781 2833 4837 operum
2855 4767 3203 4838 deferentes,
3221 4769 3390 4840 regni
3409 4768 3489 4826 tui
3509 4784 3630 4826 me-

1983 4871 2224 4913 reamur
2260 4871 2388 4911 esse
2409 4856 2747 4928 participes.
2793 4869 2856 4927 It.
2888 4852 3098 4916 Anien.

2055 4945 2165 5001 Per
2193 4943 2663 5001 misericordiam
2685 4950 2874 5002 tuam.

2054 5051 2414 5120 Antiphona.
2444 5055 2630 5121 Reges
2650 5052 2968 5118 Tharsis,et
2989 5053 3201 5111 insulae
3222 5071 3476 5114 munera
3492 5057 3636 5114 offe-

1983 5145 2123 5196 runt
2154 5157 2165 5194 :
2200 5155 2368 5210 reges
2397 5139 2662 5197 Arabum
2693 5147 2750 5197 et
2777 5142 3106 5201 Sabadona
3128 5145 3445 5202 adducent.
3476 5145 3541 5196 P.
3569 5146 3635 5196 Et

1985 5227 2319 5286 adorabunt
2349 5229 2408 5284 in
2447 5236 2769 5301 conspectu
2800 5233 2932 5302 ejus
2971 5249 3180 5291 omnes
3212 5251 3378 5303 reges
3423 5237 3628 5284 teme:

1985 5333 2196 5375 omnes
2222 5319 2431 5374 Gentes
2462 5320 2725 5376 serviunt
2749 5321 2868 5377 illi:
2901 5325 3197 5388 Quoniam
3219 5324 3346 5391 ipse
3366 5316 3635 5371 liberavit

1985 5421 2246 5478 egenum
2274 5423 2309 5464 a
2351 5412 2623 5479 potente;
2652 5415 2706 5467 et
2736 5426 3081 5484 pauperem,
3110 5409 3202 5463 cui
3233 5420 3352 5459 non
3386 5405 3512 5456 erat
3533 5403 3635 5459 ad-

1983 5499 2163 5569 jutor.
2196 5497 2257 5557 ι’.
2303 5501 2383 5554 Ex
2411 5501 2605 5556 usuris
2645 5505 2701 5556 et
2745 5499 3049 5570 iniquitate
3096 5491 3365 5549 liberavit
3394 5490 3634 5551 animas
