4102 6176
405 193 512 254 179

1640 173 2098 246 BREVIABIUM
2136 172 2530 240 GOTliICUM.

3721 182 3825 254 ίβθ

475 313 814 372 Deducente
831 324 944 367 nos
967 308 1162 381 gratia
1188 307 1442 366 dexterae
1471 307 1610 376 tuas,
1641 301 1886 362 domine
1913 299 1943 354 J
1948 313 2055 355 esu
2085 299 2134 354 Α
2237 297 2662 368 Oratio.Tues,
2682 299 2948 365 Domine,
2969 299 3136 358 stella
3147 299 3409 358 veritatis
3425 301 3626 358 oriens
3641 317 3716 362 ex
3731 306 3826 363 Ja-

409 405 672 470 Christe;
694 401 796 474 qui
825 415 966 456 cum
993 400 1182 467 Patre,
1211 403 1268 455 et
1307 396 1527 470 Spiritu
1558 396 1774 452 Sancto
1797 389 1968 457 vivis,
2001 391 2057 446 et

408 493 616 552 omnia
651 491 805 561 regis
828 489 891 545 in
913 487 1133 544 saecula
1153 487 1533 543 saeculorum.

480 581 768 642 Dominus
798 578 876 636 sit
911 592 1166 650 semper.
1199 589 1260 647 Βί.
1307 579 1372 632 Et
1401 589 1560 632 cum.

482 683 548 743 θ.
584 673 733 726 Luce
761 668 922 724 clara
950 665 1205 736 fulgebis
1234 665 1296 720 in
1323 663 1597 720 omnibus
1621 659 1844 717 ﬁnibus
1868 661 2059 715 terras.

411 759 693 818 Nationes
706 756 906 813 multae
926 755 1000 810 de
1015 754 1347 828 longinquo
1359 751 1601 808 venient
1616 749 1741 812 tibi,
1761 752 1817 804 et
1832 746 2063 804 habita-

413 854 571 910 tores
584 851 621 904 ὲ.
632 845 973 904 novissimis
989 843 1261 916 partibus
1280 847 1446 898 terrae
1464 841 1526 896 in
1542 838 1826 896 manibus
1841 835 2064 893 haben-

412 941 503 998 tes
514 951 783 998 munera.
814 936 882 989 P.
903 932 1044 1002 Regi
1065 931 1353 988 caelorum
1373 931 1632 988 offerunt
1653 943 1791 984 cum
1807 925 2012 982 laetitia
2048 938 2063 980 :

417 1029 474 1086 et
503 1039 724 1084 nomen
752 1021 988 1092 Domini
1015 1035 1307 1090 magnum
1341 1020 1448 1076 erit
1474 1019 1536 1074 in
1575 1016 1777 1072 omnia
1822 1012 2066 1070 saecula.

415 1115 478 1175 ἲν.
505 1117 724 1170 Omnes
751 1110 825 1166 de
853 1109 1012 1166 Saba.
1038 1108 1296 1176 venient,
1320 1122 1536 1165 aurum
1567 1109 1623 1161 et
1645 1105 1779 1162 thus
1805 1102 2068 1158 deferen-

417 1207 531 1265 tes,
552 1203 611 1256 et
637 1198 880 1255 laudem
899 1198 1152 1254 Domino
1171 1196 1618 1254 annuntiantes.
1643 1196 1706 1250 P.
1735 1191 1876 1263 Regi
1895 1190 2069 1246 caelo-

417 1305 574 1348 rum.
601 1287 664 1350 ἲν.
693 1286 906 1357 Gloria,
932 1291 989 1342 et
1017 1285 1228 1352 honor,
1271 1289 1379 1341 etc.
1410 1285 1483 1340 P.
1522 1283 1664 1354 Regi
1689 1281 1997 1337 caelorum.

495 1376 715 1434 Oratio.
748 1373 1046 1441 Abundet,
1077 1389 1420 1446 quaesumus
1460 1371 1728 1436 Domine,
1761 1369 1820 1425 in
1860 1367 2072 1425 diebus

419 1467 638 1524 nostris
663 1465 763 1520 lux
791 1465 1071 1521 claritatis
1092 1468 1206 1520 tuae
1233 1465 1294 1520 in
1313 1463 1536 1519 ﬁnibus
1566 1466 1736 1518 terrae
1763 1480 1776 1520 :
1805 1462 1884 1523 ut,
1917 1473 2072 1531 quos

421 1553 828 1630 Apparitionis
867 1559 983 1610 tua:
1021 1553 1152 1609 luce
1191 1552 1462 1617 irradias,
1495 1550 1870 1608 abundantia
1907 1546 2073 1621 pacis

2168 386 2301 454 cob,
2332 387 2638 461 homoque
2670 404 3037 461 consurgens
3060 405 3133 445 ex
3159 389 3338 446 Israel
3369 407 3382 446 :
3412 392 3469 446 et
3491 390 3552 447 in
3575 406 3734 450 novo
3753 393 3829 450 si-

2171 477 2302 533 dere
2323 476 2654 534 ostenderis
2676 481 2849 547 Deus,
2867 483 2924 534 et
2947 479 3008 535 in
3031 479 3326 551 praesepio
3347 479 3582 550 positus
3604 483 3763 538 Deus
3775 485 3834 540 et

2169 566 2375 634 homo,
2407 582 2564 623 unus
2614 567 2869 624 crederis
2909 567 3169 624 Christus
3195 585 3209 634 ;
3239 571 3483 641 propter
3537 585 3836 647 magnam

2171 656 2638 714 misericordiam
2668 661 2833 716 tuam
2858 656 3110 713 visionis
3163 662 3280 714 tua:
3332 658 3508 715 nobis
3567 674 3838 732 proroga

2175 745 2431 817 gratiam
2473 751 2802 818 :appareat
2843 746 2906 802 in
2954 746 3130 802 nobis
3179 745 3334 802 lucis
3384 751 3500 804 tuae
3540 747 3839 804 radiabile

2176 835 2439 906 signum,
2471 836 2637 908 quod
2653 835 2909 909 expellat
2937 851 3150 892 omnes
3171 835 3447 893 tenebras
3502 837 3788 898 vitiorum
3823 855 3838 894 :

2175 929 2260 991 ut,
2284 925 2388 997 qui
2410 924 2657 981 visionis
2693 929 2810 980 tuae
2841 924 3135 986 desiderio
3174 924 3555 998 anhelamus,
3587 925 3840 984 visionis

2177 1015 2294 1069 tuae
2320 1013 2567 1085 praemio
2597 1012 2995 1070 consolemur.
3027 1025 3094 1084 nr.
3125 1017 3335 1071 Amen.

2250 1104 2354 1158 Per
2384 1101 2848 1160 misericordiam
2872 1107 3060 1165 tuam,

2251 1202 2315 1260 ﬁ.
2345 1190 2548 1260 Fulget
2586 1191 2830 1257 Ccelum,
2873 1195 2930 1246 et
2953 1193 3128 1248 Terra
3173 1191 3448 1264 splendet
3481 1195 3519 1250 a
3569 1192 3844 1250 claritate

2182 1279 2303 1350 Dei,
2339 1279 2442 1352 qui
2471 1279 2761 1352 processit
2778 1279 2852 1335 de
2873 1279 3216 1338 habitaculo
3247 1285 3452 1339 sancto
3483 1297 3593 1338 suo
3620 1298 3842 1340 sanare

2184 1367 2614 1424 contribulatos
2645 1368 2842 1435 corde,
2879 1373 2935 1426 et
2982 1368 3155 1425 caecis
3189 1369 3440 1426 reddere
3490 1370 3715 1428 lumen.
3768 1372 3841 1429 P.

2185 1457 2446 1516 Gaudete
2474 1457 2674 1523 hodie,
2706 1458 3003 1514 universae
3029 1459 3259 1525 Gentes,
3292 1458 3399 1531 qui
3421 1459 3484 1514 in
3513 1459 3707 1516 medio
3734 1475 3843 1516 ve-

2187 1546 2290 1602 stri
2311 1545 2577 1604 Salvator
2602 1546 2876 1618 apparuit
2907 1563 2919 1601 :
2944 1546 3074 1617 jam
3095 1546 3275 1604 nolite
3291 1562 3529 1619 pavere.
3556 1548 3617 1610 ῒ.
3642 1546 3845 1608 illuxit

423 1658 860 1717 usquequaque
891 1642 1167 1698 sustollas
1203 1658 1214 1698 :
1249 1647 1330 1709 ut,
1364 1641 1511 1696 dum
1537 1639 1833 1712 deputatis
1867 1636 2077 1692 ofﬁciis
2108 1651 2153 1716 Β
2187 1635 2349 1692 enim
2371 1635 2563 1707 gratia
2590 1635 2691 1692 Dei
2708 1634 3026 1694 Salvatoris
3047 1636 3232 1694 nostri
3251 1637 3314 1694 in
3337 1636 3623 1693 omnibus
3643 1637 3843 1693 homi-

425 1731 699 1805 obsequii
729 1730 1130 1802 dependimus
1162 1736 1391 1798 votum,
1425 1730 1693 1785 aethereae
1721 1727 1871 1784 lucis
1901 1725 2077 1782 lumi-

424 1837 647 1879 nosum
677 1821 988 1894 capiamus
1014 1818 1308 1878 effectum.
1343 1830 1406 1891 ἢ.
1441 1822 1650 1876 Amen.

496 1914 602 1966 Per
639 1907 1114 1965 misericordiam
1127 1952 1139 1964 .

495 1998 867 2069 Antiphona.
899 1998 1147 2070 Signum
1169 2013 1460 2068 magnum
1477 1996 1674 2053 visum
1695 1998 1785 2052 est
1801 1995 1861 2050 in
1884 1992 2032 2049 coelo
2066 2009 2076 2047 :

427 2087 627 2146 Mulier
647 2086 865 2143 amicta
879 2091 1004 2143 erat
1026 2087 1173 2157 sole,
1193 2091 1248 2143 et
1266 2086 1411 2143 luna
1433 2085 1545 2142 sub
1570 2083 1829 2158 pedibus
1849 2084 2001 2154 ejus,
2027 2085 2085 2138 et

429 2171 608 2248 super
637 2179 818 2248 caput
849 2175 979 2247 ejus
1026 2191 1250 2232 corona
1293 2175 1592 2232 stellarum
1626 2172 1967 2229 duodecim.
2017 2172 2083 2227 Et

428 2260 767 2329 festinabat,
819 2269 880 2320 ut
928 2266 1288 2337 pareret;et
1339 2264 1568 2338 peperit
1606 2262 1817 2318 ﬁlium.
1851 2261 1916 2316 P.
1973 2260 2083 2326 Qui

431 2357 701 2410 recturus
715 2356 802 2408 est
821 2368 1032 2408 omnes
1047 2356 1250 2422 gentes
1272 2352 1331 2408 in
1353 2352 1524 2423 virga
1535 2351 1744 2408 ferrea.
1772 2349 1834 2412 in
1863 2352 1928 2404 In
1960 2347 2083 2404 sole

429 2441 629 2516 pOsuit
647 2441 1099 2500 tabernaculum
1115 2459 1290 2497 suum
1321 2459 1332 2498 :
1368 2442 1567 2516 etipse
1593 2445 1882 2514 tanquam
1906 2453 2085 2511 spon-

432 2547 532 2587 sus
554 2531 878 2605 procedens
905 2530 978 2586 de
1001 2529 1269 2586 thalamo
1290 2546 1420 2586 suo.
1449 2529 1522 2586 P.
1558 2529 1668 2595 Qui
1688 2534 1953 2584 recturus
1975 2529 2081 2583 est.

432 2620 493 2681 7t.
524 2619 735 2686 Gloria,
771 2623 828 2674 et
847 2618 1062 2682 honor,
1094 2622 1201 2673 etc.
1231 2617 1302 2672 P.
1339 2618 1450 2683 Qui
1469 2622 1736 2673 recturus
1763 2621 1869 2672 est.

505 2709 730 2764 Oratio.
753 2710 904 2762 Deus
916 2705 1316 2762 sanctiﬁcator
1329 2706 1444 2761 diei
1458 2706 1780 2768 hodiernae,
1798 2704 1903 2778 qui
1919 2719 2086 2760 sanc-

430 2801 504 2852 tae
516 2797 696 2866 hujus
710 2795 1039 2850 festivitatis
1054 2810 1275 2850 nomen
1293 2794 1367 2850 de
1383 2794 1759 2851 mirabilibus
1771 2793 2082 2859 ,indidisti;

431 2883 942 2953 daEcclesiastuae,
973 2883 1564 2956 utsicutEpiphania,
1589 2884 1652 2939 id
1670 2887 1758 2940 est
1795 2882 2089 2939 hodierna

434 2973 869 3039 solemnitas,et
889 2974 1006 3044 89
1025 2973 1344 3030 declaratio
1365 2979 1420 3028 et
1459 2973 1755 3046 apparitio
1781 2988 2090 3044 nuncupa-
2120 2995 2162 3066 (Ξ

434 3070 530 3120 tur
545 3064 645 3120 :ita
657 3064 715 3119 in
729 3063 944 3136 populo
958 3068 1058 3118 tuo
1074 3063 1210 3119 clari
1221 3069 1306 3120 tas
1320 3063 1635 3134 Majestatis
1652 3067 1763 3118 tuae
1779 3062 2087 3134 fulgescat,

433 3158 490 3208 et
504 3151 1044 3208 sanctitatislumen
1059 3157 1359 3224 appareat,
1373 3155 1434 3206 ut
1449 3150 1617 3223 plebs
1630 3151 1846 3217 haec,in
1859 3155 1963 3207 tuo
1980 3167 2088 3206 no-

433 3242 583 3298 mine
599 3240 1079 3308 consecrata,hoc
1092 3241 1306 3296 habeat
1312 3241 1332 3312 j
1343 3241 1532 3310 ugiter
1543 3241 1604 3296 in
1617 3240 2090 3310 conversatione,

432 3331 597 3405 quod
609 3331 738 3387 haec
751 3329 1032 3386 festivitas
1052 3330 1386 3403 appellatur
1422 3347 1494 3386 ex
1511 3329 1773 3388 nomine.
1794 3342 1856 3401 Ην.
1879 3333 2088 3386 Amen.

507 3424 611 3476 Per
649 3419 1121 3476 misericordiam
1158 3423 1344 3476 tuam.

505 3510 881 3576 Antiphona.
929 3511 1075 3564 Ecce
1103 3508 1254 3564 odor
1283 3507 1386 3563 ﬁlii
1431 3509 1549 3565 mei
1583 3509 1734 3564 sicut
1764 3509 1913 3566 odor
1968 3508 2095 3580 agri

441 3596 624 3667 pleni,
663 3597 758 3651 cui
787 3596 1093 3653 benedixit
1114 3597 1424 3652 Dominus.
1455 3600 1560 3653 Det
1579 3597 1678 3653 tibi
1702 3601 1853 3653 Deus
1871 3598 1944 3653 de
1961 3613 2093 3653 rore

441 3682 588 3749 coeli,
622 3689 678 3738 et
705 3683 778 3738 de
809 3684 1177 3757 pinguedine
1225 3690 1417 3742 terrae.
1461 3686 1531 3742 P.
1575 3688 1644 3741 Ut
1690 3686 1948 3742 serviant
1988 3685 2094 3741 tibi

443 3774 675 3839 Gentes,
697 3778 751 3827 et
767 3772 1018 3828 adorent
1036 3777 1087 3828 te
1101 3773 1308 3829 tribus.
1326 3775 1386 3834 if.
1405 3778 1534 3830 Pete
1553 3778 1715 3840 ame,
1737 3774 1958 3832 etdabo
1989 3773 2096 3830 tibi

444 3862 658 3917 Gentes
675 3859 1060 3916 hereditatem
1080 3865 1265 3926 tuam,
1283 3868 1338 3917 et
1355 3862 1794 3936 possessionem
1809 3863 2094 3919 terminos

444 3952 639 4004 terrae.
674 3949 748 4006 P.
775 3951 846 4004 Ut
889 3949 1148 4005 serviant
1193 3949 1299 4005 tibi
1347 3951 1579 4021 Gentes,
1626 3954 1681 4007 et
1721 3951 1990 4008 adorent.
2030 3949 2093 4013 11.

446 4035 658 4100 Gloria,
692 4040 747 4093 et
773 4035 990 4103 honor,
1024 4039 1133 4093 etc.
1171 4039 1239 4093 P.
1291 4041 1359 4093 Ut
1393 4038 1666 4095 serviant.

519 4126 744 4182 Oratio.
776 4125 1040 4182 Gloriose
1063 4128 1214 4182 Deus
1253 4131 1422 4200 pater
1441 4131 1496 4183 et
1524 4128 1793 4197 Domine,
1829 4128 1934 4202 qui
1965 4129 2100 4184 Uni-

446 4213 645 4286 genito
660 4221 716 4270 et
736 4219 1030 4272 coaeterno
1045 4215 1168 4272 ﬁlio
1186 4219 1286 4273 tuo
1309 4217 1526 4274 servire
1545 4219 1753 4274 Gentes
1772 4221 1828 4274 et
1847 4218 2099 4275 adorare

2188 1724 2391 1783 nibus.
2416 1727 2489 1780 P.
2519 1724 2778 1782 Gaudete
2801 1725 2999 1782 hodie.
3029 1725 3094 1788 IV.
3137 1724 3353 1796 Gloria,
3392 1731 3450 1783 et
3471 1726 3684 1793 honor,
3715 1730 3835 1792 etc.

2187 1815 2262 1870 P.
2302 1814 2562 1871 Gaudete
2588 1813 2782 1870 hodie.

2264 1903 2494 1960 Oratio.
2535 1901 2756 1973 Fulget,
2788 1903 3036 1966 Domine
3064 1903 3292 1960 Caelum
3318 1903 3565 1967 rutilum
3617 1907 3849 1970 sereni-

2191 1997 2308 2051 tate
2332 1998 2649 2062 astrorum,
2672 1995 2967 2065 Terraque
2993 1993 3129 2065 ipsa
3155 1993 3469 2065 refulgenti
3498 1995 3728 2057 lumine
3759 2013 3852 2054 se-

2191 2086 2457 2152 renatur,
2471 2082 2615 2154 quia
2633 2097 2923 2153 apparere
2939 2082 3220 2152 dignatus
3249 2099 3308 2140 es
3321 2083 3550 2142 mundo
3571 2085 3647 2142 de
3673 2085 3853 2148 habi.

2191 2172 2387 2229 taculo
2418 2175 2628 2228 sancto
2668 2176 2800 2237 tuo;
2834 2186 2982 2229 sana
3005 2187 3148 2242 ergo
3184 2173 3381 2230 cordis
3408 2175 3596 2232 nostri
3624 2176 3853 2235 maesti-

2193 2261 2360 2330 tiam,
2391 2260 2532 2334 quia
2565 2259 2644 2316 ad
2675 2259 2791 2316 hoc
2820 2260 3053 2327 venisti,
3093 2266 3158 2319 ut
3185 2261 3446 2319 redimas
3503 2265 3786 2340 universa
3830 2282 3846 2320 :

2192 2350 2455 2423 illudque
2481 2349 2698 2418 nostris
2727 2349 2914 2405 oculis
2931 2349 3136 2406 lumen
3161 2350 3436 2420 attribue,
3459 2368 3580 2425 quo
3603 2359 3655 2409 te
3679 2353 3850 2424 puri-

2193 2439 2352 2496 ﬁcati
2377 2453 2613 2510 semper
2643 2453 2981 2494 mereamur
3010 2439 3272 2512 aspicere
3314 2457 3326 2495 :
3361 2443 3425 2497 ut
3453 2441 3557 2513 qui
3598 2442 3852 2516 Appari-

2195 2527 2368 2586 tionis
2399 2532 2510 2583 tuae
2551 2526 2774 2598 gaudia
2803 2526 3152 2585 laetabunda
3179 2529 3527 2586 nuntiamus
3555 2529 3618 2587 in
3653 2531 3853 2606 Genti-

2193 2616 2332 2684 bus,
2367 2616 2600 2678 inﬁnita
2623 2624 2818 2672 tecum
2846 2616 3046 2676 laetitia
3077 2618 3476 2688 gaudeamus.
3540 2630 3603 2693 ἢ.
3633 2622 3852 2696 Amen.

2265 2709 2372 2770 Per
2400 2705 2876 2770 misericordiam
2903 2710 3096 2763 tuam.

2265 2794 2644 2865 Antiphona.
2684 2797 2807 2866 Ego
2837 2811 2973 2864 sum
2995 2794 3289 2868 Alpha,“jet
3320 2798 3561 2870 Omega,
3594 2798 3854 2876 primus,

2197 2888 2255 2942 et
2281 2884 2647 2941 novissimus
2689 2884 3100 2957 :principium
3143 2891 3198 2943 et
3227 2887 3383 2944 ﬁnis.
3415 2888 3486 2944 P.
3537 2890 3653 2958 Ego
3713 2905 3859 2962 sum

2197 2974 2388 3042 radix,
2410 2979 2465 3030 et
2482 2988 2672 3044 genus
2695 2973 2902 3040 David,
2925 2973 3094 3030 stella
3115 2975 3449 3048 splendida,
3468 2983 3520 3040 et
3535 2977 3856 3048 matutina.

2201 3065 2486 3135 Sponsus,
2506 3066 2560 3117 et
2578 3077 2802 3133 sponsa
2818 3062 3025 3119 dicunt
3057 3081 3070 3122 ;
3095 3065 3256 3120 Veni.
3271 3065 3451 3138 thui
3465 3065 3604 3136 sitit,
3617 3065 3818 3142 veniat
3841 3084 3855 3124 :

2199 3156 2254 3207 et
2289 3151 2547 3222 accipiat
2581 3166 2806 3222 aquam
2857 3151 3010 3221 vitae,
3042 3153 3242 3224 gratis.
3275 3153 3342 3215 if.
3398 3156 3552 3222 Deus
3603 3154 3860 3228 deorum

2200 3240 2491 3298 Dominus
2519 3239 2751 3298 locutus
2796 3244 2904 3310 est,
2934 3245 2991 3298 et
3045 3242 3279 3315 vocavit
3324 3247 3566 3316 terram.
3626 3245 3690 3312 P.
3731 3246 3860 3320 Ego

2203 3346 2362 3384 sum.
2389 3329 2450 3389 ἵ.
2487 3327 2699 3393 Gloria,
2732 3334 2840 3384 etc.
2874 3329 2939 3384 P.
2969 3332 3089 3402 Ego
3122 3346 3257 3390 sum
3284 3331 3495 3406 Alpha,
3519 3336 3575 3406 et
3606 3333 3862 3402 Omega,

2275 3419 2504 3474 Oratio.
2543 3417 2750 3488 Alpha,
2781 3422 2836 3472 et
2871 3420 3116 3488 Omega,
3149 3419 3531 3493 principium,
3588 3425 3645 3477 et
3699 3415 3857 3486 ﬁnis,

2199 3506 2390 3569 radix,
2417 3510 2471 3562 et
2500 3521 2688 3576 genus
2708 3504 2884 3572 ﬁlius,
2916 3507 3323 3579 Dominusque
3356 3509 3557 3573 David,
3593 3509 3862 3566 Christus

2203 3597 2356 3651 Deus
2393 3599 2448 3650 et
2486 3594 2690 3659 homo,
2723 3610 2830 3666 per
2876 3611 3058 3667 quem
3085 3596 3288 3668 utique
3319 3601 3404 3652 est
3433 3596 3549 3662 ille,
3605 3614 3677 3653 ex
3735 3614 3861 3671 quo

2201 3701 2332 3740 esse
2363 3684 2642 3753 dignatus
2665 3699 2762 3750 es;
2790 3689 2918 3740 esto
2945 3684 3117 3740 nobis
3144 3685 3461 3758 propitius,
3489 3685 3638 3741 dum
3668 3702 3783 3753 nos
3807 3691 3863 3743 et

2200 3780 2266 3831 ut
2294 3773 2483 3830 David
2515 3772 2802 3830 Dominus
2828 3775 3003 3844 regis,
3049 3780 3105 3831 et
3133 3780 3197 3831 ut
3233 3776 3479 3832 humilis
3520 3776 3865 3832 misericors

2201 3863 2444 3920 redimis
2477 3881 2490 3918 :
2524 3867 2586 3917 ut
2609 3869 2840 3936 sceptro
2859 3868 2959 3920 tuo
2981 3865 3307 3936 subjiciens
3328 3865 3706 3922 devotionem
3732 3881 3876 3922 nos-

2203 3957 2380 4020 tram,
2414 3952 2575 4008 solus
2617 3968 2729 4008 nos
2768 3953 3082 4026 possideas
3113 3955 3174 4010 in
3199 3958 3511 4022 aeternum,
3543 3955 3649 4027 qui
3705 3956 3874 4012 solus

2205 4043 2394 4099 victor
2423 4042 2612 4098 factus
2649 4057 2714 4098 es
2743 4042 3134 4099 infernorum.
3164 4055 3227 4115 It».
3263 4048 3473 4100 Amen.

2278 4133 2344 4186 Et
2382 4145 2699 4203 permanes
2729 4132 2880 4186 Deus
2909 4131 3259 4190 benedictus
3288 4133 3349 4189 in
3395 4132 3604 4191 omnia
3646 4132 3875 4190 saecula

2210 4218 2585 4276 saeculorum.
2619 4231 2682 4288 ἢ.
2707 4223 2916 4274 Amen.

452 4305 634 4361 tribus
650 4303 870 4360 dedisti
902 4305 1264 4377 :poscimus,
1287 4305 1521 4378 tuaipsi
1541 4307 1843 4378 possessio
1867 4308 2055 4364 simus
2084 4325 2098 4375 ;
2130 4348 2177 4417 D
2279 4307 2565 4363 Dominus
2592 4308 2683 4364 sit.
2714 4319 2777 4378 ﬁ.
2806 4309 2871 4363 Et
2901 4323 3059 4364 cum.

452 4398 512 4417 .-.ι
538 4391 608 4417 ,ιλ
629 4393 751 4417 -2.--
770 4392 966 4417 Διιει--ε
988 4409 1103 4417 ..Α-
1132 4394 1427 4417 Α---ε-...---
1459 4395 1770 4417 --μ--..ιξ-
1827 4400 1889 4417 --Α
1916 4397 1956 4417 ΑΒ
1991 4413 2022 4417 _
2041 4413 2100 4417 ,μ
2149 4411 2172 4417 .-
2822 4397 2874 4417 1--
2931 4399 2955 4417 r
2980 4413 3045 4417 ._-_

448 4398 514 4449 ut
536 4391 753 4464 abejus
770 4392 970 4449 ﬁliitui
988 4409 1110 4450 non
1126 4394 1430 4450 deviemus
1459 4395 1794 4468 praeceptis,
1827 4400 1891 4453 ut
1909 4397 1960 4452 ei
1990 4413 2101 4453 nos
2131 4391 2172 4417 ’ί

447 4481 697 4539 indivise
710 4487 1046 4550 connectes,
1061 4499 1242 4557 quem
1261 4501 1330 4540 ex
1347 4489 1401 4541 te
1416 4486 1681 4556 genitum
1695 4484 1949 4557 gloriose
1966 4502 2102 4558 pro-

449 4573 711 4630 nuntias.
742 4583 804 4644 It.
837 4576 1044 4629 Amen.

524 4663 674 4728 Quia
702 4666 899 4718 tecum
931 4678 1163 4719 summe
1189 4664 1358 4721 Pater
1387 4667 1442 4720 et
1471 4679 1611 4720 cum
1640 4663 1852 4737 Spiritu
1890 4666 2104 4722 Sancto

452 4766 610 4806 unus
640 4754 728 4807 est
753 4753 902 4808 Deus
927 4751 989 4808 in
1010 4753 1229 4810 saecula
1267 4753 1643 4811 saeculorum.

525 4839 813 4897 Dominus
845 4841 939 4898 sit.
975 4854 1037 4914 It.
1081 4845 1146 4900 Et
1174 4859 1333 4901 cum.

523 4930 894 4999 Antiphona.
916 4931 1068 4988 Dixit
1095 4932 1330 4990 auditor
1347 4947 1700 4989 sermonum
1720 4932 1978 5002 Domini,
2001 4934 2108 5006 qui

453 5018 744 5076 visionem
766 5019 1200 5093 Omnipotentis
1225 5023 1469 5079 intuitus
1490 5026 1595 5078 est.
1616 5023 1684 5081 P.
1699 5020 1924 5078 Videbo
1944 5035 2106 5092 eum,

457 5109 554 5165 sed
585 5123 710 5166 non
738 5109 922 5166 modo
963 5111 1285 5167 :intuebor
1336 5110 1528 5176 illum,
1569 5111 1674 5166 sed
1729 5125 1854 5167 non
1899 5126 2106 5183 prope.

458 5199 684 5256 Orietur
713 5198 880 5258 stella
894 5215 966 5255 ex
986 5200 1168 5256 Jacob
1190 5203 1245 5256 et
1265 5203 1584 5270 consurget
1598 5200 1784 5256 homo
1805 5199 1880 5256 de
1903 5199 2108 5256 Israel.

455 5288 520 5345 7/.
553 5292 796 5360 Magnus
827 5289 1114 5345 Dominus
1131 5291 1347 5354 noster,
1376 5293 1433 5344 et
1452 5303 1676 5360 magna
1705 5289 1900 5347 virtus
1931 5291 2060 5362 ejus
2093 5307 2106 5345 :

459 5378 517 5428 et
550 5378 852 5448 sapientiae
893 5377 1022 5446 ejus
1071 5391 1194 5432 non
1246 5380 1337 5433 est
1380 5392 1696 5434 numerus.
1753 5380 1826 5434 P.
1885 5379 2108 5437 Videbo

460 5473 619 5517 eum.
643 5465 704 5524 ἰν.
739 5465 951 5533 Gloria,
985 5469 1041 5522 et
1062 5465 1274 5533 honor,
1309 5470 1418 5522 etc.
1452 5468 1520 5521 P.
1559 5466 1802 5523 Videbo.

2810 4397 2879 4452 In
2922 4397 3244 4455 Laudibus.

2281 4486 2380 4540 Ad
2405 4485 2741 4542 Canticum.
2764 4486 3501 4557 Antiphona.Benedictus
3517 4501 3582 4542 es
3613 4487 3872 4543 Domine

2215 4575 2370 4630 Deus
2393 4574 2593 4639 Israel,
2626 4575 2769 4647 quia
2796 4575 3042 4632 visitasti
3059 4591 3188 4642 nos,
3214 4579 3269 4632 et
3293 4575 3480 4632 fecisti
3505 4574 3874 4649 redemptio-

2213 4678 2354 4722 nem
2381 4663 2574 4737 plebis
2600 4669 2736 4722 tuae.

2571 4755 2883 4811 Canticum
2915 4755 3234 4812 Zacharias
3252 4754 3422 4825 (cap.
3448 4753 3511 4825 ι).

2287 4845 2354 4899 Et
2391 4843 2575 4900 erexit
2619 4858 2806 4900 cornu
2835 4842 3041 4900 salutis
3089 4843 3284 4909 nobis,
3317 4847 3335 4866 "
3367 4843 3427 4899 in
3469 4843 3649 4900 domo
3685 4842 3879 4899 David

2215 4932 2386 5006 pueri
2408 4933 2520 4988 sui.

2291 5023 2450 5080 Sicut
2468 5022 2700 5079 locutus
2722 5027 2809 5078 est
2824 5037 2928 5095 per
2948 5037 3014 5077 os
3028 5024 3400 5089 sanctorum,
3428 5023 3446 5044 ‘
3475 5017 3638 5092 quia
3652 5019 3882 5077 saeculo

2219 5116 2372 5180 sunt,
2405 5112 2827 5184 prophetarum
2858 5111 2985 5181 ejus
3021 5128 3034 5165 :

2291 5201 2548 5257 Salutem
2581 5217 2654 5256 ex
2711 5199 2966 5256 inimicis
3007 5199 3245 5264 nostris,
3285 5200 3306 5222 *
3336 5202 3392 5256 et
3420 5199 3495 5258 de
3523 5214 3715 5257 manu
3755 5215 3886 5258 om-

2219 5289 2386 5344 nium
2417 5289 2556 5344 odio
2582 5289 2686 5360 qui
2714 5288 2968 5345 oderunt
2999 5304 3110 5344 nos
3156 5305 3168 5343 :

2291 5377 2378 5432 Ad
2413 5376 2750 5432 faciendam
2781 5376 3248 5434 misericordiam
3277 5392 3416 5432 cum
3460 5375 3736 5448 patribus
3777 5392 3885 5434 no-

2221 5465 2390 5521 stris:
2421 5470 2438 5490 ·
2463 5470 2516 5522 et
2541 5467 2859 5523 memorari
2885 5466 3223 5526 testamenti
3251 5465 3346 5522 sui
3373 5464 3584 5534 sancti.
