4102 6176
183 240 281 309 181

1308 224 1380 279 ΙΝ
1416 220 1645 299 FFSTO
1688 218 2198 289 APPARITIONIS
2240 222 2515 282 DOMINI.

3516 227 3619 289 182

182 377 425 428 eorum,
457 360 518 416 et
544 355 907 430 praclarum
932 366 1153 410 nomen
1180 364 1389 407 eorum
1420 363 1621 406 coram
1643 346 1765 404 illo.
1786 348 1853 404 P.
1887 345 1933 401 A
1963 348 2156 421 gratia
2190 348 2482 423 repentini
2504 346 2716 404 vestire
2754 344 3033 416 fulgoris;
3074 348 3339 418 ostende,
3381 365 3619 424 quasu-

185 457 256 511 Et
286 449 659 509 adorabunt.
686 457 754 516 Kr.
786 443 1000 505 Gloria,
1041 445 1150 497 etc.
1192 441 1254 495 P.
1287 442 1352 496 Et
1388 438 1743 495 adorabunt.

1963 454 2123 508 mus,
2152 439 2363 495 faciem
2382 443 2550 495 tuam
2568 434 2802 509 populis
2825 434 3170 492 Christianis
3192 456 3205 495 :
3229 442 3311 505 ut,
3338 438 3619 499 sicutMa-

261 540 492 598 Oratio.
533 534 941 592 Dominclesu
972 531 1215 599 Christe,
1242 528 1337 585 cui
1364 544 1532 599 reges
1559 532 1615 582 et
1642 524 1854 582 insula
1963 528 2052 597 gis
2092 530 2429 585 errantibus
2458 526 2700 583 tandem
2724 525 3020 581 tramitem
3041 529 3169 582 veri
3192 527 3616 587 demonstrasti

181 617 1618 695 muneraotferunt;quiinvictavirtuteliberare
1638 614 1855 671 venisti
1961 617 2207 686 itineris,
2236 619 2319 674 ita
2368 617 2543 673 nobis
2587 614 3073 687 delinquentibus
3104 615 3329 675 tribuas
3376 623 3616 694 portum

181 732 522 795 pauperem
548 731 588 772 a
606 715 881 786 potente;
914 713 972 766 et
1007 724 1076 766 ex
1112 708 1299 765 hostis
1327 706 1559 780 antiqui
1588 706 1852 778 potentia

180 808 400 879 fragile
418 807 560 863 hum
570 818 764 861 anum
786 815 979 871 genus
993 798 1220 871 eripere
1241 796 1621 853 miseratione
1649 809 1851 867 super-

176 915 301 955 na:
340 912 475 953 cum
518 908 629 949 nos
658 907 696 949 a
729 894 785 946 te
817 888 1182 962 prolungati,
1224 890 1578 957 tuarumque
1607 884 1850 940 misera-

177 988 417 1043 tionum
456 985 670 1054 inopes
698 978 839 1035 facti
865 995 878 1044 ;
896 976 1054 1033 illius
1070 975 1371 1047 iniquitati
1390 974 1631 1041 subditi,
1647 973 1847 1029 vincu-

176 1076 371 1148 lisque
385 1070 812 1146 peccaminum
834 1071 1173 1123 teneremur
1189 1064 1414 1120 addicti
1438 1081 1451 1120 :
1480 1064 1571 1121 Sic
1602 1068 1706 1119 tua
1734 1077 1846 1117 nos

172 1166 305 1236 jam
331 1162 520 1235 pietas
550 1158 700 1215 etab
723 1158 853 1227 ejus
871 1154 1103 1211 saevitia
1114 1156 1306 1219 eruat,
1329 1151 1695 1209 etrestitutos
1710 1149 1842 1219 tibi,

178 1258 385 1310 tecum
405 1261 835 1323 permansuros
860 1242 1244 1301 commendet
1272 1259 1285 1296 :
1310 1245 1374 1297 ut
1396 1241 1500 1312 qui
1520 1256 1630 1296 nos
1658 1246 1711 1295 te
1735 1239 1842 1295 mi-

179 1341 517 1397 miserante
547 1334 887 1406 redemptos
917 1331 1212 1388 fatemur:
1256 1328 1622 1386 remunerati
1658 1333 1707 1384 te
1740 1328 1842 1383 do-

180 1434 374 1487 nante
397 1424 783 1499 postmodum
823 1420 1166 1491 gloriemur.
1214 1430 1278 1490 13:.
1310 1422 1520 1473 Amen.

250 1522 364 1575 Per
389 1512 877 1572 misericordiam.

252 1604 624 1675 Antiphona.
661 1598 1054 1671 Domine,qui
1086 1602 1139 1654 te
1160 1595 1448 1659 nutriunt,
1480 1608 1651 1663 reges
1672 1596 1843 1649 erunt

1960 710 2195 763 aterna
2226 706 2452 763 salutis.
2487 717 2551 777 1y.
2583 706 2794 760 Amen.

2028 798 2133 851 Per
2161 794 2659 852 misericordiam.

2027 885 2397 955 Antiphona.
2430 884 2545 939 Viri
2569 882 2863 940 sublimes
2886 882 2965 939 ad
2991 886 3045 940 te
3067 884 3426 951 transibunt,
3450 889 3505 942 et
3533 886 3617 943 tui

1956 978 2130 1030 erunt
2156 991 2168 1029 :
2194 979 2249 1031 te
2266 972 2806 1045 adorabunt,teque
2827 972 3316 1044 deprecabuntur
3333 991 3346 1030 :
3362 978 3617 1032 Tantum

1954 1062 2018 1118 in
2039 1066 2092 1119 te
2118 1066 2204 1119 est
2237 1065 2410 1125 Deus,
2442 1065 2500 1118 et
2524 1077 2647 1117 non
2685 1068 2773 1117 est
2807 1065 3020 1132 prater
3051 1065 3124 1117 te.
3171 1065 3231 1118 P.
3264 1064 3409 1118 Vere
3454 1068 3521 1118 tu
3550 1080 3613 1119 es

1955 1153 2109 1206 Deus
2139 1151 2543 1213 absconditus,
2572 1152 2725 1205 Deus
2755 1149 2933 1205 Israel
2959 1149 3248 1206 Salvator.
3278 1149 3340 1210 ἢν.
3370 1152 3616 1207 Domine

1953 1242 2105 1296 Deus
2143 1241 2429 1296 virtutum
2447 1239 2585 1311 quis
2609 1238 2822 1294 similis
2854 1238 3001 1294 tibi?
3018 1242 3232 1294 Potens
3249 1254 3311 1294 es
3332 1239 3609 1309 Domine,

1950 1332 2007 1384 et
2043 1327 2259 1384 veritas
2312 1332 2414 1383 tua
2472 1327 2531 1382 in
2580 1326 2896 1382 circumitu
2957 1331 3081 1383 tuo.
3116 1330 3175 1381 P.
3238 1329 3382 1383 Vere
3429 1330 3493 1383 tu
3547 1342 3611 1383 es

1953 1420 2122 1472 Deus.
2145 1417 2208 1483 ἠγ,
2242 1417 2455 1487 Gloria,
2486 1420 2542 1472 et
2569 1416 2783 1482 honor,
2819 1420 2929 1471 etc.
2960 1418 3021 1469 P.
3058 1418 3216 1470 Vere.

2023 1505 2601 1562 0ratio.Adorabunt
2623 1504 2951 1570 te,Domine
2976 1506 3006 1558 J
3011 1519 3118 1560 esu
3134 1504 3377 1571 Christe,
3394 1519 3606 1561 omnes

1948 1594 2056 1650 viri
2073 1594 2357 1651 sublimes
2388 1598 2566 1665 atque
2594 1594 2808 1650 excelsi
2838 1598 3031 1660 terra,
3060 1593 3354 1666 quoniam
3377 1594 3527 1666 ipse,
3548 1597 3614 1649 ut

182 1701 237 1755 et
266 1693 489 1764 regina
513 1690 777 1747 nutrices
812 1693 949 1745 tua.
980 1687 1050 1743 P.
1092 1685 1262 1741 Vultu
1291 1684 1353 1739 in
1373 1686 1531 1739 terra
1560 1682 1840 1738 inclinato
1872 1696 1917 1752 Β
1951 1683 2214 1739 salvares
2228 1683 2518 1745 homines,
2555 1682 2801 1737 humilis
2833 1682 3000 1737 nasci
3017 1682 3298 1751 dignatus
3328 1697 3391 1737 es
3421 1682 3482 1737 in
3504 1687 3614 1738 ter-

178 1783 523 1842 adorabunt
549 1786 625 1851 te,
654 1783 712 1837 et
730 1778 1042 1851 pulverem
1070 1774 1297 1847 pedum
1322 1777 1562 1829 tuorum
1595 1770 1837 1842 lingent,

178 1880 236 1932 et
258 1870 641 1943 cognosceris
674 1867 979 1932 Dominus,
1007 1864 1070 1922 in
1100 1879 1216 1936 quo
1243 1876 1365 1918 non
1397 1859 1842 1917 confundantur

178 1978 415 2026 omnes,
454 1960 560 2033 qui
605 1963 663 2021 te
715 1957 1053 2029 expectant.
1082 1953 1145 2013 ἰν.
1203 1951 1391 2022 Natio,
1435 1954 1490 2005 et
1521 1947 1842 2021 progenies

177 2049 612 2109 collaudabunt
630 2061 819 2119 opera
835 2048 951 2111 tua,
972 2047 1031 2099 et
1050 2041 1376 2114 potentiam
1395 2043 1560 2095 tuam
1580 2052 1843 2109 pronun-

176 2141 432 2199 tiabunt.
460 2140 540 2196 P.
585 2136 763 2192 Vultu
791 2133 856 2189 in
887 2138 1061 2189 terra.
1093 2131 1161 2192 V.
1208 2128 1424 2193 Gloria,
1452 2131 1509 2183 et
1527 2128 1716 2184 honor
1740 2129 1843 2181 Pa-

183 2231 274 2300 tri,
308 2233 421 2286 etc.
448 2228 518 2281 P.
548 2225 727 2281 Vultu
754 2224 817 2280 in
849 2227 1021 2287 terra.

246 2318 485 2374 Oratio.
521 2314 795 2379 Domine,
819 2325 1001 2383 quem
1022 2308 1304 2366 inclinato
1323 2305 1385 2361 in
1405 2308 1623 2361 terram
1640 2302 1841 2375 plebes

179 2406 348 2464 vultu
371 2404 649 2470 adorant,
684 2402 834 2459 dum
865 2404 965 2456 tuo
996 2397 1397 2468 subjiciuntur
1426 2392 1677 2465 imperio
1706 2391 1840 2447 uni-

172 2512 383 2564 versa;
414 2492 633 2565 largire
660 2489 1030 2549 indefessam
1047 2484 1288 2558 populis
1320 2481 1671 2539 Christianis
1700 2480 1842 2536 lati-

186 2587 412 2651 tiam,et
431 2582 741 2639 hodierna
766 2574 1162 2650 Apparitionis
1176 2577 1289 2629 tua
1312 2570 1534 2643 gaudia
1553 2569 1842 2641 protende

185 2676 243 2743 in
254 2672 546 2731 Gentibus
556 2666 896 2727 dedicanda
911 2682 925 2732 ;
940 2664 1117 2722 nobis
1130 2660 1456 2734 quoqueita
1470 2663 1594 2715 esto
1608 2673 1844 2730 semper

186 2761 517 2837 placabilis,
536 2763 602 2816 ut
619 2755 915 2830 propitius
935 2754 996 2810 in
1010 2751 1237 2824 judicio
1255 2748 1545 2814 sentiaris,
1570 2762 1692 2819 quo
1709 2746 1843 2802 vita

188 2835 400 2909 nostra
416 2865 492 2906 ex
511 2848 683 2905 vultu
700 2850 801 2902 tuo
818 2848 942 2901 tam
965 2840 1309 2897 indesinens
1328 2837 1597 2894 solamen
1618 2835 1841 2901 existat,

188 2946 245 2998 ut
281 2956 319 2996 a
347 2943 403 2994 te
426 2941 779 2994 nostrorum
804 2931 1004 2988 nullus
1025 2930 1327 3001 depereat,
1357 2925 1463 2998 qui
1492 2928 1547 2980 te
1572 2938 1762 2980 unum
1791 2926 1849 2978 et

191 3042 396 3085 verum
426 3028 619 3081 Deum
660 3024 954 3093 expectat.
984 3030 1046 3089 1y.
1090 3022 1298 3072 Amen.

260 3120 363 3171 Per
392 3110 875 3170 misericordiam
908 3112 1094 3163 tuam.

252 3204 623 3273 Antiphonti.
656 3195 1064 3267 Interrogabat
1094 3197 1293 3263 Magos
1334 3189 1595 3247 Herodes
1626 3205 1640 3244 :
1677 3186 1849 3252 Quod

193 3295 428 3365 signum
448 3290 681 3346 vidistis
702 3303 885 3359 super
910 3289 1121 3342 natum
1142 3296 1348 3351 regem
1369 3280 1395 3334 ?
1411 3279 1476 3333 P.
1505 3276 1747 3334 Stellam
1763 3275 1850 3329 vi-

192 3364 384 3439 dimus
405 3379 759 3449 fulgentem,
784 3379 842 3431 et
863 3373 1138 3429 venimus
1161 3369 1411 3435 adorare
1431 3369 1634 3423 Deum.
1648 3364 1851 3424 rem-

193 3488 291 3528 nes
320 3473 539 3527 Gentes
562 3464 829 3539 plaudite
859 3461 1186 3519 manibus:
1212 3456 1461 3530 jubilate
1488 3458 1607 3510 Deo
1635 3452 1697 3509 in
1710 3467 1850 3509 voce

195 3556 598 3617 exultationis.
630 3555 695 3609 P.
728 3552 971 3609 Stellam
1001 3548 1279 3605 vidimus.
1311 3547 1381 3602 P.
1417 3543 1628 3615 Gloria,
1662 3544 1720 3597 et
1748 3541 1852 3597 ho-

195 3665 301 3706 nor
332 3648 510 3709 Patri,
538 3648 647 3700 etc.
680 3646 746 3698 P.
786 3640 1022 3697 Stellam
1050 3636 1328 3694 vidimus.

269 3738 488 3793 Oratio.
516 3733 767 3790 Domine
787 3733 923 3786 Jesu
940 3727 1182 3797 Christe,
1213 3724 1317 3798 qui
1336 3722 1416 3779 ad
1444 3718 1851 3790 interrogatio-

194 3843 329 3883 nem
364 3823 611 3881 Herodis
648 3822 731 3876 ita
764 3821 1070 3888 Magorum
1116 3830 1222 3871 ora
1255 3810 1557 3885 praconio
1588 3807 1851 3865 veritatis

192 3921 300 3972 tua
317 3914 599 3977 irradias,
627 3914 693 3973 ut
717 3913 769 3966 te
795 3922 998 3977 regem
1024 3918 1235 3975 regum
1261 3916 1369 3974 per
1385 3915 1488 3956 eos
1512 3896 1850 3953 nuntiatum

190 4004 507 4069 ostendas;
548 4000 697 4056 dum
719 4013 780 4052 se
807 3996 1024 4052 vidisse
1054 3993 1222 4064 ajunt
1265 3988 1448 4045 stella
1497 3984 1848 4055 refulgentis

189 4094 498 4153 indicium,
532 4087 696 4161 quod
727 4084 1025 4141 mundum
1051 4079 1345 4137 illuminet
1376 4075 1754 4139 universum;
1797 4078 1850 4128 te

188 4158 571 4254 quaesumus,
590 4180 644 4231 te
670 4185 1005 4246 precamur,
1029 4172 1092 4225 ut
1120 4166 1227 4223 des
1251 4164 1314 4220 in
1340 4160 1600 4217 Ecclesia
1633 4164 1736 4215 tua
1758 4158 1848 4214 vi-

192 4249 387 4325 sionis
412 4271 527 4321 tua
552 4264 753 4319 lumen
784 4264 1058 4332 optatum
1091 4274 1104 4311 :
1137 4268 1434 4328 appareas
1464 4249 1645 4306 etiam
1686 4249 1748 4303 in
1777 4263 1849 4303 ea

190 4358 358 4414 sidus
380 4353 664 4411 omnibus
684 4350 1032 4424 pretiosum,
1051 4344 1215 4418 quod
1238 4344 1405 4399 nulla
1423 4337 1748 4395 adversarii
1763 4337 1849 4392 in-
1882 4318 1927 4372 D

191 4444 592 4515 terrogatione
610 4437 892 4505 deterriti,
909 4438 992 4492 sic
1012 4431 1316 4505 magnalia
1334 4435 1437 4484 tua
1454 4427 1848 4501 pradicemus

194 4552 291 4593 ore
310 4534 560 4598 diffuso,
589 4534 654 4585 ut
671 4531 733 4584 in
754 4532 990 4583 aeterna
1011 4522 1159 4579 lucis
1179 4520 1485 4578 radiemur
1514 4530 1851 4589 usquequa-

194 4640 308 4697 que
347 4618 659 4695 prasidio.
694 4629 757 4687 Ρ..
790 4619 997 4671 Amen.

262 4715 375 4769 Per
404 4706 904 4768 misericordiam.

261 4816 324 4873 ﬁ.
343 4799 645 4873 Apparuit
664 4795 747 4852 vir
769 4795 829 4850 in
851 4793 1165 4863 majestate
1184 4803 1295 4843 sua
1316 4781 1719 4841 circumdatus
1745 4780 1851 4836 ful-

194 4870 351 4962 gore,
388 4870 514 4946 et'a
543 4886 813 4943 claritate
851 4882 1137 4939 adventus
1158 4874 1390 4933 Domini
1417 4870 1851 4928 illuminabitur

192 4960 362 5045 terra,
391 4985 450 5035 et
480 4977 588 5033 erit
617 4975 837 5041 latitia,
872 4978 928 5027 et
969 4968 1260 5040 gaudium
1290 4962 1455 5020 omni
1498 4960 1744 5033 populo,
1783 4961 1846 5014 P.

194 5070 293 5133 Ita,
326 5074 384 5125 et
410 5082 611 5136 reges,
646 5062 1066 5135 principesque
1115 5056 1367 5117 venient,
1424 5057 1481 5107 et
1510 5048 1851 5105 adorabunt

192 5174 345 5213 eum.
392 5159 455 5216 v.
504 5159 780 5223 Regnum
819 5155 947 5219 ejus
1006 5160 1259 5215 regnum
1307 5141 1757 5211 sempiternum,
1793 5140 1849 5190 et

190 5247 467 5317 usquead
486 5244 813 5313 antiquum
844 5238 1078 5294 dierum
1109 5232 1412 5306 pervenit;
1449 5235 1504 5283 et
1524 5230 1665 5282 data
1684 5230 1771 5281 est
1790 5226 1841 5279 ei

191 5315 385 5391 omnis
415 5338 707 5408 potestas.
744 5330 809 5386 P.
844 5333 947 5397 ita,
987 5331 1044 5382 et
1075 5340 1264 5394 reges.
1289 5321 1352 5383 ἠν.
1396 5318 1610 5383 Gloria,
1653 5321 1709 5372 et
1746 5315 1849 5371 ho-

191 5440 303 5481 nor
331 5425 505 5488 Patri,
537 5426 651 5477 etc.
688 5419 750 5473 P.
786 5419 889 5483 Ita,
925 5420 983 5472 et
1020 5428 1207 5484 reges.

264 5514 383 5585 88
408 5512 646 5571 Oratio.
685 5507 863 5577 Deus,
884 5505 989 5578 qui
1003 5500 1418 5573 brevissimum
1442 5494 1607 5563 sidus
1620 5492 1852 5555 voluisti

1948 1773 2069 1841 ris;
2103 1772 2162 1827 in
2192 1777 2247 1827 te
2275 1772 2436 1827 enim
2466 1786 2600 1826 vere
2637 1774 2790 1825 Deus
2840 1775 2948 1838 est,
2990 1770 3136 1841 quia
3167 1774 3229 1825 tu
3260 1769 3516 1826 verbum
3546 1771 3607 1825 in

1950 1877 2128 1919 carne
2151 1858 2726 1929 absconditum,non
2745 1862 3262 1926 mutatum,unum
3279 1873 3417 1913 cum
3440 1861 3608 1915 Patre

1950 1947 2227 2021 possides
2252 1962 2473 2003 nomen
2499 1965 2512 2015 ;
2545 1946 2946 2003 confundatur
2976 1947 3229 2018 proinde
3250 1962 3484 2015 omnes,
3508 1948 3608 2018 qui

1951 2038 2346 2095 adversantur
2365 2036 2470 2093 tibi
2502 2054 2514 2091 :
2550 2036 2697 2092 dum
2715 2040 2817 2093 aut
2846 2037 2929 2091 sic
2957 2036 3340 2101 erubescunt,
3366 2040 3431 2092 ut
3450 2036 3531 2092 ad
3553 2041 3608 2094 te

1949 2127 2199 2183 redeant
2231 2130 2369 2183 :aut
2392 2126 2453 2182 in
2481 2131 2535 2181 te
2564 2125 3031 2192 confundantur,
3067 2126 3115 2180 si
3154 2126 3233 2181 ad
3263 2129 3317 2182 te
3357 2125 3607 2182 minime

1950 2220 2398 2280 convertantur;
2420 2219 2621 2271 noster
2637 2230 2778 2285 ergo
2807 2215 3070 2271 Salvator
3092 2214 3406 2272 salvandis
3434 2214 3611 2270 nobis

1949 2321 2268 2378 appareas,
2301 2305 2449 2360 dum
2474 2320 2585 2361 nos
2609 2304 2670 2359 in
2698 2308 2750 2359 te
2776 2303 3034 2369 credere,
3064 2308 3120 2360 et
3148 2303 3228 2360 ad
3253 2307 3303 2360 te
3322 2302 3597 2369 transire,

1950 2399 2006 2450 et
2037 2398 2088 2450 te
2120 2398 2237 2450 toto
2276 2393 2454 2450 corde
2484 2394 2728 2463 diligere
2748 2396 3023 2465 prastas.
3044 2404 3108 2463 Br.
3145 2395 3355 2449 Amen.

2021 2484 2133 2539 Per
2151 2482 2641 2538 misericordiam.
2678 2485 2743 2537 Et
2770 2486 2833 2538 tu
2863 2498 2926 2538 es
2958 2483 3110 2537 Deus
3138 2480 3521 2555 lbenedictus,
3553 2482 3609 2535 et

1950 2572 2243 2642 gloriosus
2274 2573 2335 2626 in
2367 2572 2589 2627 sacula
2614 2571 2993 2627 saculorum.
3031 2582 3094 2639 Βι.
3125 2574 3333 2627 Amen.

2024 2660 2367 2730 Antiphona.
2410 2659 2527 2714 Erit
2550 2659 2754 2713 lumen
2775 2657 2933 2712 luna
2958 2658 3108 2712 sicut
3137 2656 3341 2712 lumen
3372 2656 3535 2725 solis,
3554 2659 3612 2712 et

1951 2750 2052 2805 lux
2068 2748 2206 2803 solis
2219 2749 2325 2802 erit
2340 2745 2804 2818 septempliciter
2821 2744 3084 2799 sicutlux
3100 2748 3328 2814 septem
3349 2744 3607 2798 dierum.

1952 2840 2087 2896 P.ln
2112 2837 2206 2892 die
2227 2852 2349 2908 qua
2371 2835 2697 2906 alligaverit
2721 2833 3007 2887 Dominus
3030 2830 3250 2886 vulnus
3268 2830 3478 2901 populi
3495 2831 3609 2894 sui,

1954 2932 2010 2984 et
2040 2940 2461 2998 percussuram
2484 2923 2678 2996 plaga
2731 2921 2860 2991 ejus
2893 2919 3230 2976 sanaverit:
3275 2922 3420 2975 Ecce
3451 2918 3613 2975 enim

1884 3045 1925 3101 ρ
1961 3016 2245 3075 Dominus
2267 3030 2402 3070 cum
2434 3013 2632 3070 latitia
2662 3011 2838 3068 venit.
2862 3010 2924 3070 ἢν.
2967 3012 3035 3066 Et
3069 3008 3365 3066 timebunt
3401 3010 3612 3066 Gentes

1956 3121 2179 3163 nomen
2209 3110 2376 3161 tuum
2410 3104 2675 3165 Domine,
2707 3104 2763 3156 et
2791 3114 3003 3156 omnes
3054 3114 3227 3169 reges
3271 3101 3438 3154 terra
3487 3096 3614 3169 glo-

1955 3195 2107 3251 riam
2140 3198 2326 3257 tuam,
2349 3192 2414 3247 P.
2447 3194 2509 3246 In
2540 3190 2636 3246 die
2667 3205 2810 3261 qua.
2844 3188 2906 3249 ῆν.
2937 3187 3155 3255 Gloria,
3186 3190 3243 3244 et
3258 3186 3469 3251 honor,
3498 3190 3608 3243 etc.

1956 3286 2027 3339 P.
2057 3286 2121 3338 In
2150 3281 2246 3337 die
2269 3297 2409 3353 qua.

2030 3372 2256 3429 Oratio.
2274 3374 2443 3439 Deus,
2463 3369 2560 3440 qui
2575 3368 2759 3436 ligare
2778 3369 3061 3421 venturus
3084 3378 3146 3417 es
3170 3360 3382 3417 vulnus
3406 3361 3615 3430 populi

1958 3461 2491 3532 tui,percussuram
2503 3456 2698 3527 plaga
2712 3455 2929 3508 nostra
2944 3446 3530 3516 sanaturus,adesto:
3551 3450 3615 3502 ut

1957 3548 2332 3621 itaquicquid
2348 3547 2410 3602 in
2424 3544 2590 3601 nobis
2604 3548 2695 3599 est
2715 3535 3440 3604 vitiosum,vellubricum,
3465 3534 3613 3590 divi-

1958 3638 2157 3694 nitatis
2182 3643 2297 3693 tua
2334 3635 2465 3689 luce
2478 3632 2795 3695 illumines,
2818 3630 2883 3685 ut
2911 3642 3022 3683 nec
3044 3642 3151 3698 per
3170 3628 3407 3681 noctem
3432 3624 3614 3693 hujus

1960 3725 2159 3782 saculi
2199 3726 2344 3783 luna
2386 3737 2497 3777 nos
2540 3720 2898 3781 concremet,
2945 3731 3056 3772 nec
3090 3730 3196 3787 per
3231 3713 3394 3769 diem
3434 3712 3615 3768 futuri

1959 3813 2251 3869 examinis
2274 3811 2360 3867 sol
2374 3808 2634 3866 veritatis
2647 3806 2980 3863 exurendos
2997 3803 3300 3861 tristiﬁcet.
3320 3814 3384 3872 3;.
3402 3805 3609 3857 Amen.

2029 3904 2138 3958 Per
2161 3896 2640 3958 misericordiam
2681 3899 2867 3951 tuam.

2028 3989 2387 4061 Antiphona.
2426 3988 2570 4041 Ecce
2601 3984 2784 4051 stella,
2814 3998 2999 4054 quam
3031 3981 3301 4037 viderant
3348 3976 3497 4047 Magi
3536 3976 3614 4061 ab

1957 4060 2201 4143 oriente,
2226 4070 2616 4129 antecedebat
2641 4085 2769 4133 eos,
2792 4067 2982 4124 donec
3008 4065 3235 4121 veniret
3273 4078 3478 4134 supra,
3508 4060 3613 4116 ubi

1958 4168 2083 4218 erat
2112 4176 2276 4233 puer.
2310 4162 2381 4215 P.
2406 4158 2686 4214 Videntes
2703 4160 2904 4213 autem
2930 4154 3082 4223 Magi
3106 4152 3357 4217 stellam,
3392 4148 3612 4220 gravisi

1958 4253 2095 4307 sunt
2118 4248 2339 4319 gaudio
2369 4262 2613 4316 magno.
2646 4246 2706 4306 it.
2740 4243 2856 4316 Ipsi
2909 4242 3180 4298 videntes
3224 4240 3305 4296 sic
3336 4236 3614 4297 admirati

1959 4343 2114 4403 sunt,
2139 4337 2474 4393 conturbati
2503 4339 2659 4403 sunt,
2688 4339 2745 4389 et
2762 4336 3066 4388 commota
3096 4334 3233 4386 sunt
3268 4327 3477 4385 omnia
3501 4326 3614 4383 vis-

1960 4444 2094 4485 cera
2128 4442 2356 4483 eorum.
2390 4426 2460 4480 P.
2510 4422 2784 4479 Videntes
2819 4426 3041 4478 autem.
3068 4419 3131 4479 ἢν.
3166 4417 3384 4485 Gloria,
3426 4419 3483 4471 et
3508 4416 3614 4471 ho—

1958 4534 2089 4585 nor,
2118 4520 2225 4572 etc.
2255 4515 2325 4571 P.
2352 4513 2645 4569 Videntes.

2032 4605 2257 4660 Oratio.
2296 4602 2474 4659 Stella
2502 4601 2619 4665 illa,
2656 4598 2919 4661 Domine,
2952 4612 3087 4668 qua
3109 4599 3319 4651 natum
3346 4595 3399 4647 te
3422 4591 3613 4646 inter—

1958 4695 2037 4751 ris
2074 4708 2280 4764 regem
2301 4694 2382 4747 Me
2392 4690 2483 4758 gis
2499 4687 2874 4760 stupentibus
2888 4684 3195 4749 nuntiavit,
3212 4696 3334 4738 non
3351 4679 3612 4734 sidereas

1958 4782 2019 4838 in
2040 4782 2259 4838 coelum
2289 4781 2417 4836 vias
2439 4777 2645 4845 tenuit,
2678 4792 2814 4831 cum
2839 4789 2997 4830 novo
3027 4770 3279 4841 Virginis
3304 4771 3479 4840 partu
3509 4782 3614 4823 no-

1957 4887 2100 4927 vum
2119 4870 2282 4924 sidus
2312 4867 2608 4940 apparuit,
2634 4866 2741 4920 sed
2762 4864 2839 4920 ad
2857 4858 3396 4919 demonstrandum
3428 4866 3482 4914 te
3502 4856 3614 4914 ho-

1958 4959 2221 5015 minibus
2245 4958 2538 5013 Christum
2566 4969 2756 5025 usque
2796 4952 2874 5008 ad
2904 4953 3104 5023 ipsum
3133 4947 3454 5004 nativitatis
3495 4952 3614 5005 tua

1955 5047 2219 5104 loculum
2238 5045 2619 5117 praecucurrit
2640 5062 2654 5113 ;
2682 5041 2839 5096 unde
2852 5039 3110 5113 profusis
3132 5038 3413 5111 precibus
3429 5042 3481 5093 te
3504 5037 3614 5093 im-

1955 5136 2286 5208 ploramus,
2330 5139 2411 5195 ut,
2430 5133 2531 5202 qui
2551 5133 2600 5202 ej
2613 5149 2679 5185 us
2706 5130 2926 5185 indicio
2950 5128 3182 5201 absque
3203 5144 3399 5184 errore
3420 5130 3611 5190 Mago-

1956 5241 2091 5280 rum
2120 5222 2385 5277 direxisti
2415 5221 2641 5285 itinera,
2679 5225 2900 5285 nostra,
2936 5224 2988 5273 te
3021 5222 3365 5291 apparente,
3395 5208 3608 5266 sancti—

1956 5315 2098 5368 ﬂces
2138 5311 2357 5365 corda:
2397 5316 2458 5364 ut
2489 5310 2549 5365 in
2580 5309 2890 5381 iniquitate
2935 5324 3135 5365 coram
3185 5313 3240 5361 te
3272 5299 3605 5370 gradientes

1959 5405 2135 5472 atque
2152 5398 2400 5471 justitia,
2433 5398 2743 5471 pervenire
2768 5411 3108 5455 mereamur
3155 5391 3235 5447 ad
3262 5382 3484 5456 gaudia
3521 5394 3610 5435 re-

1958 5489 2277 5567 promissa.
2307 5499 2370 5561 1p.
2393 5492 2607 5553 Amen.
