4102 6176
193 271 286 328 185
1151 261 1498 320 DOMINICA
1536 262 1558 318 Ῑ
1597 260 1780 318 POST
1817 261 1850 318 Ο

1965 259 2155 317 AVAM
2190 260 2352 318 EPIP
2372 261 2628 319 ΗΑΝΙᾹΞ.

354 394 567 447 Jussus
596 387 839 459 repente
865 397 1127 453 surgere,

360 480 490 538 Suis
516 474 774 532 vicissim
801 472 1104 542 gressibus

352 574 529 640 .Eger
553 563 808 620 vehebat
831 561 1138 617 lectulum.

429 660 592 713 Tunc
629 653 726 709 ille
764 649 952 706 Judas
983 649 1245 706 carnifex

367 749 558 801 Ausus
590 740 936 811 Magistrum
972 739 1202 795 tradere

367 839 571 892 Pacem
601 830 829 885 ferebat
851 828 1075 893 osculo,

370 926 552 990 Quam
568 934 692 975 non
720 915 967 988 gerebat
997 921 1264 988 pectore.

437 1013 620 1066 Verax
646 1007 826 1063 datur
855 1003 1168 1060 fallacibus
1194 1024 1211 1058 :

359 1100 531 1155 Pium
560 1093 824 1165 ﬂagellat
850 1092 1104 1165 impius:

363 1186 648 1257 Crucique
670 1182 824 1237 ﬁxus
857 1182 1147 1236 innocens

368 1272 756 1343 Coniungitur
778 1269 1152 1325 Latronibus.

439 1364 716 1417 Aromata
739 1362 874 1429 post
906 1357 1237 1413 Sabbatum

367 1448 647 1516 Quaedam
688 1445 983 1501 vehebant
1013 1447 1270 1518 corpori,

361 1541 523 1605 Quas
541 1536 976 1606 alloquunturA
998 1534 1179 1602 ngeli.

362 1628 576 1682 Vivum
608 1622 890 1694 sepulcro
919 1637 1042 1677 non
1061 1623 1198 1692 tegi.

436 1711 687 1783 Hymnis
708 1711 902 1766 venite
931 1710 1232 1778 dulcibus,

361 1803 584 1858 Omnes
619 1814 912 1854 canamus
939 1798 1250 1854 subditum

362 1889 582 1946 Christi
612 1887 920 1956 triumpho
943 1891 1252 1952 tartarum,

364 1977 477 2043 Qui
506 1991 617 2032 nos
645 1975 896 2031 redemit
927 1975 1221 2030 venditus.

429 2064 632 2119 Zelum
667 2063 948 2118 Draconis
966 2062 1170 2127 invidi,

361 2156 426 2209 Et
453 2168 520 2208 os
548 2151 763 2207 Leonis
815 2151 1062 2221 pessimi

361 2239 626 2298 Calcavit
645 2239 864 2294 Unicus
891 2239 1011 2311 Dei,

365 2332 631 2400 Seseque
662 2327 826 2383 caelis
866 2326 1142 2382 reddidit.

441 2415 642 2474 Gloria
670 2415 778 2471 tibi
811 2416 1077 2479 Domine,

369 2505 478 2572 Qui
509 2503 835 2576 apparuisti
851 2501 1052 2569 hodie,

371 2595 522 2651 Cum
538 2593 725 2656 Patre,
761 2591 974 2647 Sancto
1000 2591 1206 2662 spiritu

374 2686 440 2738 ln
468 2683 835 2753 sempiterna
861 2678 1099 2734 saecula.

437 2773 648 2825 Amen.

259 2876 923 2947 Supplicatioﬂremus
941 2877 1241 2930 auctorem
1262 2874 1842 2947 lucis.fol.83,Kyrie,

202 2966 446 3023 eleison.
487 2977 554 3025 Rv.
577 2964 824 3033 Christe,
847 2963 1091 3018 eleison.
1133 2964 1327 3034 Kyrie,
1353 2963 1598 3019 eleison.

265 3055 564 3124 Capitula.
595 3052 877 3115 Gloriose,
907 3055 1130 3115 sancte,
1160 3052 1539 3122 omnipotens
1561 3053 1848 3125 Deus,qui
1885 3068 1926 3124 ρ

190 3144 381 3201 varios
402 3142 658 3198 humani
690 3141 921 3210 generis
970 3139 1284 3195 miseratus
1311 3143 1566 3212 gfsemper
1592 3157 1842 3208 errores,

185 3239 504 3304 propterea
518 3229 644 3284 sine
675 3229 860 3283 dubio
889 3229 1068 3282 etiam
1091 3229 1287 3296 Magis,
1317 3227 1376 3282 in
1404 3229 1720 3285 tenebrosa
1751 3247 1848 3285 su-

184 3317 678 3394 perstitione,sive
695 3316 948 3386 caligine
971 3315 1623 3388 constitutis,praevium
1641 3318 1850 3374 sideris

189 3409 390 3465 lumen
421 3422 616 3479 usque
636 3405 716 3460 ad
746 3409 849 3460 tua
880 3409 1085 3460 sancta
1111 3404 1413 3461 cunabula
1455 3406 1846 3462 ministrasti:

190 3508 248 3554 ut
277 3497 566 3555 omnibus
588 3493 956 3566 generaliter,
1012 3493 1074 3548 in
1105 3509 1215 3549 suo
1249 3509 1446 3550 errore
1494 3495 1848 3565 degentibus

193 3586 559 3644 desiderium
577 3589 696 3639 tua:
720 3583 1036 3652 agnitionis
1050 3583 1405 3638 accenderes
1424 3601 1437 3649 ;
1461 3585 1722 3640 accende
1738 3600 1849 3640 nos

201 3676 393 3745 etiam,
428 3688 771 3746 precamur,
794 3670 1095 3727 salutifero
1117 3671 1200 3727 tui
1221 3673 1441 3727 amoris
1479 3673 1731 3728 ardore:
1763 3678 1847 3740 ut,

195 3764 508 3837 quitejam
537 3761 829 3816 donatum
860 3759 1310 3815 illuminationis
1345 3761 1844 3829 aguovimus,tuue

195 3868 426 3925 quoque
453 3849 787 3906 dilectionis
813 3849 1025 3904 ardore
1045 3849 1384 3917 ﬂagrantes,
1410 3849 1514 3907 tibi
1545 3849 1849 3905 adhaerere

201 3941 257 3996 in
288 3944 651 4013 perpetuum
683 3952 1042 3993 mereamur.

254 4033 423 4085 Pater
443 4032 664 4083 noster.
699 4025 1004 4082 Liberatia
1043 4025 1202 4082 malo
1228 4027 1336 4096 fol.
1370 4031 1424 4082 2.

254 4117 489 4173 Lauda.
529 4116 673 4173 Misit
724 4130 820 4172 me
843 4130 1073 4171 sanare.
1108 4115 1475 4171 Benedictio.
1532 4115 1849 4173 Benedicat

191 4205 370 4261 vobis
386 4204 601 4276 Alpha,
635 4209 689 4260 et
720 4207 965 4272 Omega.
994 4203 1211 4272 ful.86.

257 4295 326 4352 In
359 4292 603 4349 nomine
633 4292 880 4348 Domini.

256 4396 1450 4467 OctavaEpiphaniw,omntadicantur-ut
1468 4399 1527 4452 in
1541 4398 1849 4468 dte/"al.85.
1885 4414 1929 4468 Ι)

256 4509 323 4563 IN
368 4505 586 4561 PRIMO
617 4504 952 4560 DOMINICO
986 4504 1157 4559 POST
1210 4505 1534 4561 OCTAVAM
1564 4506 1843 4564 EPIPHA-

809 4594 952 4647 ΝΙᾹΞ
983 4591 1247 4656 ΠΟΜΙΝΙ,

845 4699 938 4754 Ad
975 4700 1265 4769 Vesperos.

255 4808 493 4863 Lauda.
507 4805 767 4862 Elevatio
785 4821 1077 4860 manuum
1096 4820 1368 4860 mearum
1392 4806 1846 4864 sacriﬁcium.P.

187 4897 626 4969 Vespertinum.
652 4895 714 4954 ἲν.
743 4894 1056 4962 Dirigatur,
1087 4895 1356 4958 Domine,
1392 4896 1581 4950 oratio
1613 4912 1748 4953 mea
1791 4898 1850 4952 in

188 4993 519 5058 conspectu
554 4988 656 5040 tuo
689 4983 840 5038 sicut
870 4983 1202 5038 incensum.
1236 4984 1303 5036 P.
1332 4984 1768 5054 Vespertinum.

257 5077 485 5130 Oratio.
513 5075 689 5136 Deus,
715 5072 888 5142 cujus
920 5087 1140 5127 nomen
1174 5089 1208 5127 a
1229 5071 1368 5126 solis
1388 5075 1520 5127 ortu
1553 5089 1741 5144 usque
1770 5075 1847 5129 ad

189 5177 467 5218 occasum
491 5159 798 5218 laudabile
812 5165 898 5215 est
925 5161 1106 5216 :sicut
1122 5161 1428 5215 incensum
1444 5161 1503 5214 in
1527 5167 1849 5233 conspectu

189 5253 291 5305 tuo
303 5258 506 5306 nostra
519 5249 818 5318 dirigatur
830 5249 1017 5305 oratio
1033 5248 1276 5321 ;tibique
1289 5248 1376 5303 ele
1385 5249 1539 5305 vatio
1552 5265 1846 5306 manuum

187 5335 924 5406 nostrarum,sacrificium
937 5336 1613 5410 vespertinum,impleat
1632 5338 1851 5395 solem-

187 5426 452 5484 nitatem.
479 5439 544 5489 3-.
577 5431 791 5488 Amen,

259 5521 364 5574 Per
390 5514 876 5574 misericordiam
902 5518 1084 5572 tuam.

3483 269 3588 326 186

1879 385 1925 439 Α
2028 386 2202 442 Sono.
2219 387 2480 443 Alleluia.
2510 386 2599 442 Ad
2613 400 2923 456 vesperum
2935 386 3341 444 demorabitur
3365 388 3538 446 ﬂetus
3559 411 3580 449 ι

1959 477 2015 529 et
2044 475 2120 530 ad
2146 475 2740 531 matutinumlaatitia.
2774 473 3042 540 Alleluia,
3063 475 3123 534 Ψ.
3153 475 3415 532 Alleluia.
3449 479 3592 534 Con-

1957 564 2776 637 vertisti,Domine,planctum
2798 579 3000 618 meum
3021 563 3081 617 in
3103 564 3392 632 gaudium
3417 566 3588 622 mihi:

1959 666 2067 706 con
2077 651 2298 707 scidisti
2319 669 2561 708 saccum
2578 656 2863 718 meum,et
2881 651 3236 722 praecinxisti
3250 668 3343 707 me
3372 653 3591 711 lmtitia.

1957 739 2221 796 Alleluia.
2255 742 2542 797 Dominus
2564 742 2636 797 sit
2655 756 2891 812 semper
2920 740 3242 796 vobiscum.
3265 743 3401 810 RuEt
3432 757 3593 798 cum.

2027 830 2444 897 Antiphonaﬂ
2455 830 2512 885 ui
2527 834 2612 885 est
2626 829 2930 899 iste,cujus
2948 827 3127 884 stellae
3143 828 3594 900 splendiderunt

1959 917 2020 971 in
2040 918 2320 974 custodiis
2352 918 2493 983 suis,
2529 921 2582 973 et
2604 917 2814 986 ilaatate
2841 923 2999 982 sunt,
3023 933 3160 973 cum
3182 922 3420 974 vocaret
3449 934 3550 974 eas
3570 917 3598 973 7

1959 1005 2299 1062 reluxerunt
2323 1023 2460 1061 cum
2490 1006 2706 1062 laetitiae
2740 1007 2810 1071 ei,
2859 1006 2961 1076 qui
3004 1005 3140 1060 fecit
3168 1021 3298 1061 eas.
3336 1006 3395 1066 it.
3444 1006 3603 1063 Fecit

1960 1094 2170 1151 lunam
2186 1093 2245 1148 in
2269 1098 2539 1164 tempora
2555 1109 2566 1147 :
2584 1093 2924 1162 solagnovit
2937 1107 3220 1148 occasum
3245 1094 3602 1151 suum.P.Et

1963 1181 2172 1236 iactatae
2204 1180 2416 1241 suntJ‘t'
2442 1180 2651 1245 Gloria,
2704 1185 2760 1235 et
2787 1181 2998 1246 honor,
3041 1183 3148 1234 etc.
3175 1181 3247 1235 P.
3278 1181 3343 1234 Et
3391 1179 3601 1236 laetata:

1962 1275 2120 1324 sunt.
2156 1270 2441 1324 Dominus
2474 1269 2544 1324 sit
2567 1284 2802 1339 semper
2848 1268 3178 1323 vobiscum.
3207 1278 3251 1335 It;
3273 1269 3338 1322 Et
3368 1283 3525 1323 cum.

2028 1358 2251 1414 Lauda.
2274 1356 2545 1412 Alleluia.
2574 1355 2911 1411 Conﬁtebor
2937 1353 3042 1410 tibi
3063 1355 3308 1409 Domine
3357 1355 3420 1410 in
3454 1354 3603 1409 dire-

1960 1445 2149 1500 ctione
2172 1444 2366 1499 cordis
2395 1444 2531 1498 mei.
2591 1441 2854 1497 Alleluia.
2885 1442 2956 1496 P.
2986 1441 3050 1495 In
3108 1457 3179 1496 eo
3226 1442 3389 1512 quod
3421 1441 3599 1495 didici

1954 1533 2181 1603 judicia
2207 1532 2441 1603 justitize
2461 1536 2599 1587 tuae.
2651 1529 2917 1598 Alleluia,
2973 1529 3123 1589 ihln
3155 1528 3267 1584 tuis
3305 1527 3600 1599 justitica-

1958 1620 2218 1676 tionibus
2247 1620 2611 1676 meditabor:
2630 1634 2748 1674 non
2775 1618 3094 1674 obliviscar
3117 1632 3422 1673 sermones
3446 1619 3598 1671 tuos.

1877 1728 1920 1782 Β
1958 1711 2019 1764 P.
2050 1712 2113 1763 ln
2133 1724 2204 1764 eo
2223 1708 2406 1780 quod.
2436 1707 2504 1769 ir.
2543 1708 2756 1772 Gloria,
2781 1710 2836 1762 et
2864 1706 3058 1762 honor
3100 1705 3273 1768 Patri,
3293 1709 3402 1759 etc.
3434 1703 3496 1757 P.
3533 1705 3598 1758 In

1955 1813 2025 1853 eo
2046 1797 2228 1869 quod.

2624 1885 2921 1952 Hymnus.

2097 1975 2372 2028 Inventor
2391 1972 2581 2028 rutilis
2611 1973 2734 2027 dux
2755 1971 2914 2026 bone
2935 1969 3202 2034 luminis,

2027 2062 2136 2126 Qui
2159 2063 2330 2118 certis
2349 2059 2576 2117 vicibus
2601 2064 2872 2130 tempora
2892 2057 3125 2122 dividis,

2025 2153 2209 2206 Merso
2232 2150 2357 2205 sole
2395 2149 2580 2205 chaos
2599 2147 2818 2219 ingruit
2847 2145 3179 2209 horridum,

2027 2240 2243 2294 Lucem
2275 2238 2496 2294 Christe
2515 2237 2631 2293 tuis
2662 2235 2842 2292 redde
2872 2233 3174 2292 ﬁdelibus.

2096 2328 2212 2398 92
2244 2327 2566 2400 Splendent
2593 2326 2906 2399 perspicuo
2935 2323 3159 2379 lumine
3188 2321 3420 2385 .ardua,

2028 2414 2311 2471 Flammis
2333 2414 2657 2471 mobilibus
2685 2412 2908 2469 scilicet
2935 2411 3083 2469 atria
3107 2429 3120 2466 :

2027 2503 2466 2575 Absentemque
2495 2503 2654 2557 diem
2698 2502 2802 2558 lux
2831 2501 2950 2570 agit
2979 2499 3215 2565 aemula,

2029 2591 2652 2646 Nocteminluminans
2681 2590 2911 2658 fulgore
2941 2588 3184 2658 praevio.

2101 2683 2215 2734 Nos
2236 2679 2396 2734 festis
2421 2678 2716 2733 trahimus
2737 2691 2843 2747 per
2862 2676 2965 2745 pia
2981 2674 3203 2744 gaudia

2031 2771 2269 2822 Noctem
2284 2766 2570 2830 conciliis,
2594 2768 2849 2834 votaque
2878 2776 3166 2832 prospera

2031 2859 2325 2912 Concentu
2347 2853 2536 2925 parili,
2572 2851 2737 2906 suavi
2765 2848 3118 2905 sonantibus

2033 2949 2400 3017 llymnorum
2431 2939 2691 2997 modulis
2723 2955 2829 2995 ora
2854 2937 3233 2994 resolvimus.

2102 3036 2242 3089 Ores
2261 3032 2445 3102 digna
2477 3034 2649 3098 Deus,
2675 3044 2862 3100 quam
2893 3026 3000 3083 tibi
3026 3025 3276 3081 residuas

2034 3122 2228 3179 Noctis
2248 3120 2545 3193 principio
2578 3121 2728 3175 Grex
2749 3122 2885 3173 tuus
2902 3115 3105 3172 offeret
3130 3132 3142 3169 :

2035 3215 2206 3277 Luce,
2235 3225 2418 3282 quam
2439 3208 2668 3270 tribuis,
2702 3205 2846 3262 nihil
2869 3203 3211 3277 pretiosius,

2032 3301 2203 3366 Luce,
2226 3315 2349 3371 qua
2378 3297 2609 3368 reliqua
2647 3295 2895 3367 praemia
2925 3292 3242 3347 cernimus.

2102 3388 2187 3443 Tu
2216 3387 2320 3442 lux
2335 3401 2476 3441 vera
2496 3385 2702 3451 oculis,
2743 3383 2844 3437 lux
2867 3393 3108 3451 quoque
3147 3374 3421 3430 sensibus

2034 3481 2215 3540 Intus,
2243 3480 2304 3531 tu
2331 3473 2662 3546 speculum,
2691 3470 2823 3525 fons
2849 3485 2866 3521 :
2896 3467 3098 3521 lumen

2033 3566 2205 3631 Quod
2228 3563 2451 3620 delibat
2467 3560 2638 3632 plebs
2667 3563 2786 3620 tua,
2823 3554 3075 3625 suscipe,

2032 3654 2304 3709 Tinctum
2330 3649 2560 3722 pacifici
2589 3643 2923 3702 chrismatis
2947 3641 3236 3711 unguine.

2103 3745 2208 3796 Per
2230 3739 2528 3797 Christum
2555 3735 2822 3792 Genitum
2840 3746 3076 3787 summe
3093 3733 3259 3786 Pater
3301 3730 3495 3793 tuum,

2033 3836 2095 3886 In
2125 3844 2246 3903 quo
2263 3826 2510 3883 visibilis
2538 3829 2656 3881 stat
2676 3823 2780 3880 tibi
2805 3821 3011 3891 gloria,

2035 3920 2354 3986 Quinoster
2381 3915 2689 3978 Dominus,
2722 3911 2825 3984 qui
2859 3914 2994 3966 tuus
3023 3907 3240 3963 unicus

2035 4008 2230 4079 Spirat
2256 4006 2330 4061 de
2360 4003 2553 4076 patrio
2580 4001 2760 4058 corde
2795 3997 3149 4055 Paraclitum
3173 4013 3186 4051 :

2105 4096 2209 4150 Per
2227 4109 2408 4165 quem
2434 4091 2734 4162 splendor,
2766 4090 2971 4156 honor,
2999 4085 3152 4154 laus,
3182 4081 3497 4154 sapientia,

2032 4182 2365 4253 Majestatis,
2387 4179 2646 4245 bonitas,
2671 4180 2724 4232 et
2748 4176 2972 4249 pietas:
3009 4176 3094 4228 Tu

2033 4275 2292 4342 Regnum
2321 4269 2590 4326 contines
2618 4265 2863 4322 Nomine
2895 4261 3126 4334 triplici,

2033 4361 2259 4417 Texens
2288 4358 2590 4432 perpetuis
2614 4354 2836 4411 saecula
2861 4351 3110 4408 saeculis.

2108 4456 2316 4504 Amen.

2034 4539 2432 4609 Supplicatlo.
2463 4532 3198 4602 OremusRedemptorem,
3229 4528 3339 4596 fol.
3375 4529 3461 4581 66.

2036 4629 2338 4699 Capitula.
2370 4626 2663 4694 Dirigatur
2708 4621 2896 4677 oratio
2925 4624 3132 4674 nostra
3152 4616 3420 4682 Domine,
3458 4612 3610 4666 sicut

1963 4718 2274 4772 incensum
2305 4715 2364 4770 in
2377 4716 2818 4785 conspectutuo
2838 4725 2848 4763 :
2869 4713 3062 4763 utnon
3075 4703 3337 4777 Ppatiaris
3356 4703 3415 4756 in
3432 4699 3608 4755 nobis

1963 4805 2263 4860 demorari
2278 4802 2680 4873 vespertinum
2694 4798 2897 4853 ﬂetum
2915 4813 2927 4862 ;
2944 4795 3048 4850 sed
3061 4792 3271 4848 laetitiae
3287 4795 3460 4860 tranq
3469 4787 3609 4844 uilla

1963 4895 2021 4949 in
2053 4893 2357 4950 matutinis
2389 4889 2691 4947 sacriﬁciis
2723 4887 3036 4948 tribuatur,
3060 4880 3463 4950 suscipiantur
3477 4894 3612 4936 ora-

1963 4984 2149 5038 tiones
2182 4986 2399 5038 nostrae
2428 4995 2532 5050 per
2564 4977 2855 5045 Angelum
2888 4981 3077 5034 tuum,
3141 4969 3294 5025 sicut
3333 4968 3525 5025 Tobim
3555 4973 3610 5023 et

1963 5075 2119 5129 Sarm
2151 5070 2446 5125 desideria
2473 5066 2752 5123 exaudire
2771 5064 3050 5132 dignatus
3077 5076 3140 5115 es
3165 5078 3176 5115 :
3213 5075 3359 5115 cura
3385 5074 3497 5114 nos
3524 5055 3600 5109 ab

1960 5159 2402 5216 inﬁrmitatibus
2421 5155 2662 5220 nostris,
2685 5159 2741 5209 et
2764 5167 2914 5207 sana
2934 5165 3146 5206 omnes
3162 5149 3479 5216 languores
3505 5155 3608 5194 no-

1961 5253 2109 5304 stros
2125 5265 2137 5314 ;
2156 5252 2218 5302 ut
2245 5244 2762 5318 quemadmodum
2775 5241 2930 5298 credi
2943 5257 3076 5297 mus
3090 5240 3248 5296 diem
3274 5238 3430 5291 hanc
3446 5227 3607 5318 obla-

1959 5342 2101 5401 tam,
2132 5314 2318 5390 noctis
2330 5333 2704 5391 advenientis
2722 5332 2913 5401 caligo
2935 5331 3095 5386 diem
3117 5327 3251 5381 vitae
3276 5314 3605 5377 retributio-

1958 5425 2049 5481 nis
2074 5423 2335 5479 iuveniat
2358 5438 2464 5495 per
2484 5438 2642 5490 eum,
2675 5422 2779 5494 qui
2808 5437 2918 5477 nos
2945 5417 3151 5472 docuit
3202 5421 3388 5466 orare.

2029 5516 2200 5571 Pater
2227 5517 2444 5572 noster.
2468 5513 2719 5572 Liberati
2745 5529 2781 5570 a
2810 5508 2990 5574 malo,
3015 5505 3217 5570 Quuzre
3245 5495 3353 5566 fol.
