4102 6176
470 250 575 308 18η

1715 223 2166 298 ΒΒΕΥΙᾼΒΙΗΜ
2214 223 2607 299 θΟΤΗΙΟΗΜ.

3768 228 3870 301 188

540 364 1226 430 Benedictio.Flammam
1258 359 1681 419 benedictionis
1712 356 1985 414 caelorum
2022 367 2118 408 su-
2145 352 2192 408 A
2226 352 2433 425 (quem
2465 370 2501 411 a
2528 356 2583 410 te
2613 352 3065 427 magnificatum
3083 350 3491 423 agnoscimus)
3522 352 3869 425 nostrorum

468 478 575 536 per
592 476 699 517 vos
723 456 1009 515 Dominus
1026 452 1324 521 benignus
1336 449 1691 514 infundat,et
1710 446 1955 503 Trinitas
1967 443 2117 536 inse-

472 530 759 624 parabilis
786 544 1010 603 avobis
1029 556 1346 613 nunquam
1370 538 1629 595 recedat.
1650 549 1714 608 BI.
1735 541 1941 601 Amen,
1962 530 2120 588 Bella

474 636 950 697 adversariorum
992 636 1327 688 vestrorum
1366 628 1615 696 adterat,
1638 630 1694 685 et
1721 624 1876 682 acies
1910 635 2118 678 eorum

468 728 625 798 ignis
659 722 909 780 caelestis
963 722 1302 777 consumat.
1335 727 1399 789 1y.
1423 717 1633 774 Amen.
1674 711 2020 769 Dominetur
2056 708 2120 763 in

467 814 639 871 vobis
655 812 913 868 charitas
926 807 1325 877 individua,et
1335 810 1760 863 conservetvos
1771 799 2121 874 sempiterna

466 902 768 972 majestas.
789 910 853 969 Bg.
877 901 1088 954 Amen.

531 990 636 1044 Per
661 984 1137 1043 misericordiam
1154 981 1344 1055 ipsius
1359 1023 1372 1037 .

530 1075 762 1132 Lauda.
807 1071 1157 1139 Bonitatem,
1181 1073 1238 1125 et
1262 1068 1541 1141 disciplin
1554 1081 1674 1131 am,
1732 1068 1789 1122 et
1810 1061 2121 1127 scientiam

458 1164 609 1220 doce
629 1176 743 1226 me,
769 1162 922 1215 Deus
942 1176 953 1214 :
980 1157 1331 1215 Alleluia.P.
1371 1156 1524 1223 Quia
1540 1153 1841 1212 mandatis
1856 1151 1972 1209 tuis
1988 1166 2117 1209 cre-

463 1250 606 1307 didi.
632 1248 901 1313 Alleluia,
935 1246 1190 1313 alleluia,
1231 1246 1490 1303 alleluia.
1552 1244 1615 1305 ῒ.
1664 1241 1930 1311 Cogitavi
1987 1238 2120 1297 vias

462 1354 630 1396 meas
653 1340 737 1393 :et
766 1336 1030 1392 converti
1067 1334 1253 1407 pedes
1273 1349 1441 1390 meos
1462 1333 1523 1389 in
1537 1330 1873 1390 testimonia
1899 1333 2025 1388 tua.
2044 1331 2117 1384 P.

465 1426 615 1492 Quia
646 1423 969 1481 mandatis.
995 1422 1058 1483 ἡ.
1116 1422 1333 1489 Gloria,
1374 1425 1431 1479 et
1475 1422 1693 1486 honor,
1731 1423 1841 1476 etc.
1869 1419 1941 1476 P.
1974 1417 2121 1484 Quia

464 1513 786 1569 mandatis.

537 1601 756 1658 Oratio.
779 1599 1027 1656 Domine
1059 1600 1199 1655 Jesu
1226 1598 1468 1665 Christe,
1509 1598 1614 1669 qui
1638 1597 1943 1653 credentes
1961 1594 2022 1653 in
2039 1597 2113 1651 te.

464 1690 718 1760 Require
746 1690 811 1744 in
845 1688 1165 1744 Matutim's
1184 1688 1354 1744 istius
1386 1686 1705 1742 Dominici.
1724 1686 1837 1753 fol.
1860 1689 1912 1740 3.

533 1778 604 1831 In
626 1777 926 1847 principio
936 1774 1473 1831 Matutinidicimus
1490 1788 1600 1842 per
1625 1774 1746 1828 dies
1762 1772 2113 1842 Dominicos,

462 1866 684 1921 scilicet
711 1884 725 1923 :
758 1865 1045 1934 Hymnus.
1076 1864 1315 1919 Eterne
1335 1877 1536 1918 rerum
1558 1860 1857 1918 Conditor.

539 1954 765 2010 Oratio.
804 1956 1108 2010 Eternum
1133 1957 1190 2008 te
1220 1956 1554 2008 auctorem.
1594 1951 1801 2018 Quaere
1823 1949 1929 2018 fol.
1980 1952 2036 2004 3.

536 2041 1169 2110 Antiphona.Domine
1198 2039 1345 2111 quid
1372 2038 1720 2110 muliplicati
1742 2040 1882 2094 sunt
1901 2036 2006 2108 qui
2021 2036 2118 2093 tri-

463 2130 675 2187 bulant
695 2145 791 2185 me
819 2129 848 2183 ?
885 2132 970 2186 Tu
995 2127 1808 2199 autem,Domine,susceptor
1826 2140 2000 2183 meus
2029 2140 2113 2183 es.

464 2219 742 2275 Psalmus
772 2234 852 2274 Ill.

531 2306 889 2375 Antiphona.
922 2308 1081 2363 Lava
1097 2321 1193 2362 me
1214 2305 1293 2362 ab
1319 2304 1608 2375 injustitia
1630 2317 1769 2361 mea
1798 2322 1811 2359 :
1836 2305 1894 2375 et
1912 2317 1949 2363 a
1980 2316 2115 2373 pec-

462 2397 594 2450 cato
624 2409 759 2450 meo
786 2395 1015 2451 munda
1044 2409 1160 2459 me,
1196 2394 1471 2450 Domine.
1503 2392 1780 2449 Psalmus
1806 2410 1857 2446 ι..

533 2483 885 2553 Antiphona
904 2488 957 2539 3.
1017 2488 1083 2539 In
1110 2488 1164 2540 te
1220 2482 1467 2540 conﬁdit
1491 2483 1695 2539 anima
1726 2496 1882 2547 mea,
1933 2479 2115 2537 libera

462 2585 578 2637 me,
604 2571 871 2627 Domine.
904 2571 1171 2627 Psalmus
1192 2588 1303 2627 LVI.

539 2661 662 2714 Ant
670 2659 1156 2730 iphona.Domine
1172 2659 1321 2731 quid
1336 2656 1717 2730 multiplicati
1728 2660 1867 2713 sunt
1889 2655 1994 2727 qui
2010 2656 2113 2711 tri-

457 2746 670 2803 bulant
696 2748 834 2802 me?
864 2750 948 2802 Tu
974 2752 1195 2812 autem,
1223 2747 1806 2817 Domine,susceptor
1820 2760 1989 2801 meus
2024 2760 2111 2801 es.

454 2835 517 2895 37.
545 2834 758 2901 Gloria,
784 2838 841 2891 et
868 2835 1061 2890 honor
1080 2834 1251 2899 Patri,
1271 2839 1326 2890 et
1358 2834 1517 2897 Filio,
1544 2834 1851 2905 etSpiritui
1869 2834 2107 2890 Sancto.

528 2924 1074 2993 Antiphona.,Lava
1100 2938 1196 2978 me
1230 2922 1308 2978 ab
1332 2922 1621 2993 injustitia
1639 2937 1775 2977 mea
1803 2939 1816 2977 :
1860 2925 1916 2978 et
1933 2926 2114 2994 apec-

2226 456 2356 497 esse
2381 458 2686 498 summum
2710 447 3117 515 aeternumque
3137 440 3452 513 praemium
3474 440 3875 511 gaudeamus.

2225 541 2287 599 ἢ.
2305 537 2510 586 Amen.

2299 621 2403 675 Per
2433 620 2931 680 misericordiam.

2291 707 2655 777 Antiphona.
2699 713 2748 765 3.
2778 710 3066 765 Converte
3109 708 3381 775 Domine,
3425 708 3583 781 eripe
3640 708 3883 767 animas

2229 800 2467 853 nostras
2490 812 2502 853 :
2525 798 2723 854 salvos
2736 813 2847 855 nos
2861 797 2955 853 fac
2967 801 3208 871 propter
3223 796 3685 865 misericordiam
3698 803 3882 855 tuam.

2230 884 2299 942 P.
2322 887 2471 953 Quia
2506 902 2631 944 non
2656 891 2743 943 est
2781 887 2843 944 in
2871 892 3062 945 morte
3117 887 3222 960 qui
3269 902 3504 945 memor
3553 888 3633 944 sit
3680 888 3789 944 tui.
3817 888 3883 949 ἢν.

2230 972 2497 1038 Domine,
2525 991 2600 1031 ne
2620 976 2681 1031 in
2703 976 2793 1032 ira
2820 980 2924 1037 tua
2951 991 3171 1047 arguas
3211 992 3329 1043 me,
3352 991 3548 1048 neque
3577 976 3640 1035 in
3686 975 3888 1034 furore

2231 1065 2336 1117 tuo
2374 1063 2661 1135 corripias
2680 1079 2799 1121 me.
2830 1066 2902 1121 P.
2929 1065 3078 1130 Quia.
3092 1080 3215 1125 non
3243 1068 3351 1122 est.
3377 1065 3439 1127 tt.
3467 1064 3691 1130 Gloria,
3710 1066 3888 1123 etho-

2231 1164 2362 1219 nor,
2394 1154 2503 1207 etc.
2526 1152 2593 1205 P.
2626 1152 2776 1217 Quia
2800 1167 2922 1208 non
2951 1156 3057 1209 est.

2304 1239 2521 1296 Oratio.
2552 1241 2798 1297 Domine
2827 1256 3020 1314 neque
3046 1242 3109 1301 in
3133 1241 3224 1299 ira
3249 1246 3355 1298 tua
3381 1257 3494 1299 nos
3512 1258 3758 1313 arguas;
3779 1258 3882 1300 ne-

2230 1344 2348 1402 que
2377 1329 2438 1384 in
2470 1333 2571 1385 tuo
2598 1343 2711 1385 nos
2740 1328 2937 1388 furore
2965 1330 3282 1402 corripias;
3312 1331 3419 1388 sed
3448 1330 3526 1388 ab
3558 1332 3879 1403 asperitate

2228 1417 2489 1474 verberis
2519 1433 2676 1487 unge
2688 1434 2800 1475 nos
2823 1418 3429 1479 clementialenitatis:
3450 1428 3514 1476 ut
3540 1435 3662 1481 non
3677 1420 3880 1495 perdi-

2229 1507 2449 1563 tionem
2476 1522 2658 1579 poena
2685 1507 2819 1573 ;sed
2849 1507 3243 1569 eruditionem
3270 1508 3448 1565 nobis
3479 1512 3579 1567 tua
3605 1508 3882 1569 conferat

2228 1595 2560 1667 disciplina.
2585 1606 2648 1665 Bt.
2674 1597 2885 1651 Amen.

2147 1697 2191 1752 Β
2288 1686 2392 1740 Per
2421 1684 2913 1743 misericordiam.

2296 1784 2359 1841 1t.
2384 1772 2846 1830 Abundaverunt
2882 1773 3219 1845 iniquitates
3236 1777 3457 1831 nostrae
3488 1788 3661 1846 super
3676 1789 3880 1835 nume-

2224 1876 2344 1916 rum
2370 1877 2565 1917 arenm
2596 1862 2796 1918 maris.
2826 1864 2898 1919 P.
2931 1865 2997 1919 Et
3020 1877 3179 1919 nunc
3209 1863 3378 1933 {juste
3420 1863 3881 1936 comprimimur

2226 1949 2305 2006 ad
2316 1965 2426 2005 nos
2437 1951 2786 2020 erigendum
2801 1954 2980 2023 caput
3014 1955 3317 2009 nostrum:
3340 1953 3741 2023 peccavimus,
3766 1955 3880 2009 Do-

2225 2038 2817 2111 mine,peccavimus.
2839 2040 2899 2100 V.
2924 2040 3305 2097 Peccavimus
3326 2056 3466 2098 cum
3477 2041 3747 2113 patribus
3772 2057 3880 2097 no-

2227 2126 2389 2182 stris:
2421 2128 2639 2198 injuste
2676 2129 2929 2200 egimus,
2975 2130 3317 2201 iniquitates
3363 2129 3632 2187 fecimus.
3704 2132 3767 2186 P.
3810 2133 3881 2186 Et

2224 2230 2386 2271 nunc
2401 2216 2578 2287 juste.
2608 2216 2671 2277 )7.
2706 2217 2917 2283 Gloria,
2950 2221 3006 2273 et
3057 2219 3267 2284 honor,
3290 2222 3399 2276 etc.
3431 2220 3495 2275 P.
3565 2221 3631 2277 Et
3692 2234 3875 2275 nunc.

2837 2307 2911 2361 In
2952 2307 3270 2364 Laudibus.

2294 2394 2392 2449 Ad
2414 2395 2730 2451 Canticum.
2780 2396 3145 2465 Antiphona.
3202 2398 3343 2453 Date
3390 2395 3871 2467 magnitudinem

2224 2483 2493 2539 Domino.

2297 2572 2632 2629 Canticum.
2665 2571 2913 2628 Attende
2943 2572 3192 2630 Caelum.
3219 2573 3423 2639 Quaere
3458 2574 3571 2643 fol.
3602 2577 3653 2629 4.

2297 2660 2519 2716 Oratio.
2546 2660 2895 2730 Descendat,
2946 2661 3213 2728 Domine,
3234 2666 3299 2717 ut
3326 2662 3531 2733 pluvia
3561 2662 3872 2734 eloquium

2222 2750 2426 2815 tuum;
2449 2752 2504 2803 et
2531 2748 2683 2804 sicut
2706 2764 2828 2818 ros,
2869 2750 3050 2805 verba
3085 2754 3187 2805 tua
3208 2765 3387 2821 super
3423 2766 3535 2807 nos
3555 2751 3875 2807 effundan-

2223 2840 2317 2892 tur
2340 2840 2456 2903 :ut,
2491 2836 2865 2894 ubertimtua
2897 2838 3277 2895 miseratione
3298 2838 3492 2909 rigati,
3523 2840 3873 2909 tibimagni-

2222 2925 2490 2981 tudinem
2513 2925 2746 2992 demus,
2770 2930 2941 2997 cujus
2970 2944 3155 2999 opera
3186 2928 3350 2985 bona
3392 2943 3518 2984 esse
3563 2929 3878 2999 cognosci-

461 3015 592 3068 cato
608 3027 744 3067 meo
774 3010 1006 3067 munda
1022 3026 1138 3075 me,
1175 3010 1445 3067 Domine.
1478 3010 1540 3071 ν.
1568 3011 1727 3068 Sicut
1745 3011 1942 3067 eratin
1954 3010 2114 3082 prin-
2144 3035 2184 3093 ρ
2223 3030 2385 3070 mus:
2411 3030 2621 3070 omnes
2635 3015 2747 3070 viae
2778 3020 2913 3085 tum,
2940 3016 3216 3088 judicia;
3258 3022 3314 3072 et
3358 3016 3639 3089 iniquitas
3655 3019 3877 3088 procul

461 3098 631 3170 cipio,
659 3104 715 3155 et
738 3114 920 3165 nunc,
951 3104 1006 3156 et
1032 3114 1288 3170 semper.

531 3186 893 3256 Antiphonti.
940 3190 1004 3243 In
1035 3191 1090 3242 te
1107 3186 1354 3243 conﬁdit
1382 3186 1587 3243 anima
1607 3201 1773 3242 mea:
1798 3185 2107 3251 liberame,

458 3275 727 3332 Domine.
773 3276 839 3331 P.
868 3278 933 3332 Et
966 3276 1029 3331 in
1051 3275 1271 3331 saecula
1308 3274 1685 3330 saeculorum.
1722 3278 1929 3335 Amen.

532 3364 761 3419 Oratio.
822 3363 1071 3420 Domine
1127 3364 1269 3420 Jesu
1323 3363 1571 3426 Christe,
1622 3361 1727 3433 qui
1785 3362 2108 3419 credentes.

461 3453 665 3518 Quaere
684 3453 793 3521 fol.
820 3455 873 3508 3.

529 3540 900 3607 Antiphona.
922 3545 970 3595 1.
997 3540 1217 3598 Servite
1238 3539 1491 3597 Domino
1518 3538 1805 3607 intimare
1830 3542 1914 3599 :et
1951 3539 2108 3596 exul-

460 3632 576 3680 tate
606 3625 659 3680 ei
688 3640 827 3680 cum
858 3631 1131 3683 tremore.
1160 3626 1603 3699 Apprehendite
1628 3626 2107 3698 disciplinam.P.

459 3713 1089 3784 Nequandoirascatur
1118 3716 1493 3782 Dominus,et
1533 3716 1786 3787 pereatis
1803 3716 2114 3785 aviajusta

458 3801 521 3862 ir.
550 3802 741 3865 Quare
797 3799 1165 3857 fremuerunt
1197 3804 1427 3873 Gentes,
1462 3808 1520 3860 et
1585 3804 1799 3876 populi
1846 3804 2115 3861 meditati

460 3893 599 3944 sunt
654 3888 859 3944 inania
886 3889 913 3945 ?
942 3889 1007 3943 P.
1042 3890 1391 3962 Nequando.
1438 3892 1498 3952 ir.
1546 3892 1761 3961 Gloria,
1793 3896 1851 3949 et
1902 3892 2110 3963 honor,

461 3980 573 4034 etc.
601 3977 669 4031 P.
700 3977 1051 4049 Nequando.

533 4065 756 4122 Oratio.
802 4066 1132 4123 Servientes
1160 4066 1289 4136 tibi,
1332 4067 1915 4135 Domine,intimore,
1943 4068 2115 4124 disci-

457 4153 624 4227 plina
635 4158 737 4211 tua
747 4170 856 4210 nos
869 4154 1197 4211 erudiendo
1212 4156 1542 4227 possideat;
1561 4161 1617 4214 et
1630 4157 1961 4217 exultantes
1975 4174 2115 4214 cum

458 4246 714 4300 tremore
738 4243 1081 4314 jocunditas
1104 4244 1377 4301 modesta
1398 4246 1690 4305 sustollat:
1725 4262 1833 4302 nec
1854 4261 1965 4303 nos
1995 4245 2116 4305 efﬁ-

460 4332 695 4389 ciamur
708 4348 744 4387 a
759 4332 857 4387 via
877 4332 1040 4402 justa
1053 4333 1389 4390 recedendo
1410 4334 1622 4405 perditi
1639 4354 1655 4405 ,
1690 4334 1795 4391 sed
1815 4334 1877 4391 id
1905 4340 1955 4393 te
1976 4350 2113 4393 con-

458 4419 704 4476 ﬁdendo
732 4435 1072 4476 mereamur
1092 4420 1434 4493 essezbeati.
1468 4434 1531 4491 Βε.
1556 4424 1774 4480 Amen.

530 4508 635 4564 Per
660 4509 1155 4566 misericordiam.

527 4597 878 4667 Antiphona
902 4598 960 4654 2.
1001 4599 1064 4653 In
1094 4598 1470 4657 tribulatione
1488 4602 1712 4665 nostra,
1746 4600 1921 4665 Deus,
1953 4599 2096 4657 dila-

455 4686 595 4742 tasti
630 4700 760 4743 nos.
782 4687 856 4742 P.
884 4686 1151 4743 Miserere
1181 4687 1378 4753 nobis,
1410 4691 1469 4744 ct
1518 4687 1736 4749 exaudi
1765 4688 2107 4749 orationem

455 4777 747 4832 nostram.
776 4775 835 4835 ὴν.
869 4776 1017 4831 Cum
1051 4775 1415 4841 invocarem,
1445 4775 1740 4832 exaudisti
1803 4792 1901 4832 me
1958 4778 2110 4835 Deus

451 4860 693 4930 justitiaa
720 4879 871 4920 mea:
902 4882 915 4919 :
944 4863 1006 4920 in
1047 4864 1425 4923 tribulatione
1455 4880 1593 4927 mea
1630 4863 1886 4921 dilatasti
1929 4865 2094 4922 mihi.

456 4947 721 5005 Miserere
750 4953 885 5018 mei,
919 4957 976 5008 et
1004 4954 1220 5010 exaudi
1246 4952 1583 5011 orationem
1606 4968 1823 5008 meam.
1852 4953 1918 5008 P.
1950 4955 2114 5013 Mise-

455 5050 586 5092 rere
617 5037 811 5102 nobis,
840 5045 895 5096 et
926 5042 1162 5105 exaudi.
1213 5040 1278 5101 7V.
1313 5040 1527 5110 Gloria,
1560 5044 1617 5097 et
1660 5040 1873 5110 honor,
1903 5047 2013 5098 etc.
2041 5043 2109 5099 P.

459 5125 729 5182 Miserere
762 5128 963 5188 nobis.

529 5216 1136 5289 0ratio.Domine,qui
1161 5230 1401 5288 semper
1415 5216 1835 5279 invocantibus
1856 5220 2018 5284 ades,
2057 5226 2112 5278 et

454 5303 516 5359 in
538 5304 918 5363 tribulatione
976 5304 1304 5362 constitutis
1333 5320 1513 5375 opem
1533 5305 1681 5363 ferre
1729 5309 1844 5379 93
1887 5310 2113 5367 miseri-

454 5394 674 5449 cordiae
704 5393 1050 5451 delectaris:
1077 5393 1259 5461 dona,
1282 5397 1348 5449 ut
1374 5393 1642 5453 odientes
1662 5397 1865 5455 saeculi
1891 5399 2111 5460 vanita-

452 5480 575 5534 tem
626 5482 1070 5553 refutantesque
1118 5481 1538 5555 mandacium,
1588 5482 1884 5547 Christum
1940 5490 2108 5549 tuum

2222 3106 2313 3158 est
2331 3118 2367 3159 a
2390 3103 2738 3159 rectitudine
2765 3108 2899 3160 tua:
2927 3104 3179 3176 proinde
3198 3120 3333 3170 nos,
3367 3106 3463 3176 qui
3480 3106 3776 3178 proclives
3793 3106 3877 3162 ad

2222 3191 2453 3249 malum
2484 3208 2713 3262 sumus,
2737 3208 2773 3248 a
2802 3196 2903 3250 tua
2933 3192 3386 3262 gubernatione,
3415 3194 3589 3250 etiam
3619 3209 3755 3250 cum
3787 3194 3875 3265 tui

2222 3279 2648 3350 obliviscimur,
2683 3295 2805 3339 non
2849 3280 3306 3338 defraudemur:
3334 3287 3399 3337 ut
3438 3286 3494 3339 et
3519 3283 3568 3338 si
3590 3281 3875 3347 serviliter

2222 3367 2486 3433 facinore
2524 3369 2915 3436 sciscitamur,
2943 3369 3183 3427 lenitate
3226 3378 3475 3443 paterna
3502 3386 3539 3429 a
3567 3374 3621 3431 te
3653 3371 3877 3442 corrigi

2224 3457 2573 3514 sentiamus.
2603 3470 2670 3527 Βι.
2701 3463 2910 3515 Amen.

2296 3549 2401 3603 Per
2433 3546 2922 3615 misericordiam.

2292 3636 2390 3690 Ad
2414 3635 2763 3692 Benedictus
2779 3636 3150 3706 Antiphona.
3178 3637 3524 3703 Benedictus
3549 3652 3611 3693 es
3633 3639 3881 3707 Deus,et.

2222 3723 2605 3780 benedictum
2620 3739 2842 3781 nomen
2859 3724 3061 3794 gloriae
3075 3726 3546 3785 tum.Benedicite
3559 3726 3878 3795 Dominum

2224 3812 2611 3879 omneselecti
2642 3813 2691 3883 ej
2704 3829 2801 3870 us:
2838 3814 2912 3869 sit
2930 3829 3140 3870 nomen
3163 3820 3441 3873 sanctum
3472 3815 3661 3886 ipsius
3688 3815 3878 3872 bene-

2224 3902 2447 3957 dictum
2477 3902 2537 3956 in
2568 3901 2771 3956 omnia
2797 3902 3016 3958 saecula
3042 3903 3409 3961 saeculorum.

2296 3990 2595 4046 Canticum
2631 3990 2976 4047 Benedictus
3007 4007 3069 4047 es
3101 3992 3369 4055 Domine.
3433 3992 3638 4060 Quare
3665 3995 3780 4063 fol.
3822 3998 3877 4050 6.

2298 4079 2520 4135 Oratio.
2554 4079 2800 4137 Domine
2828 4083 2980 4136 Deus
3009 4087 3247 4153 patrum
3265 4086 3605 4150 nostrorum
3635 4082 3883 4151 ;lauda-

2224 4166 2362 4222 bilis
2384 4168 2543 4223 enim
2573 4172 2630 4223 et
2656 4170 3126 4240 superexaltatus
3147 4171 3208 4227 in
3251 4171 3470 4227 saecula
3500 4176 3560 4231 tu
3592 4186 3655 4226 es
3674 4175 3881 4235 :Becte

2228 4270 2369 4325 ergo
2397 4260 2510 4311 tum
2527 4255 2729 4325 gloriae
2745 4272 2965 4312 nomen
2978 4257 3362 4316 benedicatur
3392 4260 3453 4315 in
3472 4264 3770 4325 aeternum
3793 4280 3807 4329 ;
3823 4266 3878 4318 et

2222 4343 2317 4399 vel
2346 4343 2405 4399 in
2440 4344 2675 4413 magnis
2705 4344 2799 4400 vel
2819 4344 2881 4401 in
2912 4346 3163 4403 modicis
3210 4352 3271 4405 tu
3302 4351 3619 4415 creator,tu
3672 4349 3877 4427 opifex

2223 4431 2706 4502 sapientissimus
2721 4432 3075 4490 declamaris
3093 4452 3103 4487 :
3123 4435 3256 4491 ideo
3273 4452 3655 4509 quaesumus;
3676 4443 3743 4493 ut
3773 4437 3877 4512 qui

2221 4523 2273 4576 te
2300 4519 2528 4575 orando
2540 4535 2649 4591 pro
2668 4520 3060 4579 universitatis
3075 4524 3410 4580 conditione
3434 4526 3757 4580 Dominum
3774 4525 3875 4581 be-

2218 4607 2571 4672 nedicimus,
2612 4608 2931 4666 benedictae
2959 4612 3284 4668 sanctitatis
3309 4612 3696 4669 illustratione
3710 4613 3871 4671 laete-

2218 4711 2372 4752 mur.
2407 4708 2469 4766 Βί.
2498 4700 2705 4753 Amen.

2291 4787 2397 4840 Per
2422 4784 2933 4844 lmisericordiam.

2290 4873 2467 4929 Sono.
2488 4874 2679 4931 Verba
2708 4891 2845 4931 mea
2873 4876 3118 4932 auribus
3146 4878 3383 4951 percipe
3414 4879 3684 4935 Domine.
3719 4878 3875 4935 Alia-

2220 4960 2363 5019 luia.
2399 4961 2459 5021 ἵ.
2486 4962 2748 5032 lntellige
2800 4963 3125 5021 clamorem
3168 4982 3373 5023 meum
3412 4984 3518 5024 rex
3587 4984 3788 5034 meus,
3823 4971 3883 5024 et

2222 5048 2375 5106 Deus
2406 5066 2596 5107 meus.
2632 5053 2927 5117 Quoniam
2958 5054 3036 5108 ad
3066 5059 3120 5110 te
3148 5055 3356 5111 orabo.
3394 5056 3658 5113 Alleluia.

2291 5139 2523 5195 Lauda.
2557 5140 2820 5196 Laudato
2850 5141 3172 5196 Dominum
3194 5143 3265 5197 de
3282 5143 3453 5199 leis
3480 5162 3492 5199 :
3519 5144 3886 5214 Alleluia,al-

2220 5224 2422 5282 leluia.
2455 5228 2720 5282 Laudate
2745 5244 2884 5285 eum
2923 5231 2983 5285 in
3010 5231 3277 5297 excelsis,
3307 5232 3560 5299 alleluia,
3619 5234 3886 5299 alleluia,

2222 5312 2481 5379 alleluia,
2502 5317 2539 5369 P
2558 5316 2781 5371 salmus
2803 5333 3021 5374 cxnvm.

2290 5401 2479 5455 Lectio
2509 5401 2645 5456 libri
2663 5402 3113 5465 Proverbiorum
3133 5408 3460 5467 Salomonis
3494 5410 3662 5480 (Cap.
3710 5414 3879 5477 xxv).

2292 5497 2353 5555 ἢν.
2378 5488 2495 5545 Deo
2516 5490 2755 5561 gratias.
