4102 6176
160 236 254 297 189
1082 238 1438 299 DOMINICA
1472 242 1499 301 Ι
1534 240 1716 300 POST
1753 242 1807 301 Ο(

1941 246 2097 316 VAM
2135 251 2563 317 ΒΡΙΡΗΑΜΙΕ.

222 362 422 421 Gloria
454 360 553 419 Dei
582 360 779 421 celare
798 362 1073 431 verbum,
1101 370 1157 424 et
1185 367 1377 437 gloria
1404 384 1616 443 regum
1643 370 1807 433 inve-
1836 371 1884 439 A

158 451 372 521 stigare
399 464 767 506 sermonem.
799 452 1025 509 Caelum
1055 470 1315 522 sursum,
1358 461 1414 513 et
1443 462 1601 514 terra
1630 460 1797 516 deor-

157 543 377 609 sum,et
404 554 509 596 cor
533 554 793 611 regnum
813 540 1219 600 inscrutabile.
1259 544 1436 602 Aufer
1460 546 1800 618 rubiginem

155 632 221 689 de
243 636 514 702 argento,
556 634 614 688 et
644 631 849 702 egredi
889 636 1018 689 etur
1040 650 1144 691 vas
1178 636 1585 708 purissimum.
1618 639 1799 696 Aufer

149 723 512 794 impietatem
542 719 619 775 de
650 720 821 776 vultu
860 722 1038 793 regis,
1091 726 1146 780 et
1198 724 1533 783 ﬁrmabitur
1569 728 1799 798 justitia

147 811 396 868 thronus
410 812 460 883 ej
469 812 643 865 us.Ne
656 809 960 880 gloriosus
975 828 1269 886 appareas
1280 831 1486 875 coram
1497 824 1718 887 rege,et
1733 818 1796 874 in

146 900 279 958 loco
300 903 723 972 magnatorum
739 914 816 955 ne
843 902 1088 957 steteris.
1112 903 1314 967 Melius
1334 909 1420 963 est
1448 906 1608 963 enim
1626 910 1690 971 ut
1710 905 1796 965 di-

150 994 243 1046 cat
270 989 407 1044 tibi:
434 988 707 1074 Ascepde
742 988 896 1055 huc;
928 1005 1114 1062 quam
1143 996 1208 1049 ut
1235 993 1565 1051 humilieris
1593 1010 1797 1053 coram

150 1079 432 1154 principe.
465 1079 609 1149 Quae
630 1077 894 1149 viderint
913 1080 1071 1137 oculi
1090 1081 1189 1147 tui,
1210 1098 1285 1139 ne
1303 1084 1570 1155 proferas
1596 1085 1688 1155 inj
1702 1099 1797 1140 ur-

148 1168 313 1238 gium
342 1167 461 1222 cito
490 1183 503 1221 :
533 1181 609 1222 ne
646 1169 857 1237 postea
876 1169 1200 1227 emendare
1229 1186 1353 1237 non
1380 1172 1619 1242 poteris,
1662 1187 1800 1230 cum

152 1255 636 1319 dehonestaveris
649 1255 913 1312 amicum
926 1260 1123 1317 tuum.
1157 1261 1411 1316 Causam
1429 1264 1595 1317 tuam
1616 1264 1802 1318 tracta

154 1361 299 1401 cum
325 1344 523 1401 amico
544 1347 657 1408 tuo,
675 1348 732 1401 et
746 1350 1042 1403 secretum
1064 1352 1346 1405 extraneo
1357 1364 1431 1405 ne
1446 1350 1670 1406 reveles
1692 1368 1707 1405 :
1726 1365 1801 1407 ne

155 1433 308 1489 forte
333 1432 572 1488 insultet
610 1432 710 1488 tibi
756 1449 896 1489 cum
937 1434 1211 1505 audierit,
1235 1441 1291 1493 et
1319 1438 1649 1510 exprobare
1678 1453 1801 1496 non

152 1524 364 1579 cesset.
393 1520 560 1579 Mala
595 1536 779 1578 aurea
808 1522 871 1579 in
888 1522 1053 1580 lectis
1081 1526 1394 1595 argenteis,
1421 1526 1803 1599 quiloquitur

152 1611 405 1667 verbum
446 1609 510 1667 in
540 1613 805 1684 tempore
820 1626 948 1667 suo.
982 1612 1212 1669 Inauris
1243 1629 1447 1681 aurea,
1478 1618 1535 1670 et
1566 1629 1803 1684 marga-

148 1700 259 1755 rita
287 1698 546 1767 fulgens,
581 1700 687 1770 qui
732 1699 929 1769 arguit
958 1701 1315 1772 sapientem,
1346 1707 1403 1758 et
1427 1718 1635 1759 aurem
1659 1703 1803 1760 obe-
1834 1720 1879 1779 Β

148 1788 429 1845 dientem.
461 1786 628 1844 Sicut
648 1786 836 1859 frigus
865 1788 985 1844 nivi
1011 1789 1073 1844 in
1093 1789 1187 1847 die
1205 1792 1438 1856 messis,
1461 1793 1542 1853 ita
1568 1791 1802 1862 legatus

147 1876 337 1933 ﬁdelis
381 1875 456 1941 ei,
510 1877 615 1947 qui
672 1876 840 1935 misit
881 1892 1040 1945 eum,
1081 1894 1220 1935 cum
1257 1880 1629 1953 requiescere
1667 1879 1807 1939 facit

144 1966 417 2021 animam
446 1963 631 2020 illius.
684 1976 745 2034 Bt.
778 1968 986 2021 Amen.

206 2054 515 2132 Hymnus.
532 2052 827 2124 Splendor
836 2058 1098 2126 paternis
1116 2054 1336 2125 gloriae.
1359 2055 1567 2121 Quaere
1576 2058 1688 2127 fol.
1714 2062 1801 2113 67.

203 2142 619 2217 supplicatio.
650 2143 901 2199 Oremus
944 2142 1402 2215 Redemptorem
1438 2144 1652 2207 mundi
1694 2146 1807 2205 Do-

145 2232 403 2287 minum.
437 2232 652 2299 Quaere
674 2233 791 2301 fol.
824 2236 910 2287 66.

212 2320 534 2393 Capitula.
557 2319 902 2389 Exultantes
931 2320 1152 2390 gaudio
1172 2335 1397 2391 magno
1436 2337 1545 2394 pro
1574 2322 1808 2380 redditu

148 2410 327 2466 nobis
361 2409 551 2483 hujus
583 2409 721 2473 diei,
746 2408 945 2467 lucem
970 2410 1070 2466 Dei
1093 2411 1278 2467 Patris
1307 2410 1729 2482 omnipotentis
1750 2416 1806 2479 et

149 2497 634 2573 misericordiam
651 2498 1061 2569 deprecemur,
1086 2503 1149 2556 ut
1168 2500 1327 2565 diem
1346 2501 1662 2565 Dominicaa
1692 2505 1806 2573 Ap-

148 2587 461 2659 paritionis
483 2586 828 2659 solemniter
847 2587 1281 2649 celebrantibus
1302 2604 1513 2661 pacem
1527 2589 1808 2661 tranquil~

148 2676 288 2751 lam,
328 2677 729 2750 lmtitiamque
753 2677 1072 2749 specialem
1105 2682 1369 2750 prestare
1404 2678 1679 2749 dignetur
1706 2694 1718 2734 :
1746 2681 1809 2737 ut

147 2782 180 2822 a
206 2766 415 2837 vigilia
426 2766 727 2822 matutina
747 2781 939 2838 usque
966 2766 1043 2822 ad
1063 2771 1301 2822 noctem
1323 2766 1650 2824 clementiae
1682 2783 1807 2823 suae

146 2855 349 2913 favore
379 2854 653 2929 protecti,
682 2854 1009 2921 exultantes
1038 2855 1099 2913 in
1129 2856 1383 2917 Domino
1408 2855 1800 2926 gaudeamus.

218 2944 341 3019 94
381 2947 555 3013 Pater
576 2948 796 3011 noster,
828 2944 1078 3001 Liberati
1101 2960 1137 3003 a
1157 2944 1343 3002 malo.
1379 2946 1490 3013 fol.
1521 2949 1574 3000 2.

2654 380 2949 452 Hymnus.

2161 467 2441 524 Altissimi
2479 469 2735 527 Verbum
2766 473 2973 537 Patris,

2086 554 2251 614 Alme
2281 558 2537 630 Jesuque
2567 560 2825 629 Virginis

2083 641 2184 699 Bis
2211 650 2413 703 nostro
2441 653 2619 705 natus
2649 649 2901 718 gaudio,

2084 734 2405 809 Carnisque
2436 737 2642 794 Factor
2658 740 2715 793 et
2751 753 2909 794 caro.

2151 821 2409 880 Decursa
2435 824 2648 882 transit
2666 826 2797 896 jam
2835 826 2984 893 dies,

2081 910 2311 969 Exaudi
2338 926 2545 983 preces
2567 914 2905 984 supplicum
2928 933 2942 984 ;

2083 996 2437 1071 Fovensque
2465 1000 2634 1061 lmtus
2662 1000 2899 1073 vesperi

2084 1086 2417 1144 Gloriosum
2440 1088 2646 1147 lumen
2667 1091 2922 1163 suscipe.

2156 1177 2276 1231 Hoc
2303 1176 2412 1232 soli
2441 1178 2520 1234 ad
2562 1178 2747 1237 ﬁnem
2777 1178 2886 1236 tibi

2090 1266 2405 1322 Incensum
2436 1282 2676 1324 sacrum
2705 1267 2924 1324 damus
2950 1283 2963 1324 :

2086 1351 2333 1410 leeste
2370 1358 2434 1410 ut
2466 1354 2683 1412 nostris
2721 1359 2891 1412 tuum

2084 1440 2313 1499 Lumen
2342 1442 2599 1499 tenebris
2626 1442 2875 1513 fulgeat.

2156 1531 2522 1602 Mentemque
2561 1531 2786 1589 fessam
2806 1532 2954 1589 dum
2995 1546 3177 1605 sopor

2087 1616 2280 1674 Noctis
2307 1623 2584 1690 paratam
2614 1619 2853 1689 detinet,

2090 1705 2354 1762 Obscura
2390 1707 2608 1764 cedant
2637 1709 2894 1777 somnia,

2090 1793 2420 1864 Pectusque
2449 1810 2668 1866 purum
2692 1794 2904 1852 luceat.

2195 1881 2460 1945 Quietem
2488 1882 2686 1939 nullus
2715 1882 2981 1954 corporis

2091 1969 2305 2040 Rapiat
2331 1969 2505 2027 dolus
2528 1970 2789 2031 lasciviae
2814 1989 2833 2041 ;

2093 2056 2215 2117 Sed
2234 2062 2288 2115 te
2320 2060 2472 2114 Deus
2492 2073 2664 2116 mens
2695 2062 2886 2123 sonet,

2092 2148 2308 2201 Tecum
2332 2161 2435 2202 cor
2453 2146 2640 2203 altum
2667 2147 2891 2217 vigilet.

2179 2234 2434 2290 Vocibus
2459 2235 2638 2291 simul
2657 2252 2789 2292 cum
2813 2235 3094 2294 cordibus

2091 2322 2338 2389 Christo,
2370 2323 2661 2396 Patrique,
2694 2324 2935 2397 Spiritui

2090 2412 2391 2482 Hymnum
2412 2417 2693 2473 sonantes
2712 2414 2773 2471 in
2798 2414 2981 2470 choro

2086 2499 2231 2559 Mela
2254 2515 2544 2559 canamus
2576 2501 2889 2573 perpetim.

2162 2592 2369 2642 Amen.

1984 2675 2377 2744 Supplicatio.
2401 2678 2651 2731 Oremus
2680 2675 2850 2748 pium
2865 2681 2920 2731 et
2940 2672 3561 2739 exaudibilemDomi-

1913 2778 2061 2819 num
2077 2766 2349 2818 nostrum
2362 2765 2562 2827 Jesum
2580 2762 2893 2829 Christum,
2913 2776 3053 2815 cum
3084 2760 3561 2831 omnisupplica-

1912 2852 2071 2909 tione
2091 2866 2372 2921 rogemus
2395 2849 2669 2917 ;utnobis
2687 2848 2939 2905 salutem
2962 2846 3176 2902 animae
3195 2850 3251 2901 et
3268 2847 3534 2917 corporis
3547 2887 3561 2913 ,

1912 2940 2397 2999 etremissionem
2420 2941 2893 3012 peccatorum,et
2913 2951 3124 3010 pacem
3146 2934 3438 3006 propitius
3468 2933 3568 2990 tri-

214 3036 451 3090 Lauda.
483 3036 725 3089 Cantate
757 3034 1007 3089 Domino
1050 3034 1348 3123 canticum
1378 3049 1625 3090 novum.
1657 3035 1803 3093 Alle-
1844 3067 1883 3123 ρ
1911 3033 2094 3090 buere
2115 3031 2412 3101 dignetur.
2432 3041 2494 3100 Βι.
2517 3032 2956 3123 Praestaaeterne
2997 3026 3378 3097 omnipotens
3409 3027 3562 3123 Deus

145 3123 287 3191 luia,
311 3123 585 3181 alleluia.
625 3123 687 3183 ἵ.
716 3124 871 3180 Laus
901 3126 1033 3194 ejus
1061 3123 1122 3181 in
1150 3122 1408 3189 Ecclesia
1437 3127 1801 3185 sanctorum.

146 3213 212 3269 P.
264 3212 539 3282 Alleluia,
586 3212 848 3281 alleluia.
898 3212 959 3273 ﬁt.
1011 3212 1224 3283 Gloria,
1262 3216 1318 3273 et
1366 3212 1560 3271 honor
1584 3216 1695 3271 etc.
1724 3214 1796 3270 P.

149 3301 420 3371 Alleluia,
457 3300 717 3357 alleluia.

218 3409 455 3465 Oratio.
486 3408 636 3477 Tibi,
654 3407 927 3464 Domine.
950 3408 1013 3463 in
1033 3407 1643 3464 Ecclesiasanctorum
1674 3421 1811 3464 can-

150 3504 355 3554 tamus
383 3516 397 3552 :
426 3497 653 3569 tibique
701 3496 954 3569 gratiam
983 3512 1436 3569 praeconamus:
1487 3496 1679 3553 tribue
1702 3511 1813 3553 no-

149 3585 271 3652 bis,
293 3585 513 3642 laudes
557 3590 687 3641 tuas
714 3600 990 3656 promere
1028 3603 1041 3652 ;
1073 3585 1134 3640 in
1160 3600 1282 3656 quo
1304 3588 1669 3641 coaeternum
1700 3600 1812 3640 nos

149 3676 464 3735 credimus
494 3675 819 3748 praemium
850 3674 1133 3731 obtinere.
1162 3686 1224 3744 ἢ.
1265 3676 1472 3730 Amen.

227 3768 338 3820 Per
373 3764 877 3821 misericordiam.

222 3872 498 3928 Exeunte
541 3886 781 3936 vespera
832 3870 1058 3926 Lauda.
1114 3871 1313 3941 Usque
1361 3867 1439 3924 ad
1495 3882 1815 3939 vesperum

145 3976 341 4033 quam
377 3959 775 4029 magniﬁcata
825 3962 962 4013 sunt
1016 3972 1201 4029 opera
1229 3961 1351 4022 tua,
1399 3955 1673 4026 Domine,
1706 3958 1814 4011 Do-

143 4050 360 4106 minus
383 4049 462 4104 sit
484 4063 724 4120 semper
747 4046 1082 4103 vobiscum.
1108 4057 1172 4115 Βρ.
1214 4048 1281 4100 Et
1320 4060 1481 4100 cum.

218 4152 597 4222 Antiphone.
630 4155 837 4209 Cantet
874 4152 979 4207 tibi
1008 4151 1198 4224 gloria
1227 4165 1382 4215 mea,
1418 4153 1475 4205 et
1504 4162 1624 4205 non
1657 4164 1814 4204 com-

142 4256 421 4316 pungar.
454 4243 529 4297 P.
562 4242 807 4298 Domine
836 4242 989 4296 Deus
1012 4256 1183 4295 meus
1212 4239 1272 4295 in
1304 4243 1595 4295 aeternum
1626 4236 1815 4294 conﬁ-

142 4331 331 4389 tebor
360 4329 489 4387 tibi.
518 4330 573 4389 i’.
603 4332 735 4386 Haec
760 4329 921 4387 facta
942 4334 1033 4385 est
1063 4328 1208 4384 mihi
1232 4347 1244 4381 :
1270 4328 1414 4401 quia
1437 4326 1814 4399 justiﬁcatio-

142 4437 260 4478 nes
309 4425 449 4476 tuas
497 4418 817 4491 exquisivi.
859 4419 925 4472 P.
982 4418 1229 4473 Domine
1271 4418 1425 4473 Deus
1488 4431 1683 4471 meus.
1750 4416 1794 4475 ἲν

148 4510 376 4578 Gloria,
422 4513 477 4563 et
516 4507 729 4563 honor.
766 4508 835 4562 P.
884 4507 1130 4562 Domine
1174 4508 1349 4573 Deus,
1407 4504 1694 4561 Dominus
1741 4503 1819 4560 sit

150 4614 404 4671 semper
423 4596 769 4653 vobiscum.
798 4607 866 4665 ἢν.
906 4597 972 4650 Et
992 4611 1156 4650 cum.

223 4705 598 4775 Antz'phona.
643 4701 903 4758 Elevatio
933 4716 1225 4756 manuum
1271 4714 1543 4756 mearum
1588 4696 1814 4753 sacriﬁ-

1989 3121 2295 3191 Capitula.
2325 3118 2712 3190 Omnipotens
2759 3116 3118 3189 sempiterna
3163 3117 3336 3181 Deus,
3390 3115 3561 3186 cujus

1915 3212 2211 3283 prmcepto
2240 3207 2331 3264 sol
2358 3206 2585 3263 illustra
2614 3206 2795 3275 diem,
2821 3205 2967 3261 luna
2987 3203 3273 3260 clariﬁcat
3300 3206 3557 3270 noctem,

1915 3297 2267 3372 vespertinis
2306 3295 2587 3352 laudibus
2610 3310 2735 3350 non
2773 3294 3089 3362 dignanter
3126 3288 3382 3345 exaudi:
3413 3293 3479 3342 ut
3508 3290 3564 3342 et

1918 3387 2221 3460 placidum
2252 3383 2723 3457 supervenientis
2744 3382 3002 3453 spatium
3033 3390 3314 3449 peragere
3340 3388 3563 3428 merea-

1919 3493 2071 3543 mur,
2110 3479 2165 3532 et
2190 3478 2488 3532 transacto
2519 3470 2894 3529 tenebrarum
2910 3481 3107 3530 cursu,
3130 3460 3435 3517 matutinis
3455 3474 3565 3514 nos

1919 3566 2133 3622 iterum
2158 3562 2459 3619 sacriﬁciis
2490 3563 2651 3631 apta,
2684 3572 2757 3611 ne
2787 3554 2975 3610 ullam
3005 3550 3408 3608 offensionum
3437 3562 3566 3603 ma-

1923 3654 2112 3709 culam
2139 3652 2266 3706 dies
2294 3650 2678 3719 repraesentet
2706 3642 2992 3699 exoriens.

1994 3745 2163 3797 Pater
2200 3741 2418 3792 noster.
2445 3731 2695 3789 Liberati
2723 3736 2759 3787 a
2799 3731 2976 3786 malo.
3000 3729 3113 3800 fol.
3153 3731 3212 3785 2.
3248 3723 3559 3782 Humiliate

1922 3846 2031 3887 vos
2067 3822 2488 3884 benedictioni.
2516 3821 2797 3878 Dominus
2838 3819 2910 3876 sit
2959 3832 3201 3890 vemper
3226 3815 3560 3872 vobiscum.

1925 3932 1991 3991 Βτ.
2022 3920 2265 3974 Etcum.

1994 4003 2344 4063 Benedictio.
2378 3998 2695 4056 Benedicat
2718 3996 3096 4069 omnipotens
3118 3991 3405 4050 Dominus
3421 4005 3571 4063 prte-

1925 4098 2152 4152 sentem
2178 4090 2487 4155 familiam,
2520 4088 2624 4162 qui
2648 4087 2851 4145 Crucis
2878 4083 3134 4158 portavit
3161 4080 3462 4153 injuriam.
3496 4090 3562 4149 Bg.

1924 4188 2131 4240 Amen.
2166 4185 2291 4253 [pse
2312 4196 2421 4235 nos
2454 4178 2743 4251 perducat
2770 4175 2999 4231 caeleste
3024 4173 3086 4228 in
3134 4185 3409 4241 regnum,
3464 4165 3571 4245 qui

1924 4269 2208 4344 pependit
2235 4268 2298 4325 in
2326 4267 2508 4336 ligno.
2541 4277 2604 4336 ne.
2629 4268 2836 4319 Amen.
2870 4264 2999 4333 Ipse
3022 4258 3100 4317 ad
3125 4258 3433 4315 dexteram
3466 4258 3565 4344 Pa-

1926 4342 2026 4416 tris
2052 4373 2173 4414 non
2198 4356 2484 4425 conlocet,
2510 4353 2615 4427 qui
2639 4367 2823 4409 causa
2849 4350 3025 4407 nobis
3050 4349 3242 4406 factus
3272 4351 3359 4403 est
3376 4342 3564 4417 pacis.

1927 4461 1993 4520 13;.
2031 4450 2241 4502 Amen.

1996 4538 2101 4593 Per
2134 4530 2604 4590 misericordiam
2643 4528 2856 4601 ipsius.

1995 4624 2228 4682 Lauda.
2255 4620 2584 4680 Cantabiles
2614 4622 2781 4674 erant
2809 4614 2969 4679 mihi,
3003 4612 3272 4669 Domine.
3301 4611 3361 4664 P.
3392 4605 3571 4662 Justi-

1924 4714 2230 4769 ﬁcationes
2266 4716 2401 4767 tuae.
2444 4706 2711 4773 Alleluia,
2740 4703 2999 4767 alleluia,
3029 4701 3287 4758 alleluia.
3310 4699 3377 4758 ἲν.
3432 4694 3567 4749 Haec

146 4794 311 4850 Cium
340 4790 786 4864 vesPermmm-
818 4790 886 4850 Ψ·
923 4789 1221 4860 Πίτίϐδείιιΐ
1252 4789 1442 4844 oratio
1474 4802 1629 4850 mea»
1663 4786 1817 4842 Sicut
1925 4802 2080 4858 facta
2108 4806 2195 4857 est
2214 4800 2394 4856 mihi:
2438 4797 2581 4869 quia
2612 4793 3064 4865 justiﬁcationes
3092 4796 3226 4846 tuas
3258 4782 3573 4855 exquisivi,

144 4883 468 4938 incensum
514 4880 576 4936 in
607 4882 931 4950 conspectu
987 4882 1118 4935 tuo.
1156 4877 1228 4933 P.
1266 4876 1552 4931 Elevatio.
1586 4874 1645 4935 ir.
1682 4873 1813 4930 Glo-

142 4972 254 5037 ria,
275 4978 331 5027 et
362 4972 585 5034 honor,
629 4972 748 5024 etc.
790 4968 860 5023 P.
898 4966 1184 5023 Elevatio.
1220 4964 1511 5022 Dominus
1556 4964 1629 5020 sit
1658 4978 1813 5019 sem-

139 5075 252 5131 per
276 5061 624 5117 vobiscum.
659 5068 724 5127 Βτ.
764 5059 829 5112 Et
860 5072 1021 5111 cum.

224 5169 448 5224 Lauda.
482 5165 750 5223 Laudate
772 5163 937 5235 pueri
960 5161 1281 5219 Dominum
1298 5177 1310 5216 :
1329 5158 1577 5216 laudate
1589 5172 1811 5215 nomen

144 5258 405 5314 Domini.
427 5254 704 5313 Alleluia.
722 5252 1118 5309 P.Sitnomen
1147 5249 1380 5306 Domini
1409 5247 1809 5304 benedictum.

142 5345 414 5411 Alleluia,
460 5342 726 5401 alleluia.
758 5340 818 5399 ν.
859 5344 906 5396 Α
955 5339 1094 5396 solis
1120 5343 1250 5407 ortu
1296 5352 1487 5409 usque
1534 5335 1614 5392 ad
1644 5350 1812 5391 occa-

148 5452 309 5499 sum,
339 5432 654 5492 laudabile
684 5445 906 5486 nomen
934 5428 1187 5487 Domini.
1239 5429 1310 5483 P.
1348 5427 1429 5484 Sit
1458 5440 1681 5482 nomen
1707 5426 1818 5480 Do-

157 5526 325 5583 mini.
348 5526 412 5585 v.
455 5522 683 5585 Gloria,
705 5525 763 5577 et
791 5519 1002 5589 honor,
1026 5522 1134 5581 etc.
1156 5517 1221 5573 P.
1257 5516 1341 5597 Sit
1368 5529 1618 5587 nomen.

1924 4891 1996 4945 P.
2029 4888 2503 4945 Justiﬁcationes.
2536 4884 2599 4944 ν.
2621 4882 2833 4948 Gloria,
2865 4885 2922 4937 et
2945 4881 3157 4945 honor,
3189 4879 3301 4931 etc.
3350 4871 3416 4929 P.
3445 4874 3581 4930 lus-

1926 4977 2296 5034 tiﬁcationes.

2000 5068 2230 5123 Oratio.
2272 5062 2538 5122 Concede
2578 5059 2774 5123 nobis,
2826 5056 3098 5127 Domine,
3150 5053 3227 5111 ob
3280 5066 3571 5111 amorem.

1929 5156 2202 5220 Qua’rere
2232 5154 2400 5223 infra
2447 5153 2511 5207 in
2539 5150 2663 5206 istis
2710 5145 3045 5206 Matutim's.
3094 5149 3157 5203 ln
3198 5144 3441 5201 nomine
3468 5141 3581 5191 Do-

1927 5244 2074 5301 mini
2107 5241 2322 5315 nostri.
3422 5313 3428 5317 ι
3452 5308 3461 5317 ο

1999 5332 2134 5387 Istis
2151 5330 2423 5397 peractis,
2445 5328 2553 5397 ﬁat
2587 5324 3074 5385 Commemm-atio
3095 5321 3166 5375 de
3192 5313 3571 5401 Devotatiotle

1928 5396 2222 5488 Ecclesia,
2251 5424 2303 5472 et
2330 5418 2590 5474 aliarum
2610 5416 3017 5485 festz‘vitatum,
3043 5416 3293 5476 quarum
3318 5396 3573 5452 devotio-

1932 5526 2061 5587 nem
2095 5506 2301 5579 habes.
