4102 6176
495 266 589 323 191
1745 244 2195 303 BREVIARIUM
2233 244 2623 303 GOTHICUM.

1083 390 1235 431 FERIA
1274 388 1537 429 SECUNDA.

1060 465 1158 521 Ad
1186 462 1564 520 Matutinum.

562 555 1197 629 Antiphona.Miserere
1212 551 1327 607 mei
1341 552 1492 606 Deus
1507 548 1840 605 secundum
1856 561 2131 618 magnam

491 646 955 707 misericordiam
986 648 1161 699 tuam.
1191 641 1468 697 Psalmus
1499 654 1548 693 L.
1579 639 1915 694 Reiteretur
1966 636 2133 691 Anti-

490 738 711 809 phona‘.
740 735 1021 791 Miserere.

565 824 785 881 Oratio.
818 822 1081 878 Miserere
1120 817 1296 875 nobis
1335 816 1583 873 Domine
1641 815 1973 871 secundum
2011 828 2135 869 ma-

493 929 675 985 gnam
710 908 1175 966 misericordiam
1206 910 1405 962 tuam:
1438 909 1495 961 et
1521 903 1680 960 unde
1706 919 1816 959 nos
1845 902 2137 959 erubesci-

492 1018 651 1068 mus,
674 1004 737 1054 tu
762 997 1102 1065 indulgeas:
1149 998 1205 1050 et
1229 1010 1318 1059 ea,
1342 1008 1477 1065 quae
1509 991 1708 1062 egisse
1738 1006 1849 1048 nos
1869 990 2133 1063 paenitet,

494 1094 558 1147 tu
588 1089 902 1143 clementer
930 1084 1228 1153 ignoscas.
1259 1093 1321 1149 Β).
1356 1083 1570 1136 Amen.

564 1176 668 1229 Per
704 1170 1177 1227 misericordiam
1207 1172 1391 1225 tuam.

562 1260 907 1329 Antiphona
939 1263 984 1313 l.
1016 1258 1230 1314 Beatus
1245 1258 1354 1323 vir,
1372 1257 1477 1329 qui
1495 1271 1617 1313 non
1638 1255 1861 1313 abiitin
1887 1254 2139 1311 consilio

492 1348 836 1421 impiorum,
881 1350 936 1401 et
962 1346 1022 1401 in
1067 1346 1162 1401 via
1212 1349 1597 1417 peccatorum
1634 1360 1757 1401 non
1799 1345 1971 1399 stetit.
2019 1344 2135 1415 95

494 1438 764 1493 Psalmus
793 1451 829 1490 1.
874 1434 1091 1495 Gloria,
1133 1438 1189 1489 et
1215 1434 1407 1489 honor
1436 1433 1607 1498 Patri,
1641 1436 1748 1488 etc.
1809 1433 2140 1489 Reiteretur

495 1524 865 1592 Antiphona.
900 1522 1113 1577 Beatus
1154 1520 1263 1586 vir,
1291 1522 1421 1593 qui.

565 1612 783 1669 Oratio.
818 1610 1085 1667 Concede
1115 1609 1308 1674 nobis,
1328 1609 1592 1678 Domine,
1620 1610 1700 1665 ob
1718 1624 1987 1665 amorem
2010 1608 2140 1664 bea-

3784 248 3886 304 192

2164 369 2213 423 Α
2240 367 2366 436 tibi,
2398 372 2414 388 '
2445 372 2501 424 et
2529 366 2933 438 magniﬁcabo
2961 377 3183 422 nomen
3207 366 3400 431 tuum,
3434 364 3667 438 erisque
3706 365 3887 425 bene-

2242 457 2461 513 dictus.

2312 546 2665 602 Benedicam
2707 542 3194 600 benedicentibus
3243 540 3371 609 tibi,
3426 544 3483 597 et
3528 542 3889 601 maledicam

2242 634 2724 691 maledicentibus
2744 633 2868 697 tibi,
2903 635 2917 649 '
2948 638 3125 704 atque
3154 629 3215 686 in
3240 635 3297 687 te
3317 630 3741 689 benedicentur
3765 635 3894 689 uni-

2246 739 2431 780 versae
2462 723 2846 793 cognationes
2868 725 3063 777 terrae.

2316 815 2464 868 Leva
2494 810 2701 868 oculos
2739 815 2893 875 tuos,
2924 814 2981 865 et
3004 807 3137 864 vide
3186 823 3221 864 a
3252 807 3404 871 loco,
3435 810 3449 825 '
3474 807 3537 864 in
3562 825 3685 881 quo
3728 825 3891 867 nunc

2245 916 2328 969 es,
2354 900 2433 957 ad
2461 899 2803 972 aquilonem
2830 900 2887 954 et
2907 896 3240 964 meridiem,
3284 896 3363 954 ad
3392 896 3683 954 orientem
3712 901 3768 955 et
3797 914 3891 956 oc-

2249 989 2561 1045 cidentem.
3463 1032 3477 1047 ,

2320 1079 2568 1133 Omnem
2602 1080 2841 1140 terram,
2898 1090 3084 1147 quam
3126 1073 3439 1146 conspicis,
3466 1076 3482 1091 ‘
3513 1074 3619 1131 tibi
3646 1074 3810 1133 dabo
3840 1081 3897 1134 et

2250 1166 2448 1221 semini
2481 1170 2582 1221 tuo
2611 1165 2672 1220 in
2695 1164 3147 1236 sempiternum.

2320 1254 2667 1310 Benedicam
2701 1252 2853 1309 enim
2878 1252 3063 1322 vobis,
3090 1253 3105 1268 '
3136 1254 3191 1307 et
3214 1250 3619 1323 multiplicabo
3674 1268 3785 1309 vos
3822 1254 3893 1309 si-

2247 1348 2346 1400 cut
2374 1342 2570 1400 stellas
2600 1341 2753 1411 cceli,
2785 1345 2841 1397 et
2863 1340 3022 1397 velut
3045 1354 3311 1406 arenam,
3331 1355 3468 1412 qua:
3499 1343 3587 1397 est
3614 1341 3676 1397 in
3700 1340 3893 1400 littore

2249 1433 2427 1490 maris
2452 1449 2465 1497 ;

2319 1519 2652 1577 Possidebit
2689 1534 2892 1574 semen
2912 1522 3082 1574 tuum
3112 1519 3314 1589 portas
3356 1516 3733 1574 inimicorum
3764 1522 3898 1576 tuo-

2246 1625 2402 1681 rum,
2436 1612 2451 1627 ’
2469 1612 2524 1665 et
2545 1608 2968 1665 benedicentur
2986 1606 3049 1661 in
3065 1604 3294 1662 semine
3316 1610 3419 1663 tuo
3444 1621 3653 1663 omnes
3684 1610 3895 1678 gentes

494 1699 762 1756 titudinis
792 1698 1040 1754 concilia
1068 1697 1367 1753 declinare
1393 1697 1720 1770 iniquitatis
1747 1715 1761 1762 ;
1793 1696 2138 1753 cathedram
2173 1716 2218 1770 Β
2251 1702 2436 1755 terrae.

494 1789 695 1858 itaque
732 1786 1077 1858 pestilentiae
1104 1784 1311 1858 procul
1338 1802 1373 1842 a
1402 1785 1577 1841 nobis
1607 1800 1847 1857 sepone,
1875 1789 1939 1840 ut
1965 1784 2141 1856 pesti-

495 1876 634 1931 feras
672 1874 955 1930 doctrina:
1016 1873 1183 1930 tabes
1222 1889 1344 1930 non
1393 1874 1698 1930 adhaereat
1749 1872 2139 1930 conviventiaa

495 1966 712 2019 nostra:
743 1981 755 2030 ;
780 1962 885 2018 sed
897 1962 1259 2019 voluntatem
1276 1967 1547 2019 nostram
1561 1977 1598 2018 a
1611 1962 1850 2018 malitiae
1874 1960 2141 2017 sessione

496 2056 561 2107 tu
596 2053 866 2106 remove:
908 2054 964 2106 et
985 2050 1366 2107 meditatione
1409 2051 1556 2121 legis
1594 2054 1697 2107 tua
1734 2050 1863 2121 jugi
1903 2064 2014 2105 nos
2041 2048 2139 2105 tibi

498 2154 702 2195 amore
730 2139 861 2209 conj
874 2154 1047 2208 unge.
1072 2150 1136 2207 Bg.
1170 2142 1376 2194 Amen.

572 2228 677 2281 Per
706 2226 1179 2283 misericordiam
1209 2232 1393 2283 tuam.

568 2314 914 2385 Antiphona
935 2320 988 2370 2.
1021 2318 1186 2370 Nunc
1230 2330 1398 2386 reges
1445 2314 1789 2385 intelligite:
1821 2312 2143 2372 erudimini

499 2418 708 2459 omnes
740 2402 1137 2475 quijudicatis
1166 2408 1401 2459 terram.
1454 2404 1669 2460 Servite
1710 2402 1962 2459 Domino
1986 2402 2048 2457 in
2075 2402 2143 2457 ti-

499 2508 687 2549 more.
719 2494 995 2549 Psalmus
1023 2509 1079 2548 ιι.
1121 2493 1450 2549 Reiteretur
1478 2492 1842 2561 Antiphona.
1876 2490 2038 2546 Nunc
2060 2505 2146 2545 re-

503 2596 627 2651 ges.

576 2688 801 2743 Oratio.
833 2686 1160 2742 Servientes
1191 2685 1297 2741 tibi
1323 2685 1569 2741 Domine
1597 2685 1659 2741 in
1680 2686 1892 2741 timore
1922 2683 2001 2740 ob
2027 2698 2147 2738 me-

503 2778 619 2829 tum
631 2774 651 2843 j
664 2773 1194 2839 udicii,exultantes
1206 2790 1333 2828 cum
1352 2778 1594 2830 tremore
1611 2773 1691 2829 ob
1706 2772 1981 2829 ﬁduciam
1996 2771 2145 2843 spei,

499 2860 647 2917 doce
659 2876 769 2916 nos
795 2861 1238 2933 apprehendere
1254 2862 1650 2933 disciplinam,
1679 2877 1801 2934 qua
1809 2862 2145 2932 judicantes

498 2952 718 3004 terram
735 2951 999 3020 corporis
1016 2950 1437 3015 nostri,veteris
1450 2950 1710 3005 hominis
1740 2948 1991 3018 ﬁgulum
2008 2964 2146 3004 con-

498 3034 865 3103 fringamus;
907 3040 963 3091 et
993 3037 1295 3092 exterioris
1326 3042 1491 3092 terrae
1532 3042 1930 3108 purgamenta
1961 3036 2146 3093 calce-
2184 3059 2224 3116 ρ

497 3138 623 3176 mus
640 3139 730 3178 :ac
746 3124 1071 3179 secundum
1094 3124 1350 3180 Caelestis
1363 3125 1679 3197 imaginem
1693 3126 1950 3180 Hominis
1962 3126 2142 3181 refor-

498 3211 727 3277 mati,in
743 3212 1131 3267 hereditatem
1146 3218 1308 3268 tuam
1329 3212 1609 3269 servitute
1625 3213 1918 3280 humili,et
1932 3214 1993 3268 in
2010 3229 2145 3286 pos-

497 3300 794 3356 sesionem
812 3304 979 3355 tuam
1001 3300 1160 3356 cultu
1174 3301 1401 3373 perpeti
1426 3301 2143 3371 transferamurJtrAmen

564 3389 670 3444 Per
693 3388 1169 3444 misericordiam
1202 3392 1393 3444 tuam.

565 3494 914 3562 Antiphona
944 3498 994 3549 3.
1028 3492 1362 3549 Sacriﬁcate
1394 3494 1756 3550 sacriﬁcium
1795 3494 2063 3566 justitiaa,
2089 3499 2144 3551 et

497 3585 729 3651 sperate
760 3580 821 3634 in
855 3582 1126 3637 Domino.
1156 3582 1442 3639 Psalmus
1473 3597 1553 3638 ιν.

570 3685 794 3741 Oratio.
816 3685 1196 3758 Domine,qui
1217 3687 1883 3760 semperinvocantibus
1903 3687 2069 3757 ades,
2089 3689 2146 3742 et

494 3774 557 3829 in
578 3772 955 3829 tribulatione
986 3775 1318 3831 constitutis
1342 3792 1523 3849 opem
1553 3777 1705 3833 terre
1726 3776 2143 3833 misericordiae

492 3860 801 3918 delectaris
826 3880 837 3919 :
867 3861 1047 3929 dona,
1072 3867 1137 3918 ut
1159 3862 1426 3920 odientes
1455 3864 1656 3921 saeculi
1684 3865 2038 3935 vanitatem,
2061 3880 2147 3920 re-

490 3950 873 4022 futantesque
906 3950 1309 4017 mendacium,
1344 3952 1641 4009 Christum
1673 3958 1839 4009 tuum
1872 3952 2079 4026 (quem
2108 3969 2145 4009 a

494 4044 549 4095 te
578 4038 1033 4109 magniﬁcatum
1066 4039 1470 4111 agnoscimus)
1517 4046 1791 4098 nostrum
1816 4058 1944 4097 esse
1978 4058 2141 4097 sum-

493 4142 663 4182 mum
689 4130 1096 4199 aeternumque
1108 4128 1425 4199 praemium
1448 4129 1914 4199 gaudeamusﬁ.
1935 4134 2145 4188 Amen.

563 4216 668 4271 Per
696 4216 1165 4272 misericordiam
1197 4220 1389 4273 tuam.

562 4316 625 4373 Bt.
658 4304 746 4359 Ad
775 4308 847 4371 te,
891 4305 1156 4369 Domine,
1198 4305 1390 4361 levavi
1421 4306 1689 4363 animam
1721 4323 1942 4365 meam.
1981 4308 2047 4363 P.
2078 4310 2143 4363 In

492 4396 547 4449 te
588 4391 825 4448 conﬁdo
848 4396 1000 4449 Deus
1029 4409 1219 4461 meus,
1244 4410 1366 4450 non
1388 4395 1761 4453 erubescam.
1780 4396 1842 4457 ἵ.
1873 4396 2015 4453 Vide
2034 4396 2144 4452 hu-
2182 4404 2224 4457 D

489 4481 801 4538 militatem
814 4488 1097 4551 meam,et
1116 4482 1387 4539 laborem
1407 4499 1644 4540 meum:
1665 4488 1722 4541 et
1750 4484 1980 4541 dimitte
1999 4484 2149 4548 mihi

491 4570 696 4626 omnia
742 4578 985 4642 peccata
1036 4586 1196 4628 mea.
1243 4572 1312 4629 P.
1354 4575 1417 4627 ln
1449 4577 1504 4629 te
1536 4572 1797 4629 conﬁdo.
1829 4572 1893 4632 ir.
1926 4571 2145 4641 Gloria,

489 4661 546 4714 et
572 4658 784 4714 honor.
813 4660 1149 4716 Reiteretur
1178 4660 1235 4715 P.
1274 4660 1358 4716 Ad
1392 4664 1448 4717 te
1490 4661 1756 4717 Domine.

567 4751 627 4802 ln
656 4747 977 4804 Laudibus.

558 4854 654 4908 Ad
676 4856 1012 4913 Canticum.
1040 4856 1422 4925 Antiphona.
1476 4856 1836 4913 Benedicam
1862 4856 2021 4911 enim
2050 4871 2149 4911 vo-

488 4939 599 5039 bis,
628 4946 684 4997 et
723 4943 1127 5016 multiplicabo
1147 4960 1255 5001 vos
1280 4946 1433 5002 sicut
1468 4944 1667 5002 stellas
1682 4944 1836 5013 coeli,
1868 4943 2012 5000 dicit
2039 4947 2151 5000 Do-

487 5046 711 5088 minus.

692 5137 996 5196 Canticum
1024 5140 1261 5197 Genesis
1280 5140 1440 5210 (Cap.
1472 5155 1572 5208 xu,
1605 5156 1727 5207 xm,
1758 5151 1897 5211 xvu)
1921 5181 1933 5193 .

552 5246 836 5316 Egredere
862 5247 936 5302 de
962 5252 1111 5303 terre
1135 5249 1330 5309 tua,et
1351 5244 1426 5299 de
1456 5246 1813 5315 cognatione
1834 5252 1956 5310 tua,
1998 5249 2055 5302 et
2078 5245 2152 5301 de

482 5336 665 5392 domo
694 5337 877 5409 patris
907 5335 1009 5401 tui,
1037 5337 1051 5351 '
1082 5337 1139 5388 et
1174 5332 1309 5388 veni
1340 5333 1399 5388 in
1450 5337 1670 5390 terram
1718 5351 1903 5407 quam
1935 5350 2110 5391 mons
2133 5363 2155 5373 -

482 5428 714 5480 travero
751 5424 877 5480 tibi.

554 5511 910 5584 Faciamque
935 5516 989 5569 te
1026 5513 1086 5569 in
1108 5514 1347 5582 gentem
1369 5524 1678 5583 magnam,
1693 5516 1749 5570 et
1765 5510 2138 5585 .benedicam

2320 1790 2441 1856 Ego
2468 1785 2766 1855 Dominus,
2803 1784 2909 1857 qui
2935 1782 3114 1840 eduxi
3140 1786 3194 1839 te
3228 1782 3303 1839 de
3333 1785 3410 1839 Ur
3438 1782 3883 1851 Chaldaeorum,

2249 1890 2360 1947 ego
2390 1878 2541 1931 Deus
2564 1873 2976 1945 omnipotens:
3010 1874 3025 1889 '
3045 1870 3283 1928 ambula
3312 1886 3515 1929 coram
3542 1888 3662 1942 me,
3694 1877 3751 1931 et
3769 1877 3895 1931 esto

2249 1963 2564 2035 perfectus.

2320 2050 2669 2122 Ponamque
2696 2049 2891 2105 fcedus
2915 2063 3085 2105 meus
3105 2049 3257 2106 inter
3283 2064 3381 2105 me
3409 2052 3468 2106 et
3503 2054 3579 2115 te,
3612 2051 3634 2071 '
3658 2053 3717 2107 et
3745 2050 3901 2106 mul-

2251 2140 2530 2213 tiplicabo
2552 2142 2606 2195 te
2624 2138 3007 2194 vehementer
3023 2137 3218 2195 nimis.
3244 2140 3365 2212 Ego
3388 2154 3546 2203 sum,
3574 2142 3631 2195 et
3647 2142 3897 2212 pactum

2252 2244 2455 2286 meum
2482 2232 2697 2293 tecum,

2324 2317 2568 2389 Erisque
2595 2319 2763 2389 pater
2787 2315 3113 2372 multarum
3136 2315 3423 2385 gentium.
3458 2317 3478 2339 ⁶
3500 2317 3568 2371 Et
3586 2330 3815 2388 ponam
3842 2320 3897 2371 te

2252 2407 2312 2463 in
2331 2405 2625 2477 gentibus,
2652 2420 2940 2476 regesque
2971 2419 3043 2460 ex
3060 2409 3116 2461 te
3136 2404 3533 2474 egredientur.

2326 2498 2390 2551 Et
2408 2498 2666 2551 statuam
2688 2499 2929 2565 pactum
2947 2509 3149 2549 meum
3179 2494 3332 2549 inter
3358 2507 3455 2548 me
3482 2496 3537 2549 et
3562 2496 3638 2563 te,
3665 2495 3723 2549 et
3746 2492 3902 2550 inter

2256 2597 2459 2640 semen
2478 2591 2645 2638 tuum
2670 2586 2805 2654 post
2828 2586 2882 2638 te
2909 2583 2969 2638 in
2995 2581 3468 2653 generationibus
3501 2581 3643 2647 suis,
3671 2580 3898 2638 {uadere

2256 2672 2649 2744 sempiterno:
2684 2672 2701 2692 ‘
2725 2674 2789 2727 ut
2809 2670 2923 2726 sim
2946 2671 3230 2727 Dominus
3252 2672 3405 2727 Deus
3426 2673 3583 2738 tuus,
3607 2673 3663 2726 et
3681 2670 3903 2727 semini

2254 2766 2357 2817 tuo
2386 2765 2523 2832 post
2548 2764 2621 2817 te.

2326 2848 2614 2921 Daboque
2641 2848 2744 2904 tibi
2764 2852 2818 2905 et
2850 2848 3063 2904 semini
3090 2851 3191 2904 tuo
3212 2851 3431 2904 terram
3460 2848 3901 2920 peregrinatio-

2256 2938 2349 2994 nis
2382 2943 2515 3004 tuae,
2546 2939 2561 2955 '
2585 2938 2645 2993 in
2665 2937 3113 3009 possessionem
3142 2941 3449 3005 aeternam,
3478 2952 3696 3009 eroque
3737 2940 3902 2993 Deus

2256 3042 2482 3083 eorum.

2324 3116 2809 3171 Matitunarium.
2851 3114 3217 3183 Antiphona.
3270 3116 3389 3170 Rex
3414 3128 3583 3170 meus
3637 3118 3693 3169 et
3745 3114 3906 3169 Deus

2253 3219 2425 3259 meus
2446 3203 2551 3260 :ad
2578 3208 2633 3260 te
2658 3203 2864 3269 orabo,
2890 3202 3160 3260 Domine.
3180 3202 3243 3263 νιν.
3272 3202 3464 3259 Verba
3493 3217 3629 3259 mea
3648 3200 3899 3259 auribus

2252 3292 2489 3364 percipe
2537 3291 2804 3356 Domine,
2854 3290 3110 3360 intellige
3161 3290 3487 3346 clamorem
3546 3306 3767 3346 meum.
3822 3292 3895 3346 P.

2253 3381 2373 3436 Rex
2401 3395 2591 3446 meus,
2614 3384 2670 3435 et
2701 3382 2852 3435 Deus
2876 3394 3068 3437 meus.
3090 3378 3159 3439 V.
3197 3378 3413 3447 Gloria,
3436 3382 3493 3435 et
3520 3378 3736 3448 honor,
3789 3381 3907 3435 etc.

2252 3468 2317 3523 P.
2352 3471 2471 3524 Rex
2502 3483 2692 3524 meus.

2327 3557 2552 3613 Lauda.
2582 3556 2841 3614 Laudate
2868 3558 3184 3613 Dominum
3226 3557 3288 3612 in
3319 3556 3540 3613 sanctis
3562 3558 3727 3628 ejus:
3749 3556 3905 3613 Alle-

2255 3646 2392 3711 luia,
2417 3645 2675 3703 alleluia.
2716 3645 2972 3703 Laudate
2997 3661 3135 3701 eum
3156 3645 3215 3701 in
3243 3645 3625 3703 ﬁrmamento
3660 3645 3905 3702 virtutis

2254 3735 2407 3805 ejus.
2447 3734 2708 3804 Alleluia,
2738 3734 2994 3791 alleluia.
3027 3734 3298 3791 Psatmus
3323 3750 3387 3791 (ιι.
3409 3736 3471 3789 Ρ.
3498 3734 3763 3791 Laudate
3794 3736 3908 3791 Do-

2255 3824 2487 3879 minum
2515 3824 2575 3878 in
2603 3826 2820 3879 sanctis
2850 3824 2997 3893 ejus.
3022 3823 3288 3887 Alleluia,
3323 3822 3578 3879 alleluia.
3609 3822 3907 3883 V.Gloria.

2255 3916 2309 3970 et
2335 3912 2526 3967 honor
2554 3911 2777 3968 Patriet
2807 3912 2967 3976 Filio,
3008 3917 3063 3969 et
3094 3912 3330 3984 Spiritui
3353 3914 3593 3969 Sancto.
3628 3912 3686 3966 P.
3744 3914 3905 3968 Lau-

2255 4000 2393 4056 dato
2421 4015 2555 4055 eum
2579 4001 2639 4056 in
2668 4000 3042 4057 ﬁrmamento
3072 4000 3299 4057 virtutis
3319 4001 3473 4071 ejus.
3495 4000 3559 4061 V.
3590 4000 3750 4057 Sicut
3778 4005 3914 4057 erat

2256 4089 2316 4145 in
2348 4088 2661 4161 principio,
2695 4094 2751 4145 et
2779 4104 2936 4144 nunc
2960 4094 3015 4145 et
3046 4104 3300 4162 semper,
3331 4089 3462 4145 etin
3485 4088 3703 4146 saecula
3720 4104 3914 4146 saecu-

2256 4181 2472 4234 lorum.
2506 4179 2713 4233 Amen.
2758 4181 2814 4233 P.
2843 4177 3107 4242 Alleluia,
3131 4178 3387 4236 alleluia.

2330 4267 2525 4322 Lectio
2559 4267 2701 4321 libri
2730 4267 3178 4323 Proverbiorum
3208 4267 3540 4324 Salomonis
3580 4266 3749 4336 (Cap.
3808 4270 3917 4337 ιιι).

2331 4367 2392 4423 ιιι.
2429 4356 2545 4409 Deo
2578 4355 2815 4425 gratias.

2332 4444 2451 4508 Fili,
2486 4442 2644 4499 Habe
2666 4443 3025 4500 ﬁduciamin
3044 4444 3297 4501 Domino
3323 4459 3395 4499 ex
3428 4446 3548 4501 toto
3579 4444 3763 4501 corde
3786 4448 3915 4514 tuo,

2260 4535 2313 4587 et
2339 4548 2413 4588 ne
2442 4532 2708 4587 innitaris
2738 4532 3067 4605 prudentiae
3095 4536 3227 4588 tuae.
3262 4531 3327 4587 In
3352 4531 3628 4589 omnibus
3654 4532 3770 4589 viis
3801 4536 3921 4589 tuis

2260 4621 2453 4690 cogita
2482 4620 2669 4689 illum,
2702 4625 2757 4676 et
2786 4620 2912 4691 ipse
2963 4620 3175 4689 diriget
3232 4636 3469 4691 gressus
3532 4625 3690 4677 tuus.
3720 4624 3803 4677 Ne
3838 4623 3921 4677 sis

2260 4710 2495 4780 sapiens
2525 4708 2687 4782 apud
2725 4709 2842 4781 96
2888 4710 3265 4781 temetipsum
3300 4726 3313 4765 :
3362 4708 3504 4766 time
3562 4710 3919 4778 Dominum,

2260 4802 2316 4853 et
2340 4797 2601 4855 recedea
2626 4797 2806 4854 malo.
2838 4808 2908 4867 Βι.
2947 4799 3156 4853 Amen.

2916 4888 3211 4958 Hymnus.

2475 4975 2769 5045 Fulgentis
2800 4980 3005 5032 auctor
3034 4975 3286 5045 aetheris,

2405 5064 2511 5129 Qui
2540 5063 2695 5119 lunae
2724 5064 2928 5119 lumen
2958 5063 3257 5129 noctibus,

2406 5153 2599 5209 Solem
2625 5155 2856 5209 dierum
2889 5153 3163 5209 cursibus

2407 5241 2582 5299 Certo
2602 5242 2860 5298 fundasti
2901 5243 3157 5298 tramite.

2478 5332 2601 5384 Nox
2623 5334 2750 5386 atra
2774 5332 2902 5401 jam
2934 5331 3248 5402 repellitur,

2411 5417 2607 5474 Mundi
2635 5420 2791 5476 nitor
2814 5421 3163 5486 renascitur,

2412 5508 2731 5581 Novusque
2764 5508 2894 5581 jam
2925 5509 3141 5566 mentis
3169 5508 3359 5579 vigor.
