4102 6176
227 220 341 281 193

409 345 626 404 Dulces
653 343 714 399 in
743 341 935 400 altum
962 342 1165 413 egerit.

478 434 720 495 Laudes
747 447 965 490 sonare
988 431 1117 503 jam

402 526 541 583 Dies
569 523 794 580 relatus
816 524 1147 589 ammonet,

402 614 697 686 Vultuque
728 610 864 668 coeli
898 610 1178 667 blandior

402 706 616 760 Nostra
644 703 882 757 serenet
910 703 1175 771 pectora.

478 791 749 846 Vitemus
775 803 957 845 omne
977 786 1301 857 lubricum,

409 878 671 936 Declinet
692 893 885 950 prava
909 876 1179 948 spiritus,

408 969 532 1024 Vita
558 968 720 1023 facta
748 981 873 1022 non
919 964 1210 1038 inquinet,

405 1057 703 1127 Linguam
724 1054 906 1126 culpa
936 1069 1060 1110 non
1092 1053 1373 1127 implicet,

473 1144 592 1202 Sed
614 1143 704 1201 sol
732 1142 894 1200 diem
919 1142 1068 1199 dum
1093 1142 1348 1207 conﬁcit,

404 1234 582 1291 Fides
606 1232 905 1307 profunda
928 1232 1170 1299 ferveat,

410 1325 561 1397 Spes
590 1320 987 1393 adpromissa
1022 1324 1327 1394 provocet,

410 1412 640 1470 Christo
671 1411 1000 1483 conjungat
1025 1409 1301 1467 Charitas.

472 1504 594 1557 Deo
619 1500 777 1556 Patri
810 1500 885 1555 sit
910 1497 1123 1569 gloria.

282 1590 693 1661 Supplicatio.
722 1590 973 1645 Oremus
996 1587 1442 1660 Redemptorem
1460 1587 1670 1645 mundi
1688 1589 1881 1647 Domi-

1225 212 1438 276 FERIA
1478 219 1525 276 II
1566 208 1749 277 POST
1791 210 2130 279 OCTAVAM
2169 211 2594 289 EPIPHANI/E.

1919 351 1965 403 A
2069 348 2501 411 0ratio.Deduc
2518 371 2648 421 nos,
2670 356 2938 424 Domine,
2965 358 3026 416 in
3042 359 3218 419 bonis
3238 379 3251 429 ;
3271 379 3342 420 ac
3363 364 3548 439 dirige
3579 369 3642 425 in

3529 240 3628 303 194

1994 446 2322 511 conspectu
2347 448 2447 501 tuo
2480 448 2642 503 viam
2666 450 3027 505 nostramzut
3054 449 3200 507 ﬁdes
3219 457 3440 521 nostra,
3478 456 3639 513 salu-

1993 526 2134 583 taris
2161 530 2247 584 tui
2277 534 2602 601 vocatione,
2646 540 2719 602 te,
2752 536 2857 608 qui
2882 552 2947 592 es
2997 540 3114 594 Rex
3159 546 3378 613 noster,
3406 548 3460 601 et
3484 545 3637 600 Deus

1994 620 2214 689 noster,
2241 624 2297 676 et
2325 622 2571 694 vestigio
2592 625 2902 681 comitetur
2928 626 3191 695 innoxio,
3216 634 3272 686 et
3312 647 3492 688 cursu
3546 648 3640 691 oc-

1995 710 2170 776 cupet
2207 709 2503 780 expedito.
2538 724 2602 783 ἢ.
2629 715 2841 769 Amen.

2063 795 2169 850 Per
2204 797 2666 858 misericordiam
2680 844 2693 857 .

2066 884 2413 955 Antiphona
2434 891 2485 944 2.
2517 893 2598 945 Ne
2627 891 2688 947 in
2708 890 2798 949 ira
2827 896 2930 949 tua
2955 907 3176 965 arguas
3196 911 3314 964 me,
3369 897 3635 954 Domine.

1994 969 2269 1029 Psalmus
2294 991 2371 1030 vr.

2068 1061 2564 1131 0ratio.Domine,
2588 1081 2659 1121 ne
2686 1066 2774 1123 ira
2797 1071 2900 1125 tua
2929 1084 3041 1125 nos
3070 1085 3289 1139 arguas
3314 1089 3327 1139 ;
3353 1088 3547 1145 neque
3576 1074 3639 1131 in

1992 1149 2095 1203 tuo
2124 1163 2235 1205 nos
2259 1149 2456 1209 furore
2479 1153 2797 1225 corripias:
2822 1156 2927 1211 sed
2957 1157 3331 1228 asperitatem
3377 1161 3638 1217 verberis

1992 1251 2150 1305 unge
2180 1237 2491 1297 clementia
2514 1242 2868 1300 lenitatiszut
2885 1260 3007 1300 non
3027 1245 3422 1317 perditionem
3440 1264 3634 1320 paena;

1988 1323 2097 1466 :ed
2121 1327 2514 1386 eruditionem
2534 1329 2708 1387 nobis
2732 1335 2834 1388 tua
2858 1332 3125 1390 conferat
3162 1333 3502 1407 disciplina.
3570 1348 3634 1405 13,.

2040 1428 2196 1466 men.

2040 1428 2196 1470 men.

2058 1504 2164 1556 Per
2200 1502 2670 1563 misericordiam
2701 1512 2886 1564 tuam.

2064 1590 2409 1658 Anim/tona
2424 1595 2507 1649 3.1
2515 1598 2716 1649 ustum
2731 1594 2804 1651 ad
2807 1595 3090 1665 jutorium
3118 1612 3301 1653 meum
3325 1613 3362 1654 a
3374 1598 3637 1667 Domino,

214 1694 363 1735 num
380 1676 883 1734 nostrumJesum
908 1675 1365 1745 Christum,cum
1392 1677 1557 1733 omni
1588 1676 1883 1750 supplica-
1910 1688 1955 1743 Β
1988 1677 2091 1748 qui
2123 1678 2322 1735 salvos
2354 1681 2493 1737 facit
2521 1688 2712 1740 rectos
2736 1684 2933 1740 corde.
2968 1685 3211 1742 Psalm.
3246 1703 3346 1743 vn.
3389 1688 3642 1745 Reitere—

214 1767 375 1824 tione
400 1781 693 1837 rogemus
728 1783 741 1831 ;
771 1769 837 1821 ut
855 1780 961 1837 per
987 1764 1243 1835 gratiam
1272 1765 1478 1838 ipsius,
1495 1771 1551 1824 et
1581 1783 1686 1839 per
1704 1766 1877 1823 inter-

216 1857 562 1913 cessionem
610 1856 843 1911 Sanctae
891 1853 1083 1927 Mariae
1136 1854 1411 1924 Virginis,
1467 1860 1521 1912 et
1582 1856 1880 1926 genitricis

218 1961 366 2009 suae,
402 1949 459 2000 et
488 1943 768 1999 omnium
800 1945 1150 1999 Sanctorum
1166 1958 1413 1999 suorum
1434 1942 1609 2000 nobis
1628 1943 1880 2001 salutem

214 2034 458 2099 animae,
492 2036 551 2089 et
591 2031 875 2103 corporis,
901 2035 958 2086 et
972 2028 1397 2087 remissionem
1410 2036 1882 2104 peccatorum,et

216 2136 437 2194 pacem
470 2120 768 2193 propitius
818 2119 1077 2175 tribuere
1134 2120 1432 2191 dignetur.
1506 2133 1575 2191 ηρ.
1637 2122 1877 2191 Praesta,

212 2216 438 2267 aeterne
469 2208 856 2281 omnipotens
885 2210 1062 2264 Deus.

284 2299 486 2371 Kyrie,
520 2296 1096 2366 eleison.n.Christe,
1133 2296 1374 2353 eleison.
1410 2298 1607 2370 Kyrie,
1634 2298 1874 2357 eleison.

281 2387 598 2457 Capituta.
627 2387 755 2444 Rex
787 2390 1001 2449 noster,
1033 2390 1089 2441 et
1134 2387 1287 2441 Deus
1321 2393 1526 2443 noster
1580 2386 1809 2459 depelle
1841 2404 1879 2446 a

206 2475 498 2532 cordibus
530 2474 749 2529 nostris
779 2474 1014 2538 erroris,
1048 2477 1104 2530 et
1129 2474 1482 2545 ignorantia;
1503 2480 1739 2532 noctem
1771 2482 1878 2547 ,ut

207 2564 566 2621 renovando
595 2578 707 2619 nos
734 2562 793 2618 in
818 2578 1047 2619 novum
1081 2562 1411 2630 hominem,
1436 2580 1616 2620 mane
1641 2569 1876 2623 nostras

208 2653 541 2709 exaudiens
570 2666 773 2721 voces,
807 2651 900 2707 fac
958 2666 1072 2707 nos
1092 2652 1155 2707 in
1202 2650 1379 2707 bonis
1432 2653 1715 2725 operibus
1772 2654 1877 2711 tibi

213 2743 448 2798 adstare
478 2739 783 2804 diluculo;
814 2744 869 2795 et
901 2738 981 2795 ad
1013 2739 1547 2812 contemplandum
1566 2746 1640 2810 te,
1701 2743 1876 2799 nobis

216 2829 628 2904 Apparitionis
656 2834 774 2885 tua:
798 2828 993 2885 tribue
1016 2834 1484 2886 sacramentum.

294 2919 467 2976 Pater
491 2922 715 2975 noster.
743 2922 791 2974 A
819 2916 982 2974 malo
1002 2933 1113 2974 nos
1140 2918 1346 2975 libero.
1370 2920 1614 2990 Require
1639 2921 1756 2991 fol.
1795 2925 1875 2978 IO.

298 3007 525 3063 Lauda
558 3006 606 3061 A
633 3006 893 3078 peccatis
918 3005 1135 3061 nostris
1160 3007 1392 3063 munda
1423 3023 1559 3071 nos,
1610 3008 1878 3065 Domine.
1915 3036 1955 3092 ρ

222 3095 497 3163 Alleluia,
530 3094 785 3166 alleluia,
812 3093 1069 3150 alleluia.
1112 3094 1175 3154 ἰν.
1204 3097 1268 3150 Et
1321 3096 1392 3150 ab
1451 3096 1659 3153 alienis
1700 3113 1881 3169 parce

220 3200 390 3242 servo
420 3190 546 3240 tuo.
576 3186 641 3239 P.
673 3182 944 3251 Alleluia,
975 3182 1235 3254 alleluia,
1267 3183 1529 3242 alleluia.
1578 3186 1639 3247 ἲν.
1686 3187 1881 3245 Gloria

217 3278 272 3330 et
294 3274 515 3343 honor,
539 3276 650 3329 etc.
678 3273 751 3328 P.
784 3271 1049 3338 Alleluia,
1075 3272 1337 3339 alleluia,
1365 3272 1626 3331 alleluia.

282 3362 631 3432 Antiphona
657 3364 712 3417 2.
737 3361 981 3418 Custodi
1008 3376 1121 3417 nos
1144 3361 1396 3417 Domine
1417 3361 1497 3418 ab
1518 3363 1681 3419 omni
1698 3363 1877 3422 malo.

214 3453 277 3505 P.
306 3450 581 3519 Alleluia,
604 3448 868 3517 alleluia,
922 3448 1181 3508 alleluia.
1213 3450 1275 3510 ir.
1336 3450 1457 3508 Sub
1484 3451 1705 3510 umbra
1760 3453 1880 3510 ala-

214 3557 345 3597 rum
371 3547 621 3596 tuarum
638 3543 883 3612 protege
908 3554 1043 3595 nos.
1068 3540 1133 3594 P.
1158 3538 1427 3605 Alleluia,
1463 3540 1715 3609 alleluia,
1744 3542 1883 3601 alle-

218 3629 358 3686 luia.
396 3629 463 3689 1’.
487 3627 711 3699 Gloria,
746 3632 803 3684 et
828 3627 1040 3684 honor.
1072 3629 1149 3685 P.
1178 3627 1445 3694 Alleluia,
1486 3629 1743 3700 alleluia,
1802 3632 1883 3689 al-

223 3716 415 3774 leluia.

283 3807 661 3865 Benedictio.
716 3804 1035 3862 Benedicat
1113 3806 1496 3879 omnipotens
1570 3809 1877 3865 Dominus.

220 3898 440 3961 Quaere.
468 3895 572 3966 [οι.
610 3897 698 3951 94.

285 3986 363 4040 Ει
388 3986 476 4041 sic
504 3984 815 4055 ﬁniuntur
837 3982 1124 4039 Matutini
1162 3984 1226 4039 in
1253 3984 1881 4042 Benedictionibus.Et

216 4074 418 4129 statim
439 4073 543 4141 fac
572 4072 1157 4129 Commemorationes
1185 4072 1519 4129 Vocaliom's
1566 4074 1869 4142 Ecclesiae,

219 4168 276 4218 et
308 4162 468 4218 alias
489 4177 632 4233 quas
653 4161 914 4218 volueris
944 4162 1007 4218 in
1037 4161 1246 4234 quibus
1272 4161 1631 4220 devotionem
1652 4163 1874 4221 habue-

218 4251 332 4308 ris.
364 4251 588 4308 Postea
623 4252 813 4308 Pater
840 4256 1042 4308 noster
1081 4251 1192 4307 sub
1218 4250 1490 4321 silentio;
1518 4268 1634 4323 quo
1689 4254 1877 4324 ﬁnito,

211 4340 323 4408 ﬁat
352 4341 851 4397 commemoratio.

283 4429 516 4485 Lauda.
549 4428 642 4484 Ad
662 4427 1149 4485 annuntiaudum
1179 4443 1383 4486 mane.
1416 4429 1639 4487 Oratio.
1690 4433 1874 4504 Mane,

219 4517 712 4583 Domine,oratio.
734 4517 943 4585 Quaere
968 4518 1083 4587 fol.
1097 4523 1149 4572 7.
1172 4518 1379 4574 Lauda
1398 4518 1471 4574 de
1486 4519 1671 4588 fonte.
1705 4517 1880 4590 Apud

218 4613 268 4663 te
297 4613 407 4673 est,
441 4606 720 4676 Domine,
742 4606 877 4663 fons
908 4606 1350 4663 vitae.Alleluia.
1379 4606 1441 4668 v.
1475 4610 1543 4663 Et
1568 4607 1629 4662 in
1654 4607 1879 4664 lumine

215 4700 316 4753 tuo
346 4694 693 4751 videbimus
722 4695 948 4752 lumen.
976 4694 1043 4753 P.
1083 4694 1352 4753 Alleluia.
1402 4695 1463 4755 ἡ.
1544 4695 1760 4761 Gloria,
1824 4699 1881 4753 et

219 4786 432 4853 honor,
467 4790 582 4844 etc.
623 4786 690 4842 P.
719 4785 991 4845 Alleluia.

848 4876 945 4931 Ad
982 4876 1258 4932 Tertiam.

286 4967 487 5024 Lectio
518 4966 669 5022 libri
700 4965 1164 5023 Proverbiorum
1187 4962 1512 5021 Salomonis
1560 4963 1736 5036 (Cap.
1791 4965 1875 5034 7).

294 5065 356 5115 ﬁ.
389 5054 513 5111 Deo
540 5053 787 5125 gratias.
1890 5064 1891 5067 ‘

295 5141 408 5213 Fili,
445 5141 694 5199 Custodi
725 5157 1030 5198 sermones
1061 5154 1248 5205 meos,
1274 5144 1330 5197 et
1381 5145 1687 5214 praecepta
1742 5156 1878 5197 mea

225 5231 473 5288 reconde
499 5232 631 5289 tibi.
691 5232 869 5287 Serva
915 5230 1208 5289 mandata
1264 5246 1421 5297 mea,
1475 5234 1531 5287 et
1578 5231 1762 5286 vives.
1811 5240 1872 5300 ἣν.

224 5322 425 5375 Amen.

293 5407 980 5479 Antiphonauntellige
1002 5407 1327 5465 clamorem
1352 5423 1575 5477 meum,
1606 5405 1877 5465 Domine.

226 5497 467 5560 Intende
493 5498 630 5555 voci
646 5496 936 5555 orationis
961 5513 1129 5556 meae.
1159 5498 1384 5556 Psalm.
1403 5513 1461 5553 v.

1990 1771 2091 1820 tur
2109 1768 2479 1837 Antiphona.
2500 1771 2737 1827 Justum
2768 1771 3060 1828 Dominus
3082 1774 3153 1830 sit
3179 1789 3438 1846 semper.
3478 1786 3540 1844 Βι.
3575 1778 3640 1830 Et

1989 1869 2148 1910 cum.

2060 1955 2127 2012 Βι.
2160 1943 2408 2001 Adverte
2439 1945 2650 2004 faciem
2674 1952 2837 2007 tuam
2860 1967 2890 2005 a
2909 1951 3169 2023 peccatis
3190 1951 3634 2020 meis,Domine.

1992 2032 2065 2088 P.
2107 2034 2172 2088 Et
2191 2049 2402 2090 omnes
2445 2035 2784 2109 iniquitates
2827 2055 2995 2095 meas
3043 2039 3193 2096 dele.
3250 2053 3311 2107 Rw.
3368 2040 3636 2097 Miserere

1989 2119 2107 2178 mei
2122 2122 2632 2193 Deus,secundum
2653 2142 2941 2198 magnam
2955 2128 3426 2186 misericordiam
3448 2134 3631 2187 tuam:

1988 2214 2044 2267 et
2078 2210 2413 2268 secundum
2435 2212 2871 2272 multitudinem
2893 2217 3344 2273 miserationum
3376 2221 3632 2273 tuarum.

1986 2298 2058 2354 P.
2086 2301 2153 2355 Et
2178 2315 2383 2356 omnes
2414 2299 2757 2374 iniquitates
2783 2320 2972 2362 meas.
2995 2304 3057 2366 ἵ.
3082 2305 3295 2371 Gloria,
3329 2308 3385 2361 et
3418 2305 3632 2370 honor,

1985 2391 2094 2443 etc.
2130 2389 2236 2444 Rei
2244 2394 2471 2446 teretur
2503 2400 2570 2459 Bg.

2054 2476 2285 2533 Lauda.
2306 2476 2573 2545 Alleluia,
2602 2478 2861 2547 alleluia,
2891 2479 3147 2538 alleluia.
3174 2481 3533 2540 Gaudebunt
3552 2482 3637 2538 la-

1984 2561 2088 2619 bia
2110 2578 2249 2618 mea
2273 2564 2418 2619 dum
2462 2571 2784 2624 cantavero
2819 2568 2941 2635 tibi,
2998 2572 3169 2631 Deus,
3202 2570 3449 2625 laudem
3470 2575 3638 2626 tuam

1971 2621 3347 2724 :P.Alleluia,alleluiaJiletﬁegoconﬁtebor—tibi
3475 2621 3637 2713 Es;

1985 2738 2386 2801 Psalmorum,
2421 2741 2594 2804 Deus,
2625 2742 2738 2811 97
2762 2741 3017 2812 psallam
3039 2741 3234 2796 tibi.P.
3266 2742 3531 2798 Alleluia.
3560 2743 3628 2801 tif.

1989 2826 2199 2890 Gloria,
2234 2830 2291 2883 et
2304 2826 2516 2893 honor,
2550 2834 2659 2883 etc.
2687 2831 2769 2885 P.
2783 2828 3050 2897 Alleluia,
3082 2828 3336 2893 alleluia,
3377 2828 3635 2885 alleluia.

2058 2916 2253 2971 Preces
2286 2932 2298 2971 :
2322 2916 2486 2972 Alius
2512 2931 2635 2973 non
2651 2922 2762 2984 est,
2788 2917 2893 2990 qui
2938 2921 3197 2990 rogetur,
3239 2918 3335 2990 pie
3357 2918 3595 2974 Domine
3620 2934 3631 2972 :

1989 3004 2049 3065 ἡ.
2092 3004 2291 3060 Alleva
2316 3006 2552 3076 jugum,
2584 3005 2736 3062 colla
2757 3010 3137 3078 prementum
3158 3007 3394 3064 inclina.
3412 3008 3487 3063 P.
3516 3006 3636 3077 Pie,

1990 3091 2146 3149 bella
2166 3093 2443 3166 reprime,
2474 3110 2687 3166 pacem
2714 3094 2993 3152 concede.
3022 3093 3082 3155 )7.
3114 3096 3391 3168 Captivos
3456 3095 3639 3168 eripe,

1990 3183 2299 3240 demersos
2328 3185 2506 3254 erige.
2558 3185 2623 3240 P.
2654 3185 2774 3255 Pie,
2831 3184 3008 3241 bella.
3044 3185 3105 3244 ἡ.
3160 3186 3328 3243 Dona
3377 3186 3639 3258 veniam,

1989 3276 2207 3342 praesta
2237 3272 2512 3342 gratiam,
2571 3273 2667 3344 pie
2714 3272 2982 3337 Domine,
3016 3272 3353 3329 Reiteretur
3403 3274 3639 3341 primus

1989 3357 2050 3419 il.
2077 3360 2282 3417 Preces
2312 3362 2530 3417 scilicet
2563 3359 2765 3416 :Alius
2796 3374 2919 3415 non
2958 3362 3063 3415 est.

2064 3449 2360 3521 Capitula.
2396 3449 2675 3517 Gloriose,
2705 3451 2934 3519 potens,
2961 3462 3032 3503 ac
3083 3445 3419 3503 misericors
3460 3448 3636 3512 Deus,

1991 3553 2129 3594 erue
2168 3554 2277 3594 nos
2302 3537 2380 3594 ab
2399 3537 2635 3594 insidiis
2658 3534 2919 3603 inimici;
2940 3538 3085 3591 etne
3108 3533 3310 3592 anima
3324 3539 3532 3591 nostra
3544 3550 3639 3590 ru-

1990 3626 2203 3698 gientis
2230 3626 2420 3682 leonis
2444 3630 2621 3698 raptu
2648 3623 2859 3695 rapido
2885 3623 3173 3696 rapiatur,
3192 3624 3479 3696 protectio
3507 3622 3640 3680 dex-

1991 3718 2128 3770 terae
2154 3718 2269 3770 tua:
2290 3714 2351 3769 in
2376 3712 2563 3769 nostri
2584 3711 2921 3768 custodiam
2934 3710 3504 3784 deputeturmedum
3516 3726 3641 3768 non

1990 3807 2076 3859 est
2105 3801 2211 3875 qui
2240 3801 2517 3870 redimat,
2536 3800 2633 3857 ille
2652 3815 2846 3856 saevus
2867 3800 3133 3859 occidat:
3163 3804 3286 3870 aut,
3315 3800 3363 3856 si
3390 3815 3514 3856 non
3539 3800 3643 3872 qui

1991 3892 2221 3947 salvum
2251 3890 2444 3962 faciat,
2488 3889 2583 3945 ille
2614 3889 2934 3946 subvertat.
2972 3888 3087 3945 Sed
3113 3892 3176 3944 tu
3220 3891 3334 3945 Leo
3363 3889 3437 3945 de
3482 3889 3642 3945 tribu

1988 3980 2018 4037 J
2028 3981 2146 4038 uda
2169 3982 2230 4037 in
2266 3982 2356 4038 ira
2384 3986 2488 4038 tua
2518 3996 2773 4052 exurge;
2802 3984 2861 4037 et
2907 3979 3216 4036 severitate
3246 3979 3455 4051 judicii
3504 3978 3642 4035 insi-

1990 4070 2143 4128 diosi
2168 4071 2356 4128 hostis
2386 4076 2654 4127 catervas
2676 4069 3207 4141 interimeznosque
3236 4069 3294 4124 in
3322 4072 3639 4141 praecepto,

1989 4160 2153 4233 quod
2183 4158 2501 4232 mandasti,
2534 4159 2774 4215 credere
2804 4161 2861 4214 et
2884 4173 3235 4230 permanere
3256 4159 3531 4214 concede.

2059 4253 2228 4307 Pater
2256 4254 2478 4307 noster.
2505 4252 2553 4304 A
2574 4248 2736 4305 malo
2757 4262 2867 4304 nos
2894 4247 3102 4305 libera.
3121 4247 3234 4317 fol.
3272 4249 3355 4306 l0.

2057 4339 2157 4394 Ad
2178 4339 2445 4406 Sextum,
2473 4337 2675 4394 omnia
2703 4336 2982 4393 dicantur
3006 4341 3073 4392 ut
3093 4335 3157 4392 in
3173 4338 3378 4404 Sexta,
3410 4335 3640 4409 quaecli-

1988 4429 2147 4486 citur
2163 4442 2276 4498 per
2301 4433 2486 4484 totum
2516 4442 2763 4483 annum.
2798 4425 2892 4481 Ad
2926 4425 3183 4482 Nonum.
3218 4429 3282 4480 ut
3333 4440 3530 4497 supra.

2590 4514 2679 4570 Ad
2718 4516 2995 4584 Vesperos
3007 4557 3020 4570 .

2058 4604 2283 4662 Lauda.
2305 4605 2388 4660 Tu
2407 4602 2757 4659 illuminans
2781 4602 3089 4658 lucernam
3112 4616 3333 4671 meam,
3360 4598 3632 4658 Domine.

1991 4693 2279 4749 Dominus
2305 4693 2375 4749 sit
2401 4706 2655 4763 semper.
2690 4703 2752 4760 Br.
2787 4693 2851 4746 Et
2881 4706 3042 4746 cum.

2059 4782 2425 4850 Antiphona.
2455 4783 2648 4847 Quam
2678 4777 3027 4836 admirabile
3053 4781 3144 4834 est
3164 4793 3384 4835 nomen
3446 4780 3641 4847 tuum,

1992 4869 2259 4939 Domine,
2291 4871 2353 4926 in
2379 4870 2660 4926 universa
2692 4874 2869 4925 terra.
2899 4866 3173 4925 Psalmus
3204 4880 3325 4924 Vlll.

2059 4958 2283 5016 Lauda.
2320 4963 2382 5015 ln
2406 4958 2535 5029 lege
2558 4955 3087 5027 Domini,Alleluia,
3114 4957 3501 5016 meditabitur
3524 4959 3638 5023 die,

1989 5065 2058 5105 ac
2088 5047 2555 5105 nocte.Alleluia.
2579 5048 2647 5103 P.
2664 5046 3005 5103 Etfructum
3022 5063 3201 5103 suum
3227 5047 3395 5106 dabit
3417 5050 3476 5105 in
3496 5052 3642 5105 tem-

1987 5154 2132 5211 pore
2160 5153 2290 5194 suo.
2324 5135 2589 5209 Alleluia,
2625 5135 2885 5195 alleluia.
2931 5135 2993 5198 3?.
3026 5138 3094 5195 Et
3122 5138 3230 5195 erit
3266 5144 3553 5210 tanquam
3580 5134 3641 5187 li-

1986 5243 2196 5298 gnum,
2238 5225 2402 5298 quod
2439 5225 2776 5298 plantatum
2800 5232 2887 5285 est
2917 5244 3093 5285 secus
3124 5227 3411 5284 decursus
3458 5236 3642 5291 aqua-

1986 5332 2142 5382 rum,
2166 5316 2326 5389 quod
2357 5313 2615 5373 fructum
2637 5334 2813 5373 suum
2834 5318 3003 5374 dabit
3028 5317 3087 5372 in
3115 5321 3378 5384 tempore
3400 5322 3527 5362 suo.
3573 5319 3640 5369 Br

1973 5392 2054 5462 .Et
2084 5405 2342 5462 fructum
2371 5422 2548 5463 suum
2580 5406 2763 5465 dabit.
2793 5406 2855 5467 il.
2882 5405 3091 5473 Gloria,
3148 5406 3204 5456 et
3256 5400 3467 5460 honor,
3528 5401 3641 5456 etc.

1990 5494 2055 5550 P.
2089 5495 2164 5553 Et
2193 5494 2473 5555 fructum.
