4102 6176
449 239 550 307 195

1120 353 1416 424 Hymnus.

703 446 926 508 Christe
953 443 1213 500 salvator
1232 437 1516 506 omnium,

631 536 924 596 leorum
949 528 1223 587 sublimis
1256 527 1428 582 Deus.

629 631 814 685 Tuam
840 635 1129 692 rogamus
1160 617 1430 690 gloriam,

631 718 786 773 Dum
806 725 998 786 prona
1017 707 1270 765 volvitur
1283 703 1431 760 dies.

701 807 728 860 J
736 819 834 860 am
862 799 970 866 sol,
996 799 1242 868 urgente
1271 805 1540 864 vespere,

634 895 862 952 Occasu
900 901 1008 943 suo
1031 883 1317 954 graditur,

630 979 921 1038 Mundum
950 971 1316 1031 concludens
1339 967 1619 1032 tenebris,

638 1069 831 1123 Suum
857 1063 1191 1119 observans
1216 1053 1508 1113 ordinem.

709 1153 799 1211 Sic
826 1166 960 1217 nos,
996 1146 1224 1205 excelse
1260 1143 1529 1209 Domine,

636 1244 946 1301 Precantes
976 1243 1110 1295 tuos
1136 1233 1394 1292 famulos

640 1331 865 1389 Labore
891 1328 1079 1384 fessos
1110 1321 1229 1380 diei

640 1421 849 1487 Quieta
873 1431 995 1473 nox
1019 1412 1316 1484 suscipiet.

711 1511 781 1564 Ut
807 1521 931 1562 non
969 1502 1211 1560 fuscatis
1233 1496 1556 1567 mentibus,

641 1593 773 1650 Dies
798 1579 1087 1648 abscedat
1114 1586 1358 1644 luminis
1383 1604 1395 1654 ;

639 1681 753 1739 Sed
774 1682 878 1736 tua
901 1677 1151 1751 protecti
1187 1673 1381 1745 gratia

643 1775 970 1828 Cernamus
996 1765 1191 1822 lucem
1210 1775 1586 1836 prosperam.

714 1861 834 1914 Deo
865 1855 1019 1913 Patri
1045 1855 1120 1909 sit
1145 1851 1353 1923 gloria.

535 1946 923 2020 Supplicatio.
959 1945 1197 2000 Oremus
1215 1936 1670 2010 Redemptorem
1690 1929 1920 1990 mundi.
1951 1931 2113 2000 Qum-

467 2054 534 2096 re
552 2019 675 2108 fol.
690 2040 778 2092 96.
812 2033 1005 2106 Kyrie,
1048 2029 1294 2087 eleison.
1336 2037 1398 2096 Bg.
1430 2024 1671 2094 Christe,
1692 2019 1933 2080 eleison.
1995 2023 2112 2092 Ky‘

467 2127 577 2196 rie,
600 2125 842 2181 eleison.

543 2213 848 2283 Capitula.
876 2204 1231 2266 Illuminatio
1257 2201 1537 2274 salusque
1561 2203 1786 2266 nostra,
1843 2197 2111 2268 Domine,

470 2317 684 2361 amove
710 2315 746 2357 a
773 2297 950 2356 nobis
974 2292 1263 2358 mmroris,
1323 2293 1380 2347 et
1433 2287 1784 2360 ignorantiae
1837 2290 2113 2353 noctem;

472 2392 667 2450 tribue
694 2387 976 2453 veritatis,
1009 2390 1064 2440 et
1090 2381 1348 2439 scientiae
1368 2379 1593 2447 lumen,
1626 2377 1766 2433 utin
1822 2375 1876 2432 te
1914 2377 2119 2431 nostra

471 2496 608 2554 spes
639 2475 761 2534 ﬁxa
814 2473 1274 2549 permaneat;et
1330 2466 1527 2554 omnis
1562 2467 1900 2554 conventus
1950 2462 2117 2519 mali-

470 2549 806 2638 gnantium,
824 2562 927 2634 qui
951 2573 1066 2616 nos
1091 2569 1441 2630 oppugnare
1472 2552 1690 2619 nititur,
1706 2549 2116 2608 contabescat:

473 2655 556 2711 Sit
580 2653 639 2709 in
690 2655 859 2724 petra
901 2645 1175 2704 exaltatio
1220 2648 1465 2708 nostra;
1495 2644 1560 2696 ut
1614 2639 1992 2696 conroborati
2015 2653 2121 2710 per

473 2740 780 2807 Christum,
809 2737 872 2792 in
901 2736 1036 2808 ipso
1059 2731 1390 2789 efﬁciamur
1406 2728 1690 2785 charitate
1725 2725 2028 2794 sublimes,
2061 2727 2122 2782 in

471 2845 594 2903 quo
633 2825 1002 2885 tediﬁcamur
1028 2821 1148 2878 ﬁde
1171 2820 1509 2877 credentes.

544 2920 710 2973 Pater
734 2920 954 2970 noster.
988 2915 1035 2966 A
1060 2910 1222 2965 malo
1251 2923 1361 2963 nos
1391 2907 1598 2962 libera.
1635 2905 1756 2974 fol.
1797 2905 1888 2960 10.

548 3001 915 3060 Benedictio.
965 2998 1236 3092 Dignare,
1294 2995 1561 3062 Domine,
1616 2991 1786 3090 hanc.
1831 2987 2122 3092 familiam
2153 3028 2196 3087 ο
2229 3029 2292 3086 in

474 3095 642 3149 tuam
659 3088 877 3162 placito
893 3085 1063 3143 vultu
1081 3083 1394 3155 respicere,
1427 3096 1612 3154 quam
1631 3080 1821 3136 cernis
1835 3078 2125 3138 solemnia

475 3183 580 3236 tua
608 3193 747 3233 cum
764 3173 986 3246 gaudio
1007 3171 1324 3229 celebrare.
1353 3181 1416 3239 Bg.
1449 3169 1947 3224 Amen.Sanctam
1976 3168 2037 3224 in
2061 3185 2124 3225 se

473 3263 737 3324 habeant
751 3259 1529 3330 devotionem,dignumque
1555 3260 1791 3314 teneant
1808 3255 1870 3312 in
1891 3256 2122 3314 tuaﬁde

475 3357 795 3413 fervorem.
827 3363 890 3423 Βτ.
953 3356 1160 3406 Amen.
1189 3347 1278 3403 Ab
1304 3345 1470 3403 omni
1491 3345 1850 3401 adversitate
1881 3343 2124 3403 dextera

476 3439 579 3502 tua
603 3459 706 3499 eos
735 3437 1010 3504 defende,
1045 3442 1101 3494 et
1120 3437 1181 3493 in
1210 3439 1310 3492 tua
1341 3432 1602 3490 Ecclesia
1629 3433 1848 3504 jugiter
1911 3433 2123 3492 imma-

477 3532 704 3588 culatos
735 3542 1116 3601 perseverare
1148 3523 1432 3582 concede.
1460 3534 1523 3595 Bg.
1555 3523 1762 3579 Amen.

547 3620 652 3674 Per
676 3615 1145 3672 misericordiam
1170 3613 1380 3685 ipsius.

546 3723 974 3794 Lauda.Super
1005 3720 1146 3778 Sion
1173 3719 1411 3777 alleluia
1422 3721 1691 3776 montem
1707 3721 1978 3776 sanctum
1993 3718 2122 3790 ejus

474 3805 740 3872 Alleluia.
767 3809 1173 3867 P.Praadicans
1203 3813 1570 3881 praeceptum
1593 3807 2117 3875 Domini.Alleluia,

476 3901 729 3968 alleluia,
749 3899 1001 3958 alleluia.
1027 3897 1091 3959 ir.
1159 3899 1279 3966 Ego
1331 3902 1533 3953 autem
1573 3897 1924 3953 constitutus
1986 3913 2121 3953 sum

475 4003 581 4049 rex
600 3989 679 4048 ab
699 4006 769 4046 eo
797 4003 976 4061 super
993 3986 1135 4044 Sion
1159 3988 1426 4042 montem
1454 3989 1730 4042 sanctum
1755 3985 2124 4059 ejus.P.Pras-

476 4079 684 4137 dicans
711 4082 1080 4154 praeceptum
1100 4074 1354 4131 Domini.
1373 4071 1435 4135 ἢν.
1469 4073 1681 4142 Gloria,
1707 4079 1763 4131 et
1788 4075 2117 4144 honor,etc.

477 4165 542 4225 P.
575 4169 906 4226 Praedicans
939 4169 1327 4238 prmeeptum.

549 4274 1024 4334 0ratio.Adverte
1041 4271 1280 4329 Domini
1297 4269 1572 4328 inimicos
1591 4274 1832 4330 nostros
1844 4314 1858 4329 .
1869 4273 2124 4345 Require

476 4361 668 4436 infra.

1080 4481 1274 4528 TERTIA
1337 4483 1496 4525 FERIA
1509 4511 1523 4525 .

1038 4577 1122 4634 Ad
1169 4575 1552 4634 Matutinum.

546 4687 920 4760 Antiphona.
955 4683 1295 4742 Secundum
1330 4698 1616 4754 magnam
1649 4680 2122 4741 misericordiam

476 4777 642 4834 tuam
664 4777 795 4835 dele
834 4772 1082 4833 Domine
1102 4773 1445 4847 iniquitates
1477 4788 1660 4829 meas.
1688 4770 1952 4828 Psalmus
1978 4791 2026 4827 ι..

550 4867 770 4923 Oratio.
814 4862 1155 4923 Secundum
1176 4860 1617 4920 multitudinem
1666 4861 2122 4919 miserationum

474 4958 716 5012 tuarum
737 4953 865 5011 dele
891 4953 1136 5011 Domine
1184 4952 1526 5028 iniquitates
1577 4954 1845 5008 nostras:
1872 4955 1936 5007 ut
1980 4952 2123 5024 quia

475 5044 601 5101 istae
630 5059 741 5100 nos
761 5042 1237 5114 aggravant,ill£e
1260 5059 1370 5099 nos
1388 5042 1616 5112 erigant
1639 5057 1652 5096 :
1675 5043 1786 5098 Cor
1803 5039 2121 5098 contritum

475 5131 922 5191 ethumiliatum
944 5148 1017 5189 ne
1046 5148 1292 5206 spernas
1323 5131 1386 5185 in
1420 5129 1596 5185 nobis
1625 5146 1637 5185 :
1664 5129 1771 5186 sed
1795 5127 2120 5203 perineﬁ‘a-

471 5223 653 5282 bilem
682 5225 1005 5298 potentiam
1029 5221 1320 5279 Trinitatis
1353 5219 1641 5276 inhabitet
1664 5221 1724 5276 in
1747 5221 1922 5278 nobis
1947 5217 2122 5294 Spiri-

458 5304 566 5372 tus
596 5315 1117 5381 Sanctus;innovet
1149 5310 1387 5381 spiritus
1402 5314 1592 5365 rectus
1617 5327 1629 5376 ;
1651 5311 1966 5367 conﬁrmet
2003 5311 2123 5384 spis

470 5405 617 5460 ritus
655 5403 1035 5476 principalis;
1063 5403 1241 5472 atque
1272 5395 1452 5453 unius
1471 5397 1784 5454 testimonii
1811 5399 1886 5456 sit
1908 5399 2114 5459 virtus:

474 5494 542 5549 ut
563 5492 944 5551 conﬁrmatos
963 5505 1075 5550 nos
1103 5504 1212 5562 per
1229 5491 1480 5558 Patrem,
1509 5489 1564 5546 et
1579 5485 1900 5546 innovatos
1915 5501 2020 5559 per
2038 5483 2122 5544 Fi-

1715 181 2168 276 DREVIARIUM
2209 209 2584 268 GOTHICUM

2118 336 2166 393 A
2195 335 2697 404 lium,custoditos
2725 349 2836 392 nos
2862 349 2989 391 esse
3020 331 3394 404 gaudeamus
3423 347 3530 405 per
3557 333 3853 405 Spiritum

2199 426 2502 482 Sanctum.
2531 436 2598 496 B1.
2626 428 2841 480 Amen.

3739 203 3851 267 ’196

2272 515 2381 569 Per
2405 512 2873 570 misericordiam
2902 515 3086 567 tuam.

2275 602 2614 671 Antiphona
2640 605 2694 658 1.
2756 595 3030 655 Ιιωῐίὼοιο
3068 601 3124 652 et
3153 594 3436 654 exultabo
3458 596 3521 653 in
3541 601 3594 654 te
3620 619 3632 658 ;
3654 605 3711 657 et
3731 600 3858 672 98

2203 689 2465 761 psallam
2487 689 2834 746 nominituo
2863 686 3181 744 Altissime.
3213 685 3486 742 Psalmus
3527 705 3602 743 ix.

2281 779 2504 835 Oratio.
2535 781 2598 834 In
2630 781 2751 835 toto
2773 775 2950 833 corde
2972 779 3174 831 nostro
3191 774 3613 832 conﬁtebimur
3628 778 3868 835 nomini

2207 870 2312 923 tuo
2337 866 2607 932 Domine,
2647 866 2806 938 quod
2835 863 3144 920 inimicum
3206 867 3478 920 nostrum
3532 868 3867 923 retrorsum

2207 955 2398 1010 redire
2414 954 2631 1020 fecisti;
2660 954 2806 1010 dum
2831 969 2970 1010 eum
3001 949 3393 1024 potentialiter
3426 951 3607 1023 ignea
3653 961 3871 1013 catena

2207 1043 2442 1099 vinxisti
2462 1059 2476 1108 ;
2495 1047 2553 1098 et
2574 1058 2684 1099 nos
2704 1042 2777 1098 de
2808 1041 2992 1114 portis
3021 1042 3247 1106 mortis,
3279 1042 3582 1112 passionis
3609 1047 3725 1100 tuae
3744 1046 3868 1102 vic-

2209 1130 2794 1187 torialiberasti.Esto
2813 1146 3380 1204 nunc,quaesumus,
3417 1134 3618 1188 custos
3639 1135 3871 1192 redem-

2208 1224 2470 1291 ptorum,
2497 1219 2599 1291 qui
2634 1219 2894 1292 pretium
2913 1218 3106 1275 factus
3150 1235 3212 1274 es
3270 1225 3660 1291 peccatorum
3694 1229 3868 1281 :esto

2211 1307 2509 1378 refugium
2539 1323 2890 1379 pauperum,
2925 1305 3191 1363 defensio
3211 1306 3870 1382 viduarum,etprotec-

2212 1395 2294 1451 tio
2310 1395 2674 1468 pupillorum
2699 1413 2711 1450 :
2740 1400 2804 1452 ut
2822 1394 2969 1451 dum
3000 1394 3375 1466 singulorum
3409 1399 3870 1456 necessitatibus

2213 1483 2499 1554 singulari
2523 1484 2726 1541 favore
2755 1484 3121 1550 subveneris,
3141 1483 3431 1554 singulari
3451 1485 3567 1544 ﬁde
3583 1488 3870 1545 acunctis

2213 1572 2641 1630 incessabiliter
2678 1573 3057 1630 collauderis.
3085 1585 3148 1645 13;.
3185 1573 3395 1631 Amen.

2135 1679 2182 1734 Β
2284 1665 2389 1719 Per
2425 1660 2898 1720 misericordiam
2921 1665 3105 1718 tuam.

2817 1751 2888 1806 In
2944 1751 3251 1810 Laudibus.

2290 1839 2639 1910 Antiphona
2665 1844 2720 1896 2.
2749 1839 2876 1896 Tibi
2904 1839 3217 1896 derelictus
3243 1843 3330 1897 est
3359 1857 3615 1916 pauper:
3640 1843 3872 1916 pupillo

2219 1921 2284 1985 tu
2313 1929 2426 1984 eris
2447 1928 2707 2000 adjutor.
2727 1927 2993 1985 Psalmus
3015 1946 3088 1985 1x.
3123 1931 3365 1987 Divisio.

2295 2017 2514 2074 Oratio.
2549 2017 2794 2074 Adverte
2834 2018 3077 2074 Domine
3107 2018 3382 2076 inimicos
3404 2022 3639 2077 nostros
3657 2024 3876 2078 retror-

2223 2121 2356 2161 sum
2375 2123 2392 2176 ;
2418 2111 2501 2172 ut,
2520 2103 2667 2161 dum
2679 2105 3328 2178 aspicis,infirmentur,
3347 2111 3526 2180 atque
3549 2109 3678 2181 ipse
3703 2109 3804 2181 adj
3815 2127 3879 2167 u-

2224 2195 2392 2250 torin
2421 2194 2965 2266 opportunitatibus
3002 2195 3064 2250 in
3095 2195 3497 2262 tribulatione,
3523 2199 3875 2271 opportuni-

2225 2284 2413 2339 tatum
2437 2281 2612 2338 nobis
2641 2282 2892 2353 gratiam
2913 2287 3160 2355 praesta;
3185 2287 3240 2340 et
3263 2283 3704 2343 tribulationem
3731 2304 3878 2359 pon—

2224 2370 2337 2427 dus
2367 2373 2634 2427 attenua:
2659 2373 2722 2426 ut
2748 2387 2857 2427 nec
2887 2373 3247 2444 prosperitas
3277 2389 3387 2430 nos
3415 2380 3651 2432 revocet
3677 2376 3754 2433 ad
3773 2392 3878 2433 ne-

2226 2460 2707 2531 gligentiam,nec
2738 2460 3014 2531 angustia
3043 2463 3344 2534 pertrahat
3381 2463 3455 2520 ad
3473 2465 3745 2526 ruinam:
3768 2466 3877 2522 sed

2225 2549 2527 2605 miseratio
2553 2553 2655 2605 tua
2682 2565 2794 2605 nos
2826 2549 3112 2621 perducat
3150 2551 3228 2608 ad
3254 2551 3513 2610 veniam.
3539 2566 3606 2625 Βί.
3644 2559 3869 2613 Amen.

2296 2639 2402 2694 Per
2420 2635 2891 2694 misericordiam
2921 2642 3110 2696 tuam.

2299 2743 2640 2812 Antiphona
2661 2748 2712 2800 3.
2746 2745 3115 2802 Desiderium
3141 2762 3476 2820 pauperum
3504 2750 3743 2808 exaudit
3765 2750 3883 2808 Do-

2229 2832 2448 2889 minus.
2477 2833 2748 2890 Psalmus
2767 2850 2844 2890 1x.
2875 2835 3122 2891 Divisio.

2303 2940 2517 2998 Oratio.
2541 2941 2910 2998 Desiderium
2931 2947 3167 3000 tuorum
3179 2943 3426 3001 Domine
3441 2959 3781 3018 pauperum
3798 2947 3886 3003 sic

2296 3030 2469 3085 tende
2499 3030 2892 3102 propitius,ut
2909 3035 2965 3088 et
2985 3031 3284 3089 donorum
3302 3034 3623 3090 caelestium
3635 3036 3883 3106 copiam

2230 3117 2404 3174 nobis
2428 3117 2660 3174 tribuas
2687 3135 2700 3186 ;
2720 3124 2776 3176 et
2794 3135 3063 3177 amorem
3084 3124 3572 3193 praetereuntium
3594 3138 3797 3179 rerum
3849 3127 3890 3180 a

2231 3206 2410 3263 nobis
2442 3212 2708 3264 avertas:
2729 3209 2893 3266 auris
2947 3223 3188 3281 quoque
3217 3214 3319 3268 tua
3346 3217 3619 3269 nostram
3637 3212 3720 3269 ita
3741 3227 3872 3269 ora-

2231 3295 2454 3352 tionem
2487 3296 2794 3367 intelligat,
2827 3302 2895 3354 ut
2921 3299 3067 3354 dum
3089 3300 3316 3371 pupillo
3342 3300 3670 3373 humilique
3719 3301 3885 3372 judi-

2231 3384 2390 3441 cium
2415 3383 2646 3452 feceris,
2673 3390 2924 3458 paterna
2943 3386 3117 3444 nobis
3132 3387 3505 3460 indulgentia
3527 3389 3884 3456 blandiaris;

2231 3479 2287 3530 et
2313 3489 2423 3545 pro
2450 3474 2860 3532 humiliatione
2907 3477 3296 3548 praesentium
3327 3479 3554 3549 gaudia
3575 3478 3883 3536 retribuas

2229 3567 2606 3620 aeternorum.
2637 3575 2708 3635 Βι.
2737 3569 2947 3622 Amen.

2298 3655 2406 3708 Per
2430 3653 2902 3709 misericordiam
2937 3657 3124 3710 tuam.

2301 3753 2364 3813 ﬁ.
2393 3741 2717 3798 Auxiliator
2772 3758 2942 3798 meus
2969 3759 3032 3799 es
3084 3748 3165 3811 tu,
3207 3744 3475 3810 Domine,
3508 3757 3584 3800 ne
3623 3743 3887 3802 derelin-

2231 3845 2382 3902 quas
2407 3847 2524 3887 me.
2579 3835 2634 3888 P.
2679 3833 2745 3886 Et
2785 3847 2861 3888 ne
2907 3831 3203 3904 despicias
3247 3849 3365 3901 me,
3421 3835 3578 3890 Deus
3619 3834 3890 3892 salvator

2231 3935 2420 3977 meus.
2443 3920 2506 3980 ἣν.
2532 3922 2746 3991 Legem
2767 3920 2913 3977 mihi
2936 3921 3233 3978 constitue
3265 3923 3513 3979 Domine
3539 3922 3602 3978 in
3629 3924 3731 3980 via
3755 3925 3879 3990 tua,

2232 4013 2289 4066 et
2319 4009 2506 4080 dirige
2526 4025 2622 4066 me
2652 4011 2714 4066 in
2740 4011 2953 4067 semita
2975 4016 3152 4068 recta.
3179 4011 3320 4068 P.Et
3349 4027 3424 4067 ne
3449 4011 3775 4085 despicias.
3822 4013 3882 4075 ν.

2233 4100 2444 4168 Gloria,
2487 4105 2545 4157 et
2567 4101 2781 4168 honor,
2807 4103 2916 4157 etc.
2935 4101 3290 4158 Reiteretur.
3322 4113 3388 4173 Βτ.

2301 4206 2387 4262 Ad
2407 4209 2744 4265 Canticum.
2769 4205 3140 4278 Antiphona.
3173 4210 3324 4265 Deus
3347 4207 3734 4280 omnipotens
3785 4219 3886 4266 no-

2232 4312 2370 4353 men
2399 4301 2487 4353 est
2514 4297 2586 4364 ei,
2616 4297 2932 4353 benedicat
2956 4297 3150 4365 nobis,
3187 4302 3244 4354 et
3269 4311 3530 4355 crescere
3554 4311 3679 4355 non
3709 4297 3887 4356 faciat

2154 4383 2200 4440 D
2230 4385 2294 4442 in
2322 4389 2549 4442 turmas
2569 4385 2953 4457 populorum.

2446 4493 2747 4548 Canticum
2770 4491 2998 4548 Genesis
3032 4490 3195 4564 (Cap.
3218 4487 3401 4558 XXVlI,
3430 4494 3657 4565 xxvm).

2303 4601 2448 4656 Ecce
2477 4600 2626 4656 odor
2650 4599 2756 4655 ﬁlii
2777 4599 2894 4655 mei
2949 4599 3102 4656 sicut
3149 4598 3299 4656 odor
3336 4598 3466 4669 agri
3517 4599 3700 4672 pleni,
3736 4601 3757 4624 ‘
3787 4599 3883 4657 cui

2230 4688 2533 4745 benedixit
2569 4689 2874 4744 Dominus.

2303 4781 2407 4834 Det
2427 4777 2534 4833 tibi
2559 4777 2848 4833 Dominus
2878 4777 2953 4833 de
2980 4792 3112 4833 rore
3143 4772 3300 4846 coeli,
3330 4776 3471 4833 etde
3514 4775 3887 4850 pinguedine

2231 4872 2421 4934 terras,
2455 4867 2895 4924 abundantiam
2924 4865 3224 4939 frumenti,
3256 4866 3638 4938 viui,etolei,‘
3671 4867 3891 4926 etadu-

2231 4960 2362 5013 rent
2394 4959 2449 5013 te
2481 4955 2666 5012 tribus
2690 4973 2704 5012 :

2305 5048 2438 5103 Esto
2468 5045 2755 5102 Dominus
2784 5043 3035 5102 fratrum
3081 5049 3342 5112 tuorum,
3373 5045 3392 5066 ⁶
3413 5048 3470 5101 et
3503 5043 3898 5104 incurventur

2233 5138 2369 5192 ante
2392 5139 2445 5191 te
2475 5135 2580 5190 ﬁlii
2611 5133 2816 5191 matris
2843 5137 2961 5190 tuae
2990 5149 3004 5190 :

2305 5227 2457 5279 Deus
2487 5227 2688 5280 autem
2713 5223 3091 5296 omnipotens
3113 5221 3429 5279 benedicat
3450 5223 3571 5290 tibi,
3599 5223 3618 5245 ·
3648 5225 3706 5281 et
3768 5239 3896 5281 cre-

2232 5327 2393 5368 scere
2419 5317 2474 5367 te
2502 5312 2700 5380 faciat,
2729 5318 2909 5385 atque
2940 5311 3290 5385 multiplicat
3321 5316 3420 5369 :ut
3436 5312 3519 5368 sis
3549 5313 3612 5369 in
3655 5315 3894 5370 turmas

2228 5400 2590 5473 populorum
2603 5445 2617 5459 .

2300 5491 2367 5546 Et
2394 5489 2493 5548 det
2512 5489 2616 5548 tibi
2641 5487 3088 5549 benedictiones
3099 5489 3426 5562 Abraham,
3456 5489 3513 5548 et
3542 5487 3767 5548 semini
3783 5494 3887 5550 tuo
