4102 6176
228 263 334 318 197
1236 264 1443 321 FERIA
1484 259 1555 321 ῐῐῘ
1596 263 1774 324 POST
1813 267 1848 322 Ο

2023 267 2152 326 7AM
2192 273 2619 336 ΕΡῙΡΗΑΝΙᾹΞ.
3544 295 3643 355 198

226 390 367 459 post
419 389 477 441 te
507 404 521 440 :
558 390 574 403 '
632 388 695 441 ut
740 385 1052 458 possideas
1107 388 1325 444 terram
1392 391 1886 461 peregrinationis
1919 392 1965 447 A
1995 406 2063 465 ἢ.
2095 397 2303 468 Gloria,
2337 406 2392 459 et
2427 404 2638 472 honor,
2672 405 2778 461 etc.
2812 407 2870 460 P.
2906 407 2975 466 Et
2997 423 3134 469 ossa
3171 426 3402 473 eorum.
3446 417 3642 476 Domi-

226 480 362 532 tuae.
1995 498 2107 539 nus
2139 487 2209 541 sit
2241 504 2488 562 semper.
2524 504 2586 560 11v.
2616 491 2681 547 Et
2715 510 2874 551 cum.

293 565 847 660 Anlipltona._Deus
864 564 1485 660 omnipotensnomen
1502 568 1679 634 estei,
1699 567 1881 625 bene-
2014 659 2018 660 ν
2062 573 2189 630 Alia
2220 579 2446 635 Lauda.
2466 579 2688 636 Clamor
2702 590 2900 640 noster
2914 587 2993 641 ad
3019 590 3072 642 te
3096 593 3426 660 perveniat,
3455 595 3613 654 Deus

221 654 378 742 dicat
411 653 607 721 nobis,
641 657 695 707 et
721 667 984 708 crescere
1011 668 1122 708 nos
1153 653 1331 710 faciat
1353 654 1413 710 in
1441 660 1668 713 turmas
1695 674 1883 730 popu-
1989 659 2253 728 Alleluia,
2296 667 2549 734 alleluia,
2583 639 2856 728 alleluia.
3144 639 3637 742 EQEEBXJS:

221 741 438 839 lorum.
479 832 513 839 Δ.
647 832 655 839 ¹
929 830 970 839 η
1289 830 1326 839 υ
1988 764 2125 805 nem
2142 762 2424 812 nostram.
2444 758 2509 812 P.
2534 758 2765 815 Clamor
2783 767 3000 818 noster.
3027 763 3090 824 V.
3105 765 3327 834 Gloria,
3347 773 3404 826 et
3421 770 3635 839 honor,

294 832 784 885 Matutinarium.
826 839 896 896 ηδ.
925 830 1089 884 Mane
1115 830 1397 886 exaudies
1424 849 1633 888 vocem
1658 850 1875 900 meam,
1989 842 2092 894 etc.
2129 842 2183 894 P.
2214 841 2477 909 Alleluia,
2512 845 2765 916 alleluia,
2799 849 3054 907 alleluia.

219 919 490 1012 Domine.
521 919 589 974 P.
651 921 820 1012 Mane
875 917 1132 1012 adstabo
1155 919 1378 1012 tibi,‘et
1409 921 1675 1012 adorabo
1708 927 1778 979 te.
1814 924 1872 983 ὢν.
2057 929 3635 1012 Benedictio.Dignare,Domine,hanc.Quaerefol.97.

222 1009 414 1064 Verba
436 1024 570 1064 mea
598 1007 845 1098 auribus
865 1009 1126 1078 percipe,
1155 1009 1402 1065 Domine
1439 1010 1732 1082 :intellige
1759 1012 1876 1069 cla-
1983 1013 2063 1068 Et
2091 1017 2290 1072 statim
2317 1020 2422 1085 fac
2465 1027 3043 1082 commemorationes
3074 1043 3224 1098 quas
3274 1007 3637 1090 cons'uevisti

217 1114 444 1153 morem
465 1113 690 1152 meum.
707 1097 776 1151 P.
795 1098 960 1152 Mane
977 1097 1248 1152 adstabo.
1267 1096 1327 1157 Ψ.
1355 1098 1566 1168 Gloria,
1594 1101 1873 1165 ethonor,
1979 1103 2198 1170 facere,
2231 1107 2473 1163 scilicet.
2497 1111 2583 1165 Ad
2605 1096 3289 1173 annuntiandummane
3306 1118 3636 1179 misericor-

215 1189 329 1244 etc,
377 1186 705 1242 Reiteretur
725 1196 787 1252 ἢ.
818 1187 981 1239 Mane
1003 1185 1304 1240 exaudies.
1983 1189 2147 1246 diam
2172 1199 2354 1263 tuam,
2383 1201 2491 1251 etc.

290 1276 528 1364 Lauda.
542 1278 606 1364 ln
623 1273 837 1364 sanctis
856 1272 1234 1364 ejuslaudate
1248 1275 1586 1364 Dominum.
1603 1276 1868 1343 Alleluia,
2052 1281 2272 1336 Oratio.
2288 1285 2470 1348 Mane,
2494 1285 2760 1349 Domine,
2774 1289 2962 1345 oratio
2983 1294 3204 1348 nostra.
3224 1293 3426 1359 Quwre
3435 1295 3546 1364 fol.
3565 1300 3620 1354 7.

216 1362 462 1419 alleluia
494 1381 505 1416 :
535 1363 592 1416 in
617 1362 991 1416 ﬁrmamento
1013 1361 1241 1417 virtutis
1262 1363 1392 1432 ejus
1413 1363 1651 1420 laudate
1677 1366 1864 1420 Domi‘
2046 1369 2257 1424 Lauda
2283 1369 2355 1425 de
2373 1373 2558 1440 fonte.
2578 1374 2732 1429 Fons
2753 1376 2861 1431 iste
2889 1379 3023 1432 vita:
3050 1381 3226 1435 nobis
3247 1396 3329 1436 es.
3353 1361 3600 1441 Alleluia

209 1467 384 1506 num.
422 1449 684 1506 Alleluia.
713 1448 972 1505 alleluia.
1005 1449 1098 1504 Ps.
1130 1465 1216 1504 CL.
1978 1455 2042 1510 P.
2072 1458 2221 1521 Quia
2251 1461 2477 1516 Sanctis
2508 1463 3407 1528 tuiscircumdatuses.Alleluia.
3429 1471 3490 1533 ill.
3519 1473 3626 1528 Ri-.

278 1540 612 1632 Prophetia.
641 1537 760 1604 Fili,
784 1538 944 1594 Habe
977 1536 1264 1595 ﬁduciam
1285 1539 1346 1596 in
1377 1541 1647 1598 Domino.
1671 1542 1868 1609 Quaere
1977 1548 2998 1622 gansmontesdesuperioribustuis
3028 1557 3132 1612 :de
3147 1557 3344 1615 fructu
3371 1575 3627 1632 operum

201 1631 318 1698 fol.
368 1634 460 1686 95.
1976 1639 2214 1690 tuorum
2255 1638 2564 1695 satiabitur
2602 1644 2776 1698 terra.
2813 1644 2876 1698 P.
2914 1645 3061 1711 Quia
3095 1648 3326 1704 Sanctis
3368 1631 3501 1707 tuis.
3560 1650 3624 1711 ἲν.

889 1717 1186 1787 Hymnus.
1899 1731 1940 1785 Β
1977 1723 2187 1791 Gloria,
2221 1731 2277 1782 et
2298 1727 2510 1794 honor,
2545 1735 2656 1785 etc.
2691 1731 2747 1784 P.
2779 1731 3043 1800 Alleluia,
3082 1734 3342 1794 alleluia.

457 1806 613 1862 Deus
637 1805 838 1861 aeterni
865 1804 1113 1895 luminis
2590 1837 2678 1890 Ad
2709 1837 2993 1895 Tertiam.

387 1895 624 1951 Candor
652 1894 1090 1960 inenarrabilis,

385 1986 682 2039 Venturus
707 1981 821 2037 diei
840 1982 1045 2052 judex,

385 2073 498 2138 Qui
533 2071 748 2127 mentis
776 2070 1011 2126 occulta
1039 2069 1227 2126 vides.

452 2164 537 2217 Tu
563 2176 815 2231 regnum
852 2159 1139 2215 caelorum
1164 2161 1351 2226 tenes,

385 2253 450 2304 Et
475 2255 633 2304 totus
664 2249 724 2303 in
765 2248 948 2303 verbo
975 2251 1036 2303 tu
1073 2262 1153 2313 es,

381 2338 497 2394 Per
528 2337 737 2393 Filium
764 2341 977 2392 cuncta
1010 2337 1166 2407 regis

383 2428 602 2483 Sancto
633 2425 873 2497 Spiritui
913 2425 1047 2480 fons
1077 2439 1160 2480 es.

453 2515 697 2570 Trinum
718 2528 943 2569 nomen
981 2513 1100 2569 alta
1127 2511 1318 2577 vides,

382 2606 579 2660 Unum
619 2618 724 2674 per
754 2601 963 2658 omnia
992 2606 1184 2673 potes,

381 2694 713 2763 Mirumque
743 2707 850 2762 per
882 2691 1119 2760 signum
1147 2690 1344 2746 Crucis

376 2785 461 2837 Tu
493 2785 683 2836 rector
709 2780 1021 2835 immensae
1052 2779 1228 2834 lucis.

449 2873 533 2925 Tu
566 2867 777 2925 mundi
805 2869 1156 2924 constitutor
1185 2884 1266 2932 es,

379 2963 461 3016 Tu
493 2959 857 3031 sempiterno
879 2957 1094 3013 throno
1116 2958 1284 3014 sedes

383 3048 587 3113 iudex,
623 3064 694 3103 ex
719 3047 837 3104 alto
871 3045 1112 3102 Humilis

381 3138 598 3194 Venisti
627 3136 749 3208 pati
772 3153 882 3208 pro
908 3135 1108 3190 nobis.

449 3230 532 3282 Tu
561 3225 826 3282 Sabaoth
856 3223 1258 3297 omnipotens,

373 3316 459 3370 Tu
490 3317 775 3369 Hosanna
805 3312 1024 3368 summi
1053 3311 1354 3381 culminis,

2045 1937 2380 2006 Prophelia.
2411 1939 2783 2009 Fili,Custodi
2808 1959 3135 2001 sermones.
3156 1946 3370 2013 Quwre
3382 1949 3493 2017 fol.
3523 1950 3592 2004 96
3609 1991 3626 2019 ,

2041 2026 2394 2094 Antiphona
2414 2031 2666 2086 LJustus
2689 2031 2977 2089 Dominus
2992 2034 3353 2105 etjustitiam
3377 2035 3579 2093 dilexit
3607 2053 3621 2092 :

1972 2114 2314 2184 {equitatem
2333 2117 2478 2172 vidit
2515 2119 2711 2174 vultus
2736 2121 2884 2192 ejus,
2918 2123 3183 2179 Psalmus
3212 2142 3274 2182 x.

2044 2203 2274 2259 Oratio.
2311 2207 2508 2261 Justus
2529 2223 2610 2277 es,
2632 2210 2900 2280 Domine,
2925 2216 2980 2267 et
3003 2213 3297 2284 justitiam
3325 2212 3522 2284 diligis
3542 2221 3624 2272 at-

1970 2304 2086 2360 que
2100 2293 2319 2363 aspicis
2338 2295 2677 2366 aequitatem
2713 2315 2724 2352 :
2743 2298 2904 2356 dona
2916 2299 3096 2356 nobis
3114 2306 3251 2358 ante
3268 2302 3474 2358 oculos
3490 2307 3624 2359 tuos

1970 2378 2075 2434 tibi
2089 2380 2298 2451 placita
2311 2392 2364 2437 et
2377 2384 2664 2454 placitura
2674 2389 2957 2459 perﬁcere
2975 2409 2986 2456 ;
3003 2399 3056 2447 et
3070 2407 3298 2463 semper
3309 2391 3496 2462 digna
3507 2396 3622 2448 tuas

1965 2466 2200 2535 justitiee
2215 2478 2404 2542 atquae
2418 2475 2708 2545 aequitatis
2721 2492 2900 2548 opera
2913 2482 3620 2553 consummare.Bz.Amen.

2039 2556 2144 2611 Per
2182 2561 2677 2620 misericordiam.

2041 2665 2386 2732 Antiphona
2407 2671 2456 2721 2.
2479 2671 2579 2734 Tu,
2602 2669 2870 2739 Domine,
2891 2673 3158 2728 servabis
3173 2688 3316 2729 nos:
3350 2681 3406 2728 et
3425 2679 3616 2732 custo-

1967 2752 2094 2808 dies
2120 2768 2231 2808 nos
2265 2757 2302 2808 ὲ,
2329 2756 2708 2824 generatione
2738 2758 2799 2812 in
2829 2760 3134 2828 progenie.
3163 2761 3434 2815 Psalmus
3465 2778 3544 2816 x1.

2039 2841 2259 2896 Oratio.
2294 2842 2532 2896 Custodi
2562 2858 2692 2909 nos,
2728 2845 2996 2908 Domine,
3032 2845 3092 2900 in
3127 2846 3526 2916 generatione,
3561 2853 3616 2901 et

1965 2929 2283 3001 progenie;
2306 2945 2414 2986 nec
2444 2947 2582 2986 cum
2609 2934 2889 3004 praesenti
2908 2933 3225 2990 volvamur
3252 2933 3489 3005 saeculo,
3512 2933 3618 3006 qui

1965 3023 2066 3075 tuo
2088 3020 2214 3089 jam
2253 3019 2600 3077 inhaesimus
2629 3022 3022 3080 fundamento
3051 3040 3064 3079 :
3099 3024 3205 3079 sed
3234 3024 3617 3080 miseriarum

1965 3116 2303 3165 nostrarum
2332 3110 2670 3167 consolator
2711 3127 2953 3182 exurge,
2985 3120 3041 3169 et
3068 3118 3362 3186 proventu
3399 3113 3614 3170 laetitiae

1964 3211 2250 3254 maerores
2279 3203 2516 3255 nostros
2543 3200 2833 3273 absterge.
2869 3212 2931 3272 1p.
2955 3203 3167 3259 Amen.

2034 3288 2138 3343 Per
2162 3288 2653 3345 misericordiam.

374 3402 502 3458 Tibi
539 3402 672 3458 laus
704 3406 788 3457 est
821 3400 1128 3468 mirabilis,
2031 3394 2441 3462 Antiphona3.
2464 3394 2730 3450 Cantabo
2747 3393 3000 3449 Domino
3018 3396 3136 3448 Deo
3152 3407 3309 3458 meo,
3330 3391 3612 3462 quibona

373 3493 457 3546 Tu
488 3505 551 3546 es
585 3491 781 3562 prima
810 3490 1139 3545 Anastasis.
1962 3481 2162 3538 tribuit
2183 3482 2328 3539 mihi
2360 3499 2374 3538 :
2408 3484 2561 3539 Deus
2585 3498 2774 3548 meus,
2799 3481 2902 3538 tibi
2918 3480 3195 3552 psallam.
3214 3480 3474 3537 Psalmus
3504 3496 3607 3537 x11.

448 3583 531 3636 Tu
558 3579 697 3634 ﬁdei
731 3579 966 3635 auditor
988 3595 1068 3634 es.
2032 3572 2372 3628 Reiteretur
2393 3573 2755 3643 Antiphona.

377 3671 439 3725 Et
459 3667 715 3724 humiles
737 3671 800 3724 tu
826 3665 1094 3740 respicis,
2032 3671 2093 3728 ἢ.
2128 3660 2440 3715 Absconde
2471 3675 2566 3714 me
2596 3660 2658 3714 in
2684 3657 3068 3715 tabernaculo
3097 3660 3220 3722 tuo,
3254 3660 3426 3714 Deus.
3451 3660 3510 3712 P.
3544 3658 3612 3713 ln

375 3758 497 3814 Tibi
529 3757 713 3813 altum
745 3757 910 3812 vides
937 3757 1243 3824 thronum,
1959 3745 2054 3802 die
2066 3747 2358 3803 malorum
2373 3748 2844 3804 meorumlibera
2858 3747 3054 3808 medi.
3073 3746 3608 3816 Exaudi,Domine,

373 3848 498 3904 Tibi
520 3847 759 3903 divinus
793 3850 882 3902 est
912 3847 1124 3902 honor.
1958 3851 2165 3892 vocem
2197 3850 2395 3892 meam
2421 3852 2543 3908 qua
2563 3837 2818 3893 clamavi
2843 3837 2922 3893 ad
2946 3840 3000 3892 te
3032 3851 3046 3892 :
3081 3835 3358 3891 miserere
3386 3835 3528 3905 mei,
3554 3837 3612 3890 et

446 3937 814 4008 Christoque,
854 3939 1074 3990 aeterno
1103 3937 1220 3990 Deo
1958 3924 2175 3981 exaudi
2204 3937 2321 3981 me.
2349 3927 2407 3979 P.
2443 3928 2502 3979 In
2533 3924 2628 3980 die
2652 3925 2967 3982 malorum.
2991 3923 3054 3985 ἲν.
3079 3923 3290 3993 Gloria,
3323 3927 3378 3979 et
3393 3923 3605 3993 honor,

371 4025 548 4088 Patri,
581 4041 720 4080 cum
755 4025 971 4080 Sancto
995 4023 1233 4096 Spiritu,
1959 4018 2068 4068 etc.
2100 4013 2454 4069 Reileretw‘.
2482 4011 2544 4074 ἲν.

371 4119 438 4169 In
469 4120 524 4169 te
544 4115 847 4170 solvamus
869 4128 1123 4170 munera
2029 4101 2317 4156 Dominus
2350 4103 2425 4157 sit
2454 4115 2706 4173 semper.
2739 4100 2801 4162 ἣν.
2846 4103 2912 4156 Et
2940 4114 3104 4156 cum.

375 4206 427 4254 A
455 4201 753 4258 smculisin
765 4201 1009 4258 saecula.
2029 4206 2256 4261 Lauda.
2289 4204 2552 4272 Alleluia,
2592 4204 2847 4261 alleluia.
2875 4206 3122 4275 Magnus
3145 4202 3433 4260 Dominus
3469 4216 3610 4258 nos-

446 4295 647 4347 Amen.
1959 4300 2060 4359 ter,
2094 4298 2147 4348 et
2169 4308 2390 4362 magna
2412 4293 2593 4349 virtus
2611 4294 2738 4363 ejus
2771 4308 2786 4348 :
2818 4293 2876 4347 P.
2904 4292 3170 4349 Alleluia.
3200 4291 3264 4353 ἲν.
3295 4291 3608 4362 Etsapien-

247 4381 380 4455 99
406 4379 806 4477 Supplicatio.
847 4381 1098 4438 Oremus
1127 4379 1567 4454 redemptorem
1611 4387 1844 4444 mundi.
1876 4419 1922 4477 D
1960 4382 2049 4437 tite
2082 4382 2211 4453 ejus
2243 4397 2364 4437 non
2396 4385 2481 4437 est
2509 4397 2818 4437 numerus.
2856 4382 2914 4436 P.
2947 4381 3214 4446 Alleluia,
3250 4378 3510 4436 alleluia.
3538 4377 3605 4438 ἲν.

172 4475 461 4546 Require,
499 4469 599 4527 fol.
635 4475 722 4526 96.
1877 4469 1917 4477 ⁷
1957 4471 2171 4537 Gloria,
2204 4476 2259 4526 et
2293 4470 2506 4536 honor,
2536 4475 2643 4527 etc.
2671 4470 2735 4527 P.
2770 4470 3036 4535 Alleluia,
3072 4469 3331 4525 alleluia.

249 4559 844 4631 Capitula.Auribus
865 4558 1396 4634 tuis,omnipotens
1415 4561 1589 4632 Deus,
1609 4565 1845 4637 percipe
2026 4560 2248 4617 Preces.
2278 4559 2504 4615 Exaudi
2532 4575 2661 4628 nos,
2697 4561 2867 4615 Deus.
2919 4560 2977 4614 P.
3014 4557 3262 4614 Exaudi.
3312 4557 3375 4616 llr.
3405 4554 3497 4609 Ad
3547 4557 3606 4609 te

171 4648 358 4707 verba
382 4649 505 4705 oris
528 4649 717 4704 nostri
746 4664 759 4713 ;
794 4653 1098 4705 ettuorum
1125 4649 1386 4706 diluculo
1409 4651 1731 4707 clamorem
1756 4654 1844 4723 pie
1953 4649 2296 4716 clamantes,
2332 4650 2502 4705 Deus.
2535 4650 2596 4704 P.
2644 4649 2890 4705 Exaudi.
2928 4647 2990 4709 Ψ.
3040 4651 3196 4703 Bone
3245 4645 3605 4713 Redemptor

173 4742 476 4794 scrutator
507 4735 767 4806 intellige
801 4754 813 4792 :
848 4753 917 4794 ac
952 4742 1064 4793 tua}
1088 4739 1415 4795 voluntatis
1441 4744 1610 4795 scuto
1631 4740 1711 4796 ita
1733 4757 1843 4798 nos
1952 4738 2130 4795 Deus.
2151 4741 2209 4794 P.
2233 4737 2474 4793 Exaudi.
2509 4736 2570 4798 ν.
2595 4738 2886 4795 Contritos
2906 4736 3103 4800 corde,
3134 4738 3305 4790 Deus.
3329 4735 3390 4790 P.
3417 4734 3604 4788 Exau~

170 4826 501 4898 paemuniri
533 4825 816 4893 concede,
843 4831 906 4883 ut
932 4825 1151 4884 vitiosa
1171 4828 1472 4900 suggestio
1498 4832 1712 4884 mentis
1739 4846 1841 4887 no-
1950 4826 2029 4883 di.
2064 4827 2123 4888 ἡ.
2158 4829 2236 4883 De
2267 4827 2379 4883 tuis
2409 4825 2590 4892 ccelis,
2631 4831 2784 4882 Deus
2813 4827 2870 4881 Ρ.
2897 4824 3139 4882 Exaudi.

175 4921 453 4972 sti'anon
475 4914 955 4987 valeatinrepere
989 4917 1100 4973 :sit
1119 4933 1358 4990 quoque
1373 4918 1675 4975 orandiad
1693 4925 1743 4975 te
1751 4921 1842 4991 ju-
2023 4916 2324 4984 Capitula.
2359 4916 2620 4987 Respice,
2652 4915 2943 4972 etexaudi
2968 4931 3102 4978 nos,
3139 4911 3410 4976 Domine,
3447 4913 3602 4968 Deus

171 5007 263 5076 gis
300 5022 370 5062 ac
397 5005 527 5062 ﬁda
553 5004 813 5071 devotio,
849 5011 910 5062 ut
939 5006 1363 5078 contemplatio
1389 5010 1490 5063 tua
1512 5009 1686 5066 nobis
1730 5009 1836 5065 tri-
1948 5009 2151 5061 noster
2178 5022 2190 5059 :
2216 5010 2270 5060 et
2309 5004 2386 5060 ad
2428 5005 2790 5076 placendum
2821 5004 2925 5060 tibi
2966 5008 3216 5059 conatus
3247 5006 3451 5060 nostro
3500 5002 3603 5059 ad-

169 5094 395 5150 buatur
423 5095 490 5148 in
517 5093 834 5149 matutino.
1941 5093 2106 5166 juva,
2148 5109 2300 5165 quos
2329 5094 2454 5165 ipse
2485 5093 2739 5150 tribuisti
2773 5111 2786 5149 :
2814 5094 2896 5150 da
2924 5095 3108 5150 ﬁnem
3129 5094 3345 5166 operis,
3376 5091 3600 5164 quide-

245 5184 414 5238 Pater
435 5187 659 5238 noster.
681 5183 727 5236 A
745 5181 904 5238 malo
927 5198 1037 5239 nos
1057 5182 1649 5254 libera.Requirc/‘ol.
1683 5186 1764 5239 10.
1946 5181 2081 5238 disti
2108 5183 2468 5254 principium
2497 5183 2816 5240 voluntatis
2848 5200 2860 5239 :
2895 5184 2996 5251 da,
3038 5189 3102 5239 ut
3127 5187 3432 5255 possimus
3481 5179 3597 5231 im-

243 5269 483 5325 Lauda.
532 5268 948 5325 Confortentur
979 5287 1193 5327 manus
1224 5271 1458 5326 Domini
1508 5271 1568 5326 in
1610 5271 1837 5327 Sanctis
1946 5270 2123 5341 plere.
2153 5287 2288 5342 quae
2320 5271 2549 5337 dedisti,
2587 5279 2645 5327 ut
2673 5273 2922 5329 velimus
2949 5275 3232 5344 incipere.

163 5359 326 5430 ejus.
354 5359 626 5414 Alleluia.
658 5360 726 5415 P.
771 5362 834 5413 Et
877 5376 1017 5415 ossa
1063 5377 1269 5416 eorum
1303 5359 1461 5416 velut
1488 5359 1675 5417 herba
1714 5377 1838 5430 ger-
2017 5360 2184 5414 Pater
2208 5365 2425 5415 noster.
2461 5365 2505 5414 A
2530 5361 2690 5417 malo
2717 5379 2829 5418 nos
2874 5363 3077 5418 libera.
3115 5361 3325 5423 Quaere
3357 5351 3467 5420 fol.
3507 5352 3590 5404 10.

160 5448 515 5504 minabunt.
551 5447 820 5513 Alleluia,
855 5447 1108 5505 alleluia.
1154 5449 1214 5510 ἲν.
1249 5449 1498 5505 Plantati
1537 5449 1597 5504 in
1647 5450 1835 5506 Domo
2015 5448 2112 5503 Ad
2140 5455 2390 5521 sextam,
2433 5452 2634 5508 omnia
2667 5453 2948 5510 dicantur
2977 5456 3039 5503 ut
3095 5449 3156 5501 in
3195 5446 3402 5510 Sexta,
3462 5453 3593 5510 quae

160 5533 918 5605 Domini,inatriisdomus
931 5535 1032 5593 Dei
1048 5535 1250 5596 nostri.
1279 5536 1343 5596 P.
1366 5538 1586 5597 Etossa
1601 5551 1832 5597 eorum.
1943 5537 2169 5596 dicitur
2191 5554 2302 5610 per
2340 5545 2520 5599 totum
2549 5557 2792 5600 annum.
2819 5539 2919 5597 Ad
2939 5538 3197 5603 Nonum,
3224 5535 3288 5587 ut
3309 5528 3520 5599 supra.
