4102 6176
478 251 576 310 199

1071 361 1170 420 Ad
1203 360 1492 429 Vesperos.

542 461 772 520 Lauda.
802 452 1157 516 llluminatio
1186 463 1342 518 mea,
1371 449 1427 503 et
1459 443 1622 501 salus
1650 457 1788 499 mea
1816 444 1904 497 est
1923 436 2115 497 Domi-

469 569 609 612 nus.
640 548 926 607 Dominus
955 544 1029 600 sit
1061 553 1297 611 semper
1325 534 1658 592 vobiscum.
1693 542 1755 601 Ρμ.
1791 533 1856 587 Et
1881 544 2039 585 cum.

541 639 912 709 Antiphona.
946 637 1008 688 ln
1035 624 1399 686 advertendo
1430 621 1716 680 Dominus
1758 619 2113 709 captivatem

472 729 658 802 plebis
675 707 817 792 suae,
844 724 1072 780 laetetur
1083 716 1289 784 Jacob,
1311 719 1367 770 et
1385 707 1823 802 exultetlsraél;
1847 707 2114 764 Psalmus

471 798 595 874 im.
638 815 921 873 Dominus
953 811 1026 866 sit
1062 821 1296 877 semper
1324 801 1651 858 vobiscum.
1693 798 1754 857 ἲν.
1788 799 2040 852 Etcum.

539 906 770 963 Lauda.
795 895 1144 960 lrascimini,
1167 900 1223 950 et
1243 891 1421 948 nolite
1441 903 1705 961 peccare.
1731 885 1993 942 Alleluia.
2026 883 2116 938 Di-

471 995 580 1050 cite
609 993 672 1048 in
691 988 972 1047 cordibus
991 983 1219 1047 vestris,
1248 979 1384 1036 etin
1405 975 1697 1032 cubilibus
1721 973 1935 1028 vestris
1961 986 2117 1027 com-

469 1077 829 1152 pungimini.
857 1079 922 1129 P.
947 1070 1214 1136 Alleluia,
1246 1065 1499 1129 alleluia,
1523 1061 1784 1152 alleluia.
1801 1059 1862 1120 ὴ.
1884 1058 2120 1152 δαοτὶξξτ

471 1145 986 1224 catevsacriﬁcium
1002 1155 1264 1229 justitiae,
1284 1155 1516 1224 sperate
1538 1151 1595 1206 in
1616 1147 1872 1204 Domino
1900 1162 1914 1212 ;
1948 1145 2119 1205 multi

469 1255 672 1312 dicunt
703 1271 715 1311 :
751 1250 891 1317 Quis
921 1244 1181 1304 ostendit
1208 1240 1384 1298 nobis
1412 1237 1574 1294 bona
1602 1238 1630 1294 ?
1660 1239 1724 1292 P.
1754 1234 2019 1291 Alleluia.
2051 1235 2114 1295 ir.

470 1342 683 1409 Gloria,
715 1346 772 1397 et
793 1339 1006 1402 honor,
1041 1337 1148 1390 etc.
1181 1335 1242 1387 P.
1274 1327 1541 1394 Alleluia,
1574 1323 1829 1388 alleluia,
1857 1322 2113 1380 alleluia.

1051 1422 1224 1492 100
1250 1419 1544 1488 Hymnus.

720 1515 944 1572 Christe
976 1511 1181 1568 lumen
1210 1509 1584 1579 perpetuum,

646 1607 955 1660 Astrorum
987 1598 1181 1667 fulgor
1215 1594 1480 1650 siderum

646 1696 886 1748 Noctem
917 1691 1182 1743 nostram
1221 1681 1514 1749 illumina,

646 1783 945 1838 Conserva
972 1790 1124 1847 pura
1148 1774 1410 1844 pectora.

714 1866 896 1924 Nullis
920 1861 1156 1919 incedat
1183 1857 1433 1930 laqueis,

648 1954 833 2012 Nullis
864 1955 1141 2025 gravetur
1167 1945 1440 2004 hostibus
1465 1963 1478 2013 ;

643 2043 759 2099 Nec
791 2039 1166 2097 maculentur
1195 2047 1450 2105 corpora

649 2129 911 2188 Lascivia
949 2141 1054 2199 per
1083 2137 1386 2196 soporem.

719 2216 963 2277 Custodi
983 2213 1166 2271 corda
1184 2209 1476 2272 omnium,

649 2308 1056 2377 Fideliumque
1085 2302 1352 2358 maxima

643 2396 1030 2458 Protectione,
1061 2390 1309 2465 propria

645 2489 786 2552 Tua,
823 2483 1065 2545 Christe,
1099 2477 1385 2553 potentia.

719 2575 788 2628 Ut
817 2569 1142 2641 gratuletur
1165 2567 1386 2628 anima,

645 2658 876 2716 Vidisse
905 2657 1103 2713 lucem
1131 2667 1483 2726 prosperam

646 2747 934 2818 lmplesse
962 2749 1098 2800 vota
1126 2742 1348 2806 debita,

645 2832 970 2891 Reddenda
997 2831 1122 2894 tibi,
1155 2830 1424 2886 Trinitas.

714 2924 834 2979 Deo
862 2920 1015 2977 Patri
1039 2921 1112 2976 sit
1144 2918 1350 2989 gloria,

649 3009 707 3079 Ej
718 3023 905 3079 usque
931 3005 1041 3062 soli
1063 3006 1223 3070 Filio,

649 3097 794 3152 Cum
819 3093 1036 3166 Spiritu
1055 3091 1340 3148 Paraclito

651 3188 716 3240 In
745 3183 1109 3255 sempiterna
1133 3179 1374 3236 saecula.

717 3281 926 3327 Amen.

538 3369 929 3440 Supplicatio.
958 3367 1209 3423 Oremus
1241 3363 1714 3436 Redemptorem.
1749 3363 1860 3432 fol.
1884 3365 1972 3418 96.

456 3490 460 3493 -
541 3455 1245 3529 Capitula.0mnipotens
1259 3455 1428 3516 Deus,
1449 3457 1616 3508 tuam
1633 3450 1865 3520 indigni
1883 3465 2117 3522 quaesu-

467 3564 606 3605 mus
636 3545 908 3616 gloriam,
928 3559 998 3600 ac
1027 3543 1302 3615 petimus,
1337 3545 1400 3597 ut
1419 3541 1496 3597 ad
1527 3539 1729 3596 sedem
1754 3545 1869 3595 tuae
1890 3537 2115 3610 pietatis

461 3639 701 3692 nostras
731 3647 938 3704 preces
964 3631 1269 3694 admittas,
1314 3627 1600 3686 auxilium
1630 3627 1966 3700 petentibus
2020 3625 2116 3682 tri-

459 3723 638 3793 buas,
667 3724 1010 3777 nostrorum
1045 3719 1315 3776 omnium
1362 3717 1782 3790 peccaminum
1814 3714 2113 3772 maculam

459 3811 794 3881 abstergas,
835 3806 1140 3878 ﬂagellum
1167 3822 1501 3877 removeas,
1532 3803 1956 3876 languentibus
1995 3819 2114 3861 me-

461 3898 662 3955 delam
718 3912 1011 3970 apponas,
1072 3895 1449 3952 inimicorum
1491 3895 1781 3966 impetum
1826 3893 2109 3963 frangas;

459 4001 693 4058 pacem,
711 3983 1108 4050 securitatem,
1125 3982 1450 4053 etquietem
1467 3985 1802 4052 temporum
1815 3980 2108 4050 largiaris,

457 4077 512 4129 et
562 4070 861 4145 quidquid
908 4085 1018 4125 sua
1065 4068 1503 4125 illecebratione
1540 4068 1760 4124 vicerat
1811 4068 2107 4136 inimicus,

454 4160 867 4217 misericordia
885 4163 1173 4216 consueta
1193 4172 1470 4229 reparare
1495 4157 1755 4228 digneris
1781 4157 1842 4212 in
1868 4157 2104 4214 melius.

525 4249 691 4304 Pater
711 4252 938 4304 noster.
967 4247 1014 4300 A
1036 4245 1197 4303 malo
1216 4261 1326 4302 nos
1345 4245 1551 4302 libera.
1580 4246 1788 4312 Quwre
1807 4247 1910 4317 fol.
1946 4247 2032 4302 to.

523 4337 887 4394 Benedictio.
907 4336 1184 4392 Dominus
1195 4351 1307 4391 nos
1321 4350 1430 4391 sua
1443 4334 1550 4390 ben
1558 4333 2105 4408 edictionelocuple—
2130 4367 2178 4423 Β

446 4429 547 4493 tet,
580 4430 636 4482 et
680 4441 1007 4496 regnorum
1051 4425 1382 4482 ccelestium
1428 4423 1607 4480 faciat
1659 4424 2000 4481 coheredes.
2035 4437 2098 4496 Bg.

444 4520 654 4572 Amen.
670 4517 780 4570 Det
794 4513 969 4572 nobis
984 4514 1259 4588 praesenti
1279 4513 1413 4568 vitia
1432 4513 1715 4585 spatium,
1737 4521 1791 4569 et
1805 4515 2098 4586 propitius

445 4605 730 4661 attribuat
744 4603 1106 4660 consortium
1122 4602 1465 4660 electorum.
1481 4613 1543 4672 nr.
1562 4603 1769 4658 Amen.
1785 4604 1972 4674 Atque
1986 4617 2098 4659 nos

443 4690 526 4748 ita
547 4692 758 4766 eripiat
774 4707 1009 4765 semper
1029 4695 1065 4747 a
1083 4690 1264 4762 malo,
1289 4700 1351 4747 ut
1369 4691 1688 4762 custodiat,
1711 4694 1767 4745 et
1787 4695 2098 4748 conservet

444 4779 763 4837 clementer
785 4780 847 4835 in
870 4779 1056 4837 bono.
1086 4792 1147 4849 Η.
1173 4781 1379 4837 Amen.
1408 4781 1513 4834 Per
1531 4778 2021 4834 misericordiam.

517 4869 750 4926 Lauda.
772 4868 1259 4926 Gloriabunturin
1279 4873 1329 4924 te
1351 4883 1582 4933 omnes,
1601 4865 1705 4938 qui
1723 4865 1977 4935 diligunt
1992 4882 2095 4923 no-

441 4969 582 5011 men
599 4959 792 5024 tuum,
813 4957 1077 5022 Domine,
1095 4956 1358 5013 Alleluia.
1379 4956 1442 5010 P.
1458 4958 1518 5010 In
1538 4959 1848 5021 aeternum,
1864 4954 2093 5011 etexul-

439 5043 674 5100 tabunt.
697 5044 960 5104 Alleluia.
993 5046 1056 5100 P.
1101 5049 1165 5102 Et
1195 5043 1542 5101 inhabitatis
1571 5045 1632 5099 in
1664 5043 1768 5098 eis.
1823 5041 2090 5112 Alleluia,

439 5134 695 5202 alleluia,
739 5135 992 5193 alleluia.
1027 5135 1090 5195 v.
1125 5139 1189 5190 Et
1216 5135 1488 5190 laetentur
1518 5134 1579 5190 in
1620 5139 1672 5189 te
1704 5147 1934 5199 omnes,
1983 5138 2090 5206 qui

438 5231 675 5297 sperant
707 5225 768 5282 in
807 5231 878 5282 te.
913 5225 977 5278 P.
1012 5229 1074 5279 In
1107 5231 1414 5278 aeternum.
1443 5221 1504 5282 δὺν.
1539 5223 1751 5288 Gloria,
1798 5228 1854 5279 et
1899 5223 2092 5280 honor

436 5314 610 5383 Patri,
643 5319 757 5370 etc.
782 5315 839 5368 Ρ.
876 5316 942 5368 Et
971 5310 1352 5366 inhabitabis.

510 5403 737 5461 Oratio.
753 5406 929 5458 Notas
942 5400 1054 5467 fac,
1071 5399 1339 5468 Domine,
1352 5400 1503 5455 vitas
1519 5399 1651 5455 vitae
1677 5417 1691 5455 :
1720 5405 1897 5474 atque
1910 5402 2090 5474 imple

435 5487 1342 5548 nosdelectationedexteraatuae
1375 5507 1386 5546 :
1417 5487 2089 5560 etjugum,quodsuave

1736 219 2189 284 BREVIARIUM
2227 218 2617 280 COTHICUM.

2142 346 2186 400 A
2223 351 2311 402 est
2349 347 2482 420 ipsa
2505 361 2685 420 super
2712 362 2822 405 nos
2851 361 3070 404 manus
3103 351 3216 401 tum
3255 343 3668 406 moderatione
3700 364 3875 409 cons-

3769 225 3877 284 200

2222 436 2380 492 titue.
2416 448 2485 505 Rv.
2524 440 2738 493 Amen.
2787 435 2895 493 Per
2925 433 3390 493 misericordiam
3417 439 3602 494 tuam.

2292 526 2356 580 In
2381 525 2624 581 nomine
2663 525 2918 582 Domini.

2295 613 2719 670 Commemorat
2727 615 2801 682 io,
2821 620 2885 670 ut
2900 613 3121 670 dictum
3138 620 3221 672 est
3246 613 3308 671 in
3321 613 3583 672 secunda
3593 615 3798 674 Feria.

2823 719 3043 768 QUARTA
3069 719 3248 760 FERIA.

2786 792 2885 847 Ad
2911 791 3294 848 Matutinum.

2292 899 2662 969 Antiphona.
2687 898 2842 963 Dele,
2873 899 3137 968 Domine,
3162 898 3484 970 inquitates
3514 914 3683 957 meas
3717 917 3731 957 :
3765 909 3820 958 et
3845 917 3884 959 ο,

2225 989 2481 1058 peccatis
2502 988 2651 1044 meis
2677 986 2908 1042 munda
2929 1002 3045 1042 me.
3078 987 3349 1043 Psalmus
3378 1003 3436 1043 1..

2297 1075 2519 1132 Oratio.
2562 1075 2825 1132 Miserere
2861 1073 3637 1143 nobis,Domine,miserere
3665 1078 3884 1151 :utqui

2225 1167 2481 1219 nostram
2500 1162 2873 1236 agnoscimus
2885 1162 3308 1227 miseriam,tua
3317 1179 3430 1219 nos
3443 1166 3884 1234 praeveniatmi-

2226 1251 2546 1308 sericordia
2564 1269 2577 1308 :
2601 1251 2774 1323 Sitigi
2783 1255 2873 1306 tur
2883 1265 2999 1306 vox
3012 1251 3405 1308 confessionis
3421 1254 3883 1325 prompta,venia

2225 1339 2500 1411 proxima
2523 1358 2537 1408 ;
2561 1344 2739 1412 atque
2763 1339 2837 1395 de
2858 1343 2960 1395 tua
2973 1339 3388 1411 propitiatione
3405 1339 3477 1395 sit
3492 1341 3792 1398 exauditio
3805 1343 3883 1399 ci-

2226 1431 2282 1484 to
2304 1445 2317 1493 _:
2338 1431 2400 1483 ut
2417 1434 2619 1484 nostra
2631 1427 2832 1484 deleas
2849 1427 3124 1483 universa
3143 1432 3390 1499 peccata
3415 1444 3429 1493 ;
3453 1433 3508 1484 et
3526 1429 3754 1486 tribuas
3766 1430 3882 1487 vir-

2227 1520 2432 1580 tutem,
2459 1531 2565 1587 per
2588 1531 2774 1588 quam
2795 1519 2896 1570 tua
2917 1514 3209 1570 faciamus
3231 1520 3547 1588 praecepta.
3577 1527 3640 1585 Βί.
3661 1521 3876 1576 Amen.

2295 1604 2400 1659 Per
2431 1603 2898 1660 misericordiam
2930 1607 3122 1659 tuam.

2144 1688 2189 1742 Β
2296 1691 2647 1761 Antiphone
2664 1694 2713 1746 1.
2736 1690 3011 1763 Adimple
3032 1706 3142 1746 nos
3164 1690 3360 1748 laetitia
3381 1707 3520 1748 cum
3540 1693 3706 1750 vultu
3727 1697 3830 1752 tuo
3863 1713 3877 1748 :

2227 1780 2648 1838 delectationes
2659 1781 2721 1837 in
2738 1781 2981 1837 dextera
2994 1784 3095 1836 tua
3110 1782 3372 1854 usquein
3385 1781 3588 1838 ﬁnem.
3605 1782 3882 1841 Psalmus

2225 1886 2320 1925 XV.

2300 1957 2527 2014 Oratio.
2565 1959 2742 2013 Notas
2763 1956 2856 2013 fac
2877 1955 3075 2023 nobis,
3104 1957 3373 2014 Domine.
3403 1959 3658 2029 Require
3674 1957 3878 2030 supra.

2297 2046 2644 2115 Antiphona
2671 2050 2730 2104 2.
2775 2048 2896 2115 Ego
2935 2045 3212 2112 clamavi,
3243 2046 3388 2118 quia
3415 2047 3709 2105 exaudisti
3762 2066 3880 2116 me,

2229 2133 2384 2190 Deus
2416 2151 2428 2189 :
2463 2133 2683 2190 inclina
2740 2149 2949 2190 aurem
3003 2139 3165 2191 tuam
3211 2134 3376 2200 mihi,
3410 2140 3467 2190 et
3496 2136 3712 2192 exaudi
3760 2154 3878 2195 me.

2227 2221 2494 2278 Psalmus
2521 2239 2638 2278 xw.
2673 2237 2857 2294 usque
2886 2223 2930 2276 A
2955 2223 3363 2279 resistentibus
3390 2223 3666 2280 dexterae.

2300 2311 2524 2367 Oratio.
2545 2311 2774 2366 Exaudi
2787 2326 2897 2367 nos
2923 2311 3077 2366 Deus
3092 2311 3420 2366 clamantes
3434 2311 3512 2367 ad
3529 2317 3580 2367 te
3594 2314 3843 2370 Domine
3857 2333 3876 2386 ;

2228 2413 2470 2470 gressus
2489 2403 2726 2454 nostros
2747 2398 2808 2454 in
2831 2398 2949 2454 tuis
2971 2399 3194 2455 semitis
3212 2399 3428 2471 perﬁce
3453 2417 3464 2454 :
3490 2400 3712 2457 utdum
3728 2401 3880 2473 legis

2231 2493 2344 2544 tuaa
2366 2492 2686 2557 angustam
2711 2487 3021 2558 gradimur
3042 2487 3224 2550 viam,
3245 2488 3547 2545 charitatis
3570 2489 3881 2549 latitudine

2227 2579 2462 2648 portam
2491 2576 2730 2631 introire
2747 2591 3084 2632 mereamur
3107 2575 3364 2647 justitiae.
3399 2588 3463 2645 az.
3490 2581 3704 2635 Amen.

2299 2664 2402 2719 Per
2422 2655 2890 2720 misericordiam
2924 2667 3113 2720 tuam.

2297 2751 2650 2821 Antiphona
2683 2756 2732 2808 3.
2763 2751 3006 2808 Custodi
3035 2768 3150 2817 me,
3196 2752 3464 2824 Domine,
3493 2759 3560 2810 ut
3584 2753 3884 2826 pupillam

2227 2838 2401 2895 oculi.
2425 2839 2545 2895 Sub
2567 2840 2780 2895 umbra
2791 2840 3021 2896 alarum
3037 2839 3268 2896 custodi
3289 2855 3405 2909 me,
3428 2842 3695 2898 Domine.
3715 2842 3890 2900 Psal-

2227 2943 2357 2984 mus
2385 2944 2481 2983 XVI
2494 2969 2506 2982 .

2150 3025 2191 3082 C
2303 3017 2528 3074 Oratio.
2546 3017 2782 3073 Custodi
2797 3033 2926 3083 nos,
2947 3017 3211 3084 Domine,
3229 3022 3294 3074 ut
3309 3017 3599 3090 pupillam
3621 3019 3891 3087 oculi,ne

2227 3104 2576 3161 innocentiae
2608 3109 2824 3160 nostras
2847 3103 3076 3161 lumina
3101 3105 3356 3162 carnalis
3376 3109 3889 3180 concupiscentize

2228 3193 2402 3249 turbo
2440 3197 2787 3265 corrumpat
2815 3211 2828 3247 :
2854 3199 3096 3266 protege
3118 3210 3228 3251 nos
3259 3195 3373 3250 sub
3401 3199 3616 3252 umbra
3647 3197 3889 3254 alarum

2228 3289 2474 3346 tuarum,
2491 3297 2565 3337 ne
2577 3280 2989 3338 insidiantium
3002 3283 3296 3354 capiamur
3311 3283 3603 3341 illecebris
3619 3285 3893 3357 volupta-

2229 3377 2351 3425 tum
2381 3386 2398 3424 :
2413 3373 2475 3424 ut
2487 3370 2590 3442 qui
2604 3369 2676 3424 ad
2679 3371 2702 3440 j
2713 3369 2790 3424 uti
2803 3370 2991 3439 gratia
3003 3369 3251 3427 durante
3265 3371 3668 3443 subsistimus,
3683 3375 3886 3432 satiari

2225 3472 2335 3512 nos
2357 3473 2494 3512 cum
2508 3457 2852 3528 apparuerit
2869 3462 2968 3514 tua
2989 3457 3178 3528 gloria
3193 3475 3553 3516 mereamur.
3579 3473 3643 3530 Ity.
3662 3465 3883 3519 Amen.

2297 3545 2402 3600 Per
2439 3544 2911 3602 misericordiam
2941 3551 3128 3603 tuam.

2297 3643 2361 3702 ἣν.
2392 3631 2654 3704 Adjutor,
2682 3638 2738 3689 et
2756 3632 3036 3691 liberator
3062 3641 3261 3691 noster
3281 3652 3361 3692 es.
3395 3636 3453 3692 P.
3472 3640 3574 3704 Tu,
3604 3638 3882 3696 Domine.

2225 3731 2293 3789 ﬁt.
2325 3722 2476 3776 Deus
2507 3721 2568 3776 in
2594 3721 2959 3793 adjutorium
2987 3729 3262 3780 nostrum
3296 3724 3536 3782 intende
3561 3745 3573 3782 :
3598 3725 3679 3783 ad
3710 3729 3888 3800 adju-

2221 3808 2492 3865 vandum
2521 3825 2632 3866 nos
2661 3810 2893 3866 festina.
2935 3811 2998 3865 P.
3035 3814 3136 3876 Tu,
3165 3812 3432 3869 Domine.
3464 3812 3526 3873 in
3572 3813 3794 3884 Gloria,
3827 3822 3887 3873 et

2221 3896 2435 3966 honor,
2464 3902 2571 3954 etc.
2605 3899 2940 3956 Reiteretur
2969 3911 3036 3969 Bg.
3077 3901 3184 3972 Adj
3196 3905 3348 3960 utor.

2831 4006 2902 4062 In
2929 4007 3250 4064 Laudibus.

2291 4110 2377 4166 Ad
2443 4110 2769 4168 Canticum.
2807 4112 3180 4182 Antiphona.
3239 4115 3507 4183 Domine,
3535 4116 3645 4187 qui
3678 4117 3874 4174 dixisti

2220 4197 2367 4254 mihi
2399 4215 2410 4253 :
2441 4201 2744 4256 Revertere
2777 4201 3023 4271 101m
3053 4205 3270 4258 terram
3288 4206 3475 4267 tuam,
3507 4207 3568 4260 et
3581 4203 3646 4259 in
3672 4204 3875 4262 locum

2218 4288 2542 4346 nativitatis
2573 4294 2713 4346 tuae.

2527 4395 2838 4454 Canticum
2871 4397 3108 4454 Genesis
3136 4397 3304 4471 (Cap.
3337 4398 3544 4471 xxxii).

2283 4512 2436 4565 Deus
2464 4510 2650 4583 patris
2667 4510 2853 4566 nostri
2872 4511 3196 4582 Abraham,
3212 4517 3267 4570 et
3295 4515 3447 4570 Deus
3470 4515 3657 4586 patris
3682 4518 3876 4575 nostri

2210 4600 2411 4654 Isaac:
2447 4599 2465 4619 ‘
2485 4598 2750 4670 Domine,
2780 4599 2882 4672 qui
2907 4598 3103 4657 dixisti
3131 4602 3277 4658 mihi
3310 4605 3653 4661 :Revertere
3675 4606 3738 4662 in
3767 4611 3880 4663 ter-

2206 4703 2336 4744 ram
2367 4691 2554 4758 tuam,
2583 4685 2641 4744 "et
2661 4688 2720 4743 in
2746 4687 2946 4744 locum
2988 4689 3312 4747 nativitatis
3338 4696 3475 4759 tum,
3526 4698 3585 4749 et
3629 4692 3880 4752 benefa-

2207 4773 2360 4830 ciam
2399 4773 2504 4831 tibi
2544 4794 2557 4832 :

2279 4865 2499 4920 Memor
2529 4881 2663 4921 sum
2689 4867 2916 4921 cunctis
2942 4867 3449 4936 miserationibus,
3483 4871 3498 4886 '
3530 4874 3589 4927 et
3627 4871 3875 4930 veritati

2204 4969 2391 5027 quam
2416 4953 2662 5026 explesti
2693 4970 2859 5011 servo
2897 4959 3023 5011 tuo.

2277 5047 2339 5100 ln
2385 5042 2602 5100 baculo
2644 5060 2779 5100 meo
2829 5045 3075 5101 transivi
3131 5045 3454 5103 Jordahem
3508 5047 3696 5105 istum
3727 5067 3742 5105 :
3771 5054 3792 5073 "
3825 5053 3882 5106 et

2203 5148 2363 5190 nunc
2385 5149 2522 5190 cum
2554 5133 2794 5190 duabus
2826 5134 3036 5190 turmis
3063 5135 3388 5205 regredior.

2274 5223 2422 5279 Erue
2453 5238 2548 5278 me
2577 5222 2652 5278 de
2683 5238 2868 5280 manu
2894 5223 3089 5279 fratris
3124 5223 3241 5280 mei
3289 5226 3465 5292 Esau,
3497 5227 3643 5298 quia
3692 5226 3875 5284 valde

2202 5327 2340 5367 eum
2373 5312 2551 5368 timeo
2583 5330 2596 5367 ε
2631 5314 2650 5335 ⁶
2681 5327 2755 5369 ne
2781 5311 2927 5368 forte
2973 5313 3217 5369 veniens
3262 5316 3553 5386 percutiat
3606 5322 3872 5374 matrem

2201 5416 2338 5456 cum
2367 5400 2523 5456 ﬁliis.

2268 5491 2352 5545 Tu
2372 5489 2532 5548 enim
2550 5489 2785 5552 locutus
2799 5507 2862 5549 es
2891 5493 2957 5550 ut
2982 5491 3134 5550 bene
3154 5491 3299 5549 mihi
3316 5492 3561 5561 faceres,
3597 5494 3614 5512 “
3639 5501 3698 5552 et
3715 5494 3874 5554 dila-
