  <div class='ocr_page' id='page_1' title='image "/cluster/home/n/w/nwhite01/storage/ocr_20150623/86/hvd.32044054758909/106.png"; bbox 0 0 4102 6176; ppageno 0'>
   <div class='ocr_carea' id='block_1_1' title="bbox 178 171 3580 253">
    <p class='ocr_par' dir='ltr' id='par_1_1' title="bbox 178 171 3580 253">
     <span class='ocr_line' id='line_1_1' title="bbox 178 171 3580 253; baseline 0.008 -28"><span class='ocrx_word' id='word_1_1' title='bbox 178 191 261 250; x_wconf 64' lang='lat'>201</span> <span class='ocrx_word' id='word_1_2' title='bbox 1181 179 1394 235; x_wconf 80' lang='lat' dir='ltr'>FERIA</span> <span class='ocrx_word' id='word_1_3' title='bbox 1429 177 1500 235; x_wconf 88' lang='lat' dir='ltr'><strong>IV</strong></span> <span class='ocrx_word' id='word_1_4' title='bbox 1540 174 1720 231; x_wconf 89' lang='lat' dir='ltr'>POST</span> <span class='ocrx_word' id='word_1_5' title='bbox 1761 171 2099 231; x_wconf 83' lang='lat' dir='ltr'>OCTAVAM</span> <span class='ocrx_word' id='word_1_6' title='bbox 2137 175 2561 236; x_wconf 61' lang='lat' dir='ltr'>EPIPHANIzE.</span> <span class='ocrx_word' id='word_1_7' title='bbox 3469 198 3580 253; x_wconf 86' lang='lat'>202</span> 
     </span>
    </p>
   </div>
   <div class='ocr_carea' id='block_1_2' title="bbox 178 298 3571 390">
    <p class='ocr_par' dir='ltr' id='par_1_2' title="bbox 178 298 3571 390">
     <span class='ocr_line' id='line_1_2' title="bbox 178 298 3571 390; baseline 0.001 -19"><span class='ocrx_word' id='word_1_8' title='bbox 178 320 324 372; x_wconf 87' lang='lat' dir='ltr'>tares</span> <span class='ocrx_word' id='word_1_9' title='bbox 348 322 563 367; x_wconf 86' lang='lat' dir='ltr'>semen</span> <span class='ocrx_word' id='word_1_10' title='bbox 591 321 796 362; x_wconf 86' lang='lat' dir='ltr'>meum</span> <span class='ocrx_word' id='word_1_11' title='bbox 818 304 971 360; x_wconf 89' lang='lat' dir='ltr'>sicut</span> <span class='ocrx_word' id='word_1_12' title='bbox 986 317 1539 376; x_wconf 71' lang='lat' dir='ltr'>arenam,qumprae</span> <span class='ocrx_word' id='word_1_13' title='bbox 1565 299 1825 357; x_wconf 87' lang='lat' dir='ltr'>multitu-</span> <span class='ocrx_word' id='word_1_14' title='bbox 1859 298 1906 353; x_wconf 89' lang='lat' dir='ltr'>A</span> <span class='ocrx_word' id='word_1_15' title='bbox 1938 302 2109 390; x_wconf 80' lang='lat' dir='ltr'>tram,</span> <span class='ocrx_word' id='word_1_16' title='bbox 2142 305 2198 358; x_wconf 91' lang='lat' dir='ltr'>et</span> <span class='ocrx_word' id='word_1_17' title='bbox 2226 301 2525 361; x_wconf 81' lang='lat' dir='ltr'>ﬂuxerunt</span> <span class='ocrx_word' id='word_1_18' title='bbox 2569 321 2764 379; x_wconf 85' lang='lat' dir='ltr'>aquas.</span> <span class='ocrx_word' id='word_1_19' title='bbox 2799 309 2864 363; x_wconf 91' lang='lat' dir='ltr'>P.</span> <span class='ocrx_word' id='word_1_20' title='bbox 2893 310 2971 366; x_wconf 90' lang='lat' dir='ltr'>De</span> <span class='ocrx_word' id='word_1_21' title='bbox 3001 310 3214 371; x_wconf 88' lang='lat' dir='ltr'>fructu.</span> <span class='ocrx_word' id='word_1_22' title='bbox 3255 316 3315 374; x_wconf 67' lang='lat' dir='ltr'>IV.</span> <span class='ocrx_word' id='word_1_23' title='bbox 3356 318 3571 390; x_wconf 84' lang='lat' dir='ltr'>Gloria,</span> 
     </span>
    </p>
   </div>
   <div class='ocr_carea' id='block_1_3' title="bbox 177 388 3358 465">
    <p class='ocr_par' dir='ltr' id='par_1_3' title="bbox 177 388 3358 465">
     <span class='ocr_line' id='line_1_3' title="bbox 177 388 3358 465; baseline 0.005 -22"><span class='ocrx_word' id='word_1_24' title='bbox 177 403 300 459; x_wconf 70' lang='lat' dir='ltr'>dine</span> <span class='ocrx_word' id='word_1_25' title='bbox 325 396 637 457; x_wconf 68' lang='lat' dir='ltr'>numerari</span> <span class='ocrx_word' id='word_1_26' title='bbox 672 410 792 450; x_wconf 83' lang='lat' dir='ltr'>non</span> <span class='ocrx_word' id='word_1_27' title='bbox 820 396 1028 465; x_wconf 82' lang='lat' dir='ltr'>potest.</span> <span class='ocrx_word' id='word_1_28' title='bbox 1862 394 1865 395; x_wconf 67' lang='grc'><strong><em>⁷</em></strong></span> <span class='ocrx_word' id='word_1_29' title='bbox 1934 391 1989 444; x_wconf 91' lang='lat' dir='ltr'>et</span> <span class='ocrx_word' id='word_1_30' title='bbox 2012 388 2225 454; x_wconf 96' lang='lat' dir='ltr'>honor,</span> <span class='ocrx_word' id='word_1_31' title='bbox 2257 394 2364 446; x_wconf 89' lang='lat' dir='ltr'>etc.</span> <span class='ocrx_word' id='word_1_32' title='bbox 2396 393 2466 449; x_wconf 93' lang='lat' dir='ltr'>P.</span> <span class='ocrx_word' id='word_1_33' title='bbox 2508 393 2773 460; x_wconf 86' lang='lat' dir='ltr'>Alleluia,</span> <span class='ocrx_word' id='word_1_34' title='bbox 2813 395 3067 465; x_wconf 84' lang='lat' dir='ltr'>alleluia,</span> <span class='ocrx_word' id='word_1_35' title='bbox 3101 400 3358 460; x_wconf 85' lang='lat' dir='ltr'>alleluia.</span> 
     </span>
    </p>
   </div>
   <div class='ocr_carea' id='block_1_4' title="bbox 239 477 3409 559">
    <p class='ocr_par' dir='ltr' id='par_1_4' title="bbox 239 477 3409 559">
     <span class='ocr_line' id='line_1_4' title="bbox 239 477 3409 559; baseline 0 -11"><span class='ocrx_word' id='word_1_36' title='bbox 239 488 457 556; x_wconf 83' lang='lat' dir='ltr'>Gloria,</span> <span class='ocrx_word' id='word_1_37' title='bbox 491 493 547 542; x_wconf 89' lang='lat' dir='ltr'>et</span> <span class='ocrx_word' id='word_1_38' title='bbox 570 485 768 541; x_wconf 87' lang='lat' dir='ltr'>honor</span> <span class='ocrx_word' id='word_1_39' title='bbox 802 482 970 551; x_wconf 85' lang='lat' dir='ltr'>Patri,</span> <span class='ocrx_word' id='word_1_40' title='bbox 992 486 1103 538; x_wconf 90' lang='lat' dir='ltr'>etc.</span> <span class='ocrx_word' id='word_1_41' title='bbox 2002 477 2119 534; x_wconf 76' lang='lat' dir='ltr'>Hic</span> <span class='ocrx_word' id='word_1_42' title='bbox 2144 480 2337 547; x_wconf 77' lang='lat' dir='ltr'>faciat</span> <span class='ocrx_word' id='word_1_43' title='bbox 2364 481 2963 551; x_wconf 78' lang='lat' dir='ltr'>Commemorationes,</span> <span class='ocrx_word' id='word_1_44' title='bbox 2994 493 3057 543; x_wconf 85' lang='lat' dir='ltr'>ut</span> <span class='ocrx_word' id='word_1_45' title='bbox 3084 489 3149 544; x_wconf 73' lang='lat' dir='ltr'>in</span> <span class='ocrx_word' id='word_1_46' title='bbox 3174 490 3286 559; x_wconf 78' lang='lat' dir='ltr'>fol.</span> <span class='ocrx_word' id='word_1_47' title='bbox 3316 492 3409 548; x_wconf 77' lang='grc'>94.</span> 
     </span>
    </p>
   </div>
   <div class='ocr_carea' id='block_1_5' title="bbox 235 565 3574 650">
    <p class='ocr_par' dir='ltr' id='par_1_5' title="bbox 235 565 3574 650">
     <span class='ocr_line' id='line_1_5' title="bbox 235 565 3574 650; baseline 0.001 -15"><span class='ocrx_word' id='word_1_48' title='bbox 235 580 317 635; x_wconf 76' lang='lat' dir='ltr'>Ad</span> <span class='ocrx_word' id='word_1_49' title='bbox 349 570 1573 642; x_wconf 69' lang='lat' dir='ltr'>Matutinarium.AntiphonaPrasceptum</span> <span class='ocrx_word' id='word_1_50' title='bbox 1588 565 1823 623; x_wconf 89' lang='lat' dir='ltr'>Domini</span> <span class='ocrx_word' id='word_1_51' title='bbox 2006 566 2065 621; x_wconf 92' lang='lat' dir='ltr'>In</span> <span class='ocrx_word' id='word_1_52' title='bbox 2089 566 2333 625; x_wconf 87' lang='lat' dir='ltr'>nomine</span> <span class='ocrx_word' id='word_1_53' title='bbox 2361 572 2591 627; x_wconf 89' lang='lat' dir='ltr'>Domini</span> <span class='ocrx_word' id='word_1_54' title='bbox 2620 574 2806 629; x_wconf 79' lang='lat' dir='ltr'>nostri</span> <span class='ocrx_word' id='word_1_55' title='bbox 2826 575 2959 631; x_wconf 90' lang='lat' dir='ltr'>Jesu</span> <span class='ocrx_word' id='word_1_56' title='bbox 2974 575 3180 633; x_wconf 88' lang='lat' dir='ltr'>Christi</span> <span class='ocrx_word' id='word_1_57' title='bbox 3193 580 3574 650; x_wconf 85' lang='lat' dir='ltr'>perﬁciamus</span> 
     </span>
    </p>
   </div>
   <div class='ocr_carea' id='block_1_6' title="bbox 175 655 2782 731">
    <p class='ocr_par' dir='ltr' id='par_1_6' title="bbox 175 655 2782 731">
     <span class='ocr_line' id='line_1_6' title="bbox 175 655 2782 731; baseline -0.002 -6"><span class='ocrx_word' id='word_1_58' title='bbox 175 668 455 725; x_wconf 88' lang='lat' dir='ltr'>lucidum.</span> <span class='ocrx_word' id='word_1_59' title='bbox 500 665 570 720; x_wconf 91' lang='lat' dir='ltr'>P.</span> <span class='ocrx_word' id='word_1_60' title='bbox 616 660 972 718; x_wconf 90' lang='lat' dir='ltr'>llluminans</span> <span class='ocrx_word' id='word_1_61' title='bbox 1002 658 1230 715; x_wconf 91' lang='lat' dir='ltr'>oculos.</span> <span class='ocrx_word' id='word_1_62' title='bbox 1256 659 1320 719; x_wconf 59' lang='lat' dir='ltr'>lin</span> <span class='ocrx_word' id='word_1_63' title='bbox 1353 658 1554 714; x_wconf 90' lang='lat' dir='ltr'>Timor</span> <span class='ocrx_word' id='word_1_64' title='bbox 1590 655 1824 713; x_wconf 91' lang='lat' dir='ltr'>Domini</span> <span class='ocrx_word' id='word_1_65' title='bbox 1933 669 2071 711; x_wconf 89' lang='lat' dir='ltr'>cum</span> <span class='ocrx_word' id='word_1_66' title='bbox 2114 670 2282 727; x_wconf 91' lang='lat' dir='ltr'>pace.</span> <span class='ocrx_word' id='word_1_67' title='bbox 2311 669 2373 727; x_wconf 71' lang='grc' dir='ltr'>Βι.</span> <span class='ocrx_word' id='word_1_68' title='bbox 2398 661 2514 715; x_wconf 93' lang='lat' dir='ltr'>Deo</span> <span class='ocrx_word' id='word_1_69' title='bbox 2537 662 2782 731; x_wconf 84' lang='lat' dir='ltr'>gratias.</span> 
     </span>
    </p>
   </div>
   <div class='ocr_carea' id='block_1_7' title="bbox 176 744 1853 827">
    <p class='ocr_par' dir='ltr' id='par_1_7' title="bbox 176 744 1825 827">
     <span class='ocr_line' id='line_1_7' title="bbox 176 744 1825 827; baseline -0.009 -13"><span class='ocrx_word' id='word_1_70' title='bbox 176 754 772 827; x_wconf 88' lang='lat' dir='ltr'>sanctus,permanet</span> <span class='ocrx_word' id='word_1_71' title='bbox 796 750 856 805; x_wconf 92' lang='lat' dir='ltr'>in</span> <span class='ocrx_word' id='word_1_72' title='bbox 902 748 1191 805; x_wconf 69' lang='lat' dir='ltr'>saaculum</span> <span class='ocrx_word' id='word_1_73' title='bbox 1218 746 1436 804; x_wconf 84' lang='lat' dir='ltr'>saeculi.</span> <span class='ocrx_word' id='word_1_74' title='bbox 1479 749 1557 804; x_wconf 93' lang='lat' dir='ltr'>P.</span> <span class='ocrx_word' id='word_1_75' title='bbox 1609 744 1825 801; x_wconf 89' lang='lat' dir='ltr'>lllumi-</span> 
     </span>
    </p>
   </div>
   <div class='ocr_carea' id='block_1_8' title="bbox 1960 744 2939 827">
    <p class='ocr_par' dir='ltr' id='par_1_8' title="bbox 2569 750 2939 808">
     <span class='ocr_line' id='line_1_8' title="bbox 2569 750 2939 808; baseline 0.011 -4"><span class='ocrx_word' id='word_1_76' title='bbox 2569 750 2655 805; x_wconf 87' lang='lat' dir='ltr'>Ad</span> <span class='ocrx_word' id='word_1_77' title='bbox 2680 755 2939 808; x_wconf 76' lang='lat' dir='ltr'>tertiam.</span> 
     </span>
    </p>
   </div>
   <div class='ocr_carea' id='block_1_9' title="bbox 177 832 3582 913">
    <p class='ocr_par' dir='ltr' id='par_1_9' title="bbox 177 832 3582 913">
     <span class='ocr_line' id='line_1_9' title="bbox 177 832 3582 913; baseline 0 -9"><span class='ocrx_word' id='word_1_78' title='bbox 177 862 328 904; x_wconf 88' lang='lat' dir='ltr'>nans</span> <span class='ocrx_word' id='word_1_79' title='bbox 357 842 579 902; x_wconf 85' lang='lat' dir='ltr'>oculos.</span> <span class='ocrx_word' id='word_1_80' title='bbox 613 841 673 901; x_wconf 55' lang='grc' dir='ltr'>ἵ.</span> <span class='ocrx_word' id='word_1_81' title='bbox 703 838 919 905; x_wconf 88' lang='lat' dir='ltr'>Gloria,</span> <span class='ocrx_word' id='word_1_82' title='bbox 972 842 1030 896; x_wconf 90' lang='lat' dir='ltr'>et</span> <span class='ocrx_word' id='word_1_83' title='bbox 1069 838 1284 894; x_wconf 93' lang='lat' dir='ltr'>honor.</span> <span class='ocrx_word' id='word_1_84' title='bbox 1325 837 1395 893; x_wconf 94' lang='lat' dir='ltr'>P.</span> <span class='ocrx_word' id='word_1_85' title='bbox 1455 835 1824 891; x_wconf 88' lang='lat' dir='ltr'>Illumimans</span> <span class='ocrx_word' id='word_1_86' title='bbox 2005 832 2351 900; x_wconf 62' lang='lat' dir='ltr'>Prop/Lena.</span> <span class='ocrx_word' id='word_1_87' title='bbox 2382 835 2504 901; x_wconf 86' lang='lat' dir='ltr'>Fili,</span> <span class='ocrx_word' id='word_1_88' title='bbox 2538 836 2781 896; x_wconf 88' lang='lat' dir='ltr'>Custodi</span> <span class='ocrx_word' id='word_1_89' title='bbox 2812 856 3120 899; x_wconf 88' lang='lat' dir='ltr'>sermones</span> <span class='ocrx_word' id='word_1_90' title='bbox 3149 859 3337 902; x_wconf 90' lang='lat' dir='ltr'>meos.</span> <span class='ocrx_word' id='word_1_91' title='bbox 3375 845 3582 913; x_wconf 71' lang='lat' dir='ltr'>Quaere</span> 
     </span>
    </p>
   </div>
   <div class='ocr_carea' id='block_1_10' title="bbox 179 919 2175 993">
    <p class='ocr_par' dir='ltr' id='par_1_10' title="bbox 179 919 2175 993">
     <span class='ocr_line' id='line_1_10' title="bbox 179 919 2175 993; baseline -0.009 -1"><span class='ocrx_word' id='word_1_92' title='bbox 179 936 410 993; x_wconf 90' lang='lat' dir='ltr'>oculos.</span> <span class='ocrx_word' id='word_1_93' title='bbox 1932 919 2047 987; x_wconf 86' lang='lat' dir='ltr'>fol.</span> <span class='ocrx_word' id='word_1_94' title='bbox 2090 925 2175 977; x_wconf 80' lang='lat'>96.</span> 
     </span>
    </p>
   </div>
   <div class='ocr_carea' id='block_1_11' title="bbox 243 1010 3583 1094">
    <p class='ocr_par' dir='ltr' id='par_1_11' title="bbox 243 1010 3583 1094">
     <span class='ocr_line' id='line_1_11' title="bbox 243 1010 3583 1094; baseline -0.002 -14"><span class='ocrx_word' id='word_1_95' title='bbox 243 1022 474 1080; x_wconf 83' lang='lat' dir='ltr'>Lauda.</span> <span class='ocrx_word' id='word_1_96' title='bbox 506 1020 577 1075; x_wconf 92' lang='lat' dir='ltr'>ln</span> <span class='ocrx_word' id='word_1_97' title='bbox 607 1018 833 1075; x_wconf 81' lang='lat' dir='ltr'>sanctis</span> <span class='ocrx_word' id='word_1_98' title='bbox 874 1017 1001 1087; x_wconf 88' lang='lat' dir='ltr'>ejus</span> <span class='ocrx_word' id='word_1_99' title='bbox 1022 1013 1262 1070; x_wconf 89' lang='lat' dir='ltr'>laudate</span> <span class='ocrx_word' id='word_1_100' title='bbox 1292 1014 1607 1070; x_wconf 87' lang='lat' dir='ltr'>Dominum</span> <span class='ocrx_word' id='word_1_101' title='bbox 1635 1034 1646 1064; x_wconf 88' lang='lat'><strong>:</strong></span> <span class='ocrx_word' id='word_1_102' title='bbox 1672 1010 1828 1067; x_wconf 90' lang='lat' dir='ltr'>Alle-</span> <span class='ocrx_word' id='word_1_103' title='bbox 2006 1010 2357 1079; x_wconf 81' lang='lat' dir='ltr'>Antz&#39;phona</span> <span class='ocrx_word' id='word_1_104' title='bbox 2389 1013 2439 1067; x_wconf 92' lang='grc'>1.</span> <span class='ocrx_word' id='word_1_105' title='bbox 2480 1015 2670 1071; x_wconf 88' lang='lat' dir='ltr'>Virtus</span> <span class='ocrx_word' id='word_1_106' title='bbox 2709 1032 2865 1082; x_wconf 89' lang='lat' dir='ltr'>mea,</span> <span class='ocrx_word' id='word_1_107' title='bbox 2908 1019 3175 1085; x_wconf 90' lang='lat' dir='ltr'>Domine,</span> <span class='ocrx_word' id='word_1_108' title='bbox 3226 1022 3477 1094; x_wconf 84' lang='lat' dir='ltr'>diligam</span> <span class='ocrx_word' id='word_1_109' title='bbox 3528 1028 3583 1081; x_wconf 84' lang='lat' dir='ltr'>te</span> 
     </span>
    </p>
   </div>
   <div class='ocr_carea' id='block_1_12' title="bbox 175 1097 3582 1181">
    <p class='ocr_par' dir='ltr' id='par_1_12' title="bbox 175 1097 3582 1181">
     <span class='ocr_line' id='line_1_12' title="bbox 175 1097 3582 1181; baseline 0 -12"><span class='ocrx_word' id='word_1_110' title='bbox 175 1113 309 1179; x_wconf 90' lang='lat' dir='ltr'>luia,</span> <span class='ocrx_word' id='word_1_111' title='bbox 344 1108 607 1167; x_wconf 86' lang='lat' dir='ltr'>alleluia.</span> <span class='ocrx_word' id='word_1_112' title='bbox 640 1107 707 1162; x_wconf 92' lang='lat' dir='ltr'>P.</span> <span class='ocrx_word' id='word_1_113' title='bbox 738 1110 802 1162; x_wconf 88' lang='lat' dir='ltr'>In</span> <span class='ocrx_word' id='word_1_114' title='bbox 829 1105 1213 1161; x_wconf 87' lang='lat' dir='ltr'>ﬁrmamento</span> <span class='ocrx_word' id='word_1_115' title='bbox 1247 1102 1476 1158; x_wconf 89' lang='lat' dir='ltr'>virtutis</span> <span class='ocrx_word' id='word_1_116' title='bbox 1500 1103 1650 1172; x_wconf 85' lang='lat' dir='ltr'>ejus.</span> <span class='ocrx_word' id='word_1_117' title='bbox 1680 1098 1827 1154; x_wconf 83' lang='lat' dir='ltr'>Alle-</span> <span class='ocrx_word' id='word_1_118' title='bbox 1935 1097 2382 1155; x_wconf 87' lang='lat' dir='ltr'>ﬁrmamentum</span> <span class='ocrx_word' id='word_1_119' title='bbox 2413 1115 2625 1161; x_wconf 90' lang='lat' dir='ltr'>meum.</span> <span class='ocrx_word' id='word_1_120' title='bbox 2653 1106 2918 1161; x_wconf 86' lang='lat' dir='ltr'>Psalmus</span> <span class='ocrx_word' id='word_1_121' title='bbox 2946 1124 3084 1177; x_wconf 82' lang='lat' dir='ltr'>xvu,</span> <span class='ocrx_word' id='word_1_122' title='bbox 3113 1124 3297 1181; x_wconf 83' lang='lat' dir='ltr'>usque</span> <span class='ocrx_word' id='word_1_123' title='bbox 3328 1114 3392 1167; x_wconf 90' lang='lat' dir='ltr'>Et</span> <span class='ocrx_word' id='word_1_124' title='bbox 3413 1114 3582 1168; x_wconf 89' lang='lat' dir='ltr'>retri-</span> 
     </span>
    </p>
   </div>
   <div class='ocr_carea' id='block_1_13' title="bbox 174 1185 2564 1257">
    <p class='ocr_par' dir='ltr' id='par_1_13' title="bbox 174 1185 2564 1257">
     <span class='ocr_line' id='line_1_13' title="bbox 174 1185 2564 1257; baseline -0.005 -1"><span class='ocrx_word' id='word_1_125' title='bbox 174 1200 318 1257; x_wconf 90' lang='lat' dir='ltr'>luia.</span> <span class='ocrx_word' id='word_1_126' title='bbox 362 1199 643 1255; x_wconf 78' lang='lat' dir='ltr'>Psatmus</span> <span class='ocrx_word' id='word_1_127' title='bbox 668 1211 751 1251; x_wconf 86' lang='lat' dir='ltr'>CL.</span> <span class='ocrx_word' id='word_1_128' title='bbox 1935 1185 2065 1241; x_wconf 91' lang='lat' dir='ltr'>buit</span> <span class='ocrx_word' id='word_1_129' title='bbox 2086 1186 2227 1241; x_wconf 90' lang='lat' dir='ltr'>mihi</span> <span class='ocrx_word' id='word_1_130' title='bbox 2258 1188 2564 1245; x_wconf 89' lang='lat' dir='ltr'>Dominus.</span> 
     </span>
    </p>
   </div>
   <div class='ocr_carea' id='block_1_14' title="bbox 246 1276 3584 1354">
    <p class='ocr_par' dir='ltr' id='par_1_14' title="bbox 246 1276 3584 1354">
     <span class='ocr_line' id='line_1_14' title="bbox 246 1276 3584 1354; baseline -0.001 -10"><span class='ocrx_word' id='word_1_131' title='bbox 246 1287 596 1351; x_wconf 74' lang='lat' dir='ltr'>Prophetia,</span> <span class='ocrx_word' id='word_1_132' title='bbox 632 1284 753 1354; x_wconf 83' lang='lat' dir='ltr'>Fili,</span> <span class='ocrx_word' id='word_1_133' title='bbox 790 1282 953 1339; x_wconf 84' lang='lat' dir='ltr'>Habe</span> <span class='ocrx_word' id='word_1_134' title='bbox 978 1280 1287 1337; x_wconf 86' lang='lat' dir='ltr'>ﬁduciam.</span> <span class='ocrx_word' id='word_1_135' title='bbox 1311 1279 1423 1349; x_wconf 81' lang='lat' dir='ltr'>fol.</span> <span class='ocrx_word' id='word_1_136' title='bbox 1453 1277 1539 1332; x_wconf 79' lang='lat'>95.</span> <span class='ocrx_word' id='word_1_137' title='bbox 2010 1276 2234 1330; x_wconf 78' lang='lat' dir='ltr'>Oratio.</span> <span class='ocrx_word' id='word_1_138' title='bbox 2262 1276 2574 1346; x_wconf 84' lang='lat' dir='ltr'>Refugium</span> <span class='ocrx_word' id='word_1_139' title='bbox 2590 1283 3410 1353; x_wconf 85' lang='lat' dir='ltr'>nostrum,Domine,intuum</span> <span class='ocrx_word' id='word_1_140' title='bbox 3430 1301 3584 1343; x_wconf 88' lang='lat' dir='ltr'>sem-</span> 
     </span>
    </p>
   </div>
   <div class='ocr_carea' id='block_1_15' title="bbox 846 1362 3582 1459">
    <p class='ocr_par' dir='ltr' id='par_1_15' title="bbox 846 1362 3582 1459">
     <span class='ocr_line' id='line_1_15' title="bbox 846 1362 3582 1459; baseline 0.003 -36"><span class='ocrx_word' id='word_1_141' title='bbox 846 1390 1158 1459; x_wconf 73' lang='lat' dir='ltr'>Hymmus_</span> <span class='ocrx_word' id='word_1_142' title='bbox 1936 1375 2041 1433; x_wconf 90' lang='lat' dir='ltr'>per</span> <span class='ocrx_word' id='word_1_143' title='bbox 2054 1362 2414 1419; x_wconf 90' lang='lat' dir='ltr'>collocemus</span> <span class='ocrx_word' id='word_1_144' title='bbox 2432 1365 2739 1422; x_wconf 84' lang='lat' dir='ltr'>arbitrium</span> <span class='ocrx_word' id='word_1_145' title='bbox 2758 1385 2770 1422; x_wconf 93' lang='lat'>:</span> <span class='ocrx_word' id='word_1_146' title='bbox 2786 1373 2849 1424; x_wconf 92' lang='lat' dir='ltr'>ut</span> <span class='ocrx_word' id='word_1_147' title='bbox 2868 1384 2976 1425; x_wconf 91' lang='lat' dir='ltr'>nec</span> <span class='ocrx_word' id='word_1_148' title='bbox 2991 1371 3248 1443; x_wconf 91' lang='lat' dir='ltr'>scopulis</span> <span class='ocrx_word' id='word_1_149' title='bbox 3265 1374 3582 1440; x_wconf 89' lang='lat' dir='ltr'>alidamur,</span> 
     </span>
    </p>
   </div>
   <div class='ocr_carea' id='block_1_16' title="bbox 1936 1454 3588 1532">
    <p class='ocr_par' dir='ltr' id='par_1_16' title="bbox 1936 1454 3588 1532">
     <span class='ocr_line' id='line_1_16' title="bbox 1936 1454 3588 1532; baseline 0.008 -26"><span class='ocrx_word' id='word_1_150' title='bbox 1936 1454 2413 1509; x_wconf 72' lang='lat' dir='ltr'>nec&#39;tumentium</span> <span class='ocrx_word' id='word_1_151' title='bbox 2429 1456 2876 1514; x_wconf 79' lang='lat' dir='ltr'>mundanorum</span> <span class='ocrx_word' id='word_1_152' title='bbox 2894 1458 3196 1532; x_wconf 83' lang='lat' dir='ltr'>ﬂuctibus;</span> <span class='ocrx_word' id='word_1_153' title='bbox 3216 1463 3319 1518; x_wconf 90' lang='lat' dir='ltr'>sed</span> <span class='ocrx_word' id='word_1_154' title='bbox 3337 1462 3398 1518; x_wconf 90' lang='lat' dir='ltr'>in</span> <span class='ocrx_word' id='word_1_155' title='bbox 3409 1479 3588 1519; x_wconf 88' lang='lat' dir='ltr'>cunc-</span> 
     </span>
    </p>
   </div>
   <div class='ocr_carea' id='block_1_17' title="bbox 1934 1540 3590 1623">
    <p class='ocr_par' dir='ltr' id='par_1_17' title="bbox 1934 1540 3590 1623">
     <span class='ocr_line' id='line_1_17' title="bbox 1934 1540 3590 1623; baseline 0.007 -28"><span class='ocrx_word' id='word_1_156' title='bbox 1934 1540 2006 1595; x_wconf 88' lang='lat' dir='ltr'>tis</span> <span class='ocrx_word' id='word_1_157' title='bbox 2033 1541 2320 1611; x_wconf 82' lang='lat' dir='ltr'>adversis,</span> <span class='ocrx_word' id='word_1_158' title='bbox 2346 1543 2603 1601; x_wconf 69' lang='lat' dir='ltr'>dexteras</span> <span class='ocrx_word' id='word_1_159' title='bbox 2632 1549 2749 1601; x_wconf 80' lang='lat' dir='ltr'>tuas</span> <span class='ocrx_word' id='word_1_160' title='bbox 2776 1548 3120 1606; x_wconf 87' lang='lat' dir='ltr'>fortitudine</span> <span class='ocrx_word' id='word_1_161' title='bbox 3149 1551 3377 1623; x_wconf 81' lang='lat' dir='ltr'>protegi</span> <span class='ocrx_word' id='word_1_162' title='bbox 3405 1567 3590 1607; x_wconf 90' lang='lat' dir='ltr'>mere-</span> 
     </span>
    </p>
   </div>
   <div class='ocr_carea' id='block_1_18' title="bbox 1862 1630 3592 1705">
    <p class='ocr_par' dir='ltr' id='par_1_18' title="bbox 1862 1630 3592 1705">
     <span class='ocr_line' id='line_1_18' title="bbox 1862 1630 3592 1705; baseline 0.008 -22"><span class='ocrx_word' id='word_1_163' title='bbox 1862 1644 1907 1699; x_wconf 82' lang='grc' dir='ltr'>Β</span> <span class='ocrx_word' id='word_1_164' title='bbox 1937 1643 2157 1696; x_wconf 89' lang='lat' dir='ltr'>amur;</span> <span class='ocrx_word' id='word_1_165' title='bbox 2216 1630 2532 1701; x_wconf 90' lang='lat' dir='ltr'>disciplina</span> <span class='ocrx_word' id='word_1_166' title='bbox 2596 1636 2697 1689; x_wconf 87' lang='lat' dir='ltr'>tua</span> <span class='ocrx_word' id='word_1_167' title='bbox 2754 1634 3126 1705; x_wconf 89' lang='lat' dir='ltr'>doceamur;</span> <span class='ocrx_word' id='word_1_168' title='bbox 3167 1638 3439 1695; x_wconf 88' lang='lat' dir='ltr'>doctrina</span> <span class='ocrx_word' id='word_1_169' title='bbox 3486 1644 3592 1696; x_wconf 89' lang='lat' dir='ltr'>tua</span> 
     </span>
    </p>
   </div>
   <div class='ocr_carea' id='block_1_19' title="bbox 1937 1717 3585 1794">
    <p class='ocr_par' dir='ltr' id='par_1_19' title="bbox 1937 1717 3585 1794">
     <span class='ocr_line' id='line_1_19' title="bbox 1937 1717 3585 1794; baseline 0.007 -21"><span class='ocrx_word' id='word_1_170' title='bbox 1937 1717 2271 1789; x_wconf 88' lang='lat' dir='ltr'>dirigamur</span> <span class='ocrx_word' id='word_1_171' title='bbox 2294 1738 2307 1787; x_wconf 91' lang='lat'><strong>;</strong></span> <span class='ocrx_word' id='word_1_172' title='bbox 2332 1724 2387 1776; x_wconf 86' lang='lat' dir='ltr'>et</span> <span class='ocrx_word' id='word_1_173' title='bbox 2416 1721 2796 1778; x_wconf 87' lang='lat' dir='ltr'>incrementis</span> <span class='ocrx_word' id='word_1_174' title='bbox 2810 1724 3216 1794; x_wconf 90' lang='lat' dir='ltr'>spiritualibus</span> <span class='ocrx_word' id='word_1_175' title='bbox 3247 1726 3585 1784; x_wconf 88' lang='lat' dir='ltr'>dilatemur:</span> 
     </span>
    </p>
   </div>
   <div class='ocr_carea' id='block_1_20' title="bbox 1940 1808 3592 1885">
    <p class='ocr_par' dir='ltr' id='par_1_20' title="bbox 1940 1808 3592 1885">
     <span class='ocr_line' id='line_1_20' title="bbox 1940 1808 3592 1885; baseline 0.007 -23"><span class='ocrx_word' id='word_1_176' title='bbox 1940 1808 2319 1864; x_wconf 88' lang='lat' dir='ltr'>Famulatum</span> <span class='ocrx_word' id='word_1_177' title='bbox 2366 1809 2507 1865; x_wconf 85' lang='lat' dir='ltr'>ﬁdei</span> <span class='ocrx_word' id='word_1_178' title='bbox 2552 1810 2657 1866; x_wconf 90' lang='lat' dir='ltr'>tibi</span> <span class='ocrx_word' id='word_1_179' title='bbox 2696 1813 2949 1868; x_wconf 90' lang='lat' dir='ltr'>Domino</span> <span class='ocrx_word' id='word_1_180' title='bbox 2979 1813 3419 1885; x_wconf 79' lang='lat' dir='ltr'>impendamus:</span> <span class='ocrx_word' id='word_1_181' title='bbox 3461 1820 3592 1872; x_wconf 88' lang='lat' dir='ltr'>uta</span> 
     </span>
    </p>
   </div>
   <div class='ocr_carea' id='block_1_21' title="bbox 1939 1896 3592 1976">
    <p class='ocr_par' dir='ltr' id='par_1_21' title="bbox 1939 1896 3592 1976">
     <span class='ocr_line' id='line_1_21' title="bbox 1939 1896 3592 1976; baseline 0.006 -25"><span class='ocrx_word' id='word_1_182' title='bbox 1939 1901 1995 1951; x_wconf 92' lang='lat' dir='ltr'>te</span> <span class='ocrx_word' id='word_1_183' title='bbox 2014 1896 2214 1966; x_wconf 78' lang='lat' dir='ltr'>glorias</span> <span class='ocrx_word' id='word_1_184' title='bbox 2238 1913 2523 1953; x_wconf 90' lang='lat' dir='ltr'>coronam</span> <span class='ocrx_word' id='word_1_185' title='bbox 2551 1899 2613 1953; x_wconf 92' lang='lat' dir='ltr'>in</span> <span class='ocrx_word' id='word_1_186' title='bbox 2642 1902 3121 1957; x_wconf 83' lang='lat' dir='ltr'>remuneratione</span> <span class='ocrx_word' id='word_1_187' title='bbox 3138 1904 3438 1976; x_wconf 88' lang='lat' dir='ltr'>percipere</span> <span class='ocrx_word' id='word_1_188' title='bbox 3473 1921 3592 1960; x_wconf 84' lang='lat' dir='ltr'>me-</span> 
     </span>
    </p>
   </div>
   <div class='ocr_carea' id='block_1_22' title="bbox 1942 1990 2563 2054">
    <p class='ocr_par' dir='ltr' id='par_1_22' title="bbox 1942 1990 2563 2054">
     <span class='ocr_line' id='line_1_22' title="bbox 1942 1990 2563 2054; baseline 0.006 -15"><span class='ocrx_word' id='word_1_189' title='bbox 1942 1999 2206 2041; x_wconf 90' lang='lat' dir='ltr'>reamur.</span> <span class='ocrx_word' id='word_1_190' title='bbox 2257 1997 2325 2054; x_wconf 69' lang='grc' dir='ltr'>Βι.</span> <span class='ocrx_word' id='word_1_191' title='bbox 2351 1990 2563 2044; x_wconf 88' lang='lat' dir='ltr'>Amen.</span> 
     </span>
    </p>
   </div>
   <div class='ocr_carea' id='block_1_23' title="bbox 2015 2073 2639 2132">
    <p class='ocr_par' dir='ltr' id='par_1_23' title="bbox 2015 2073 2639 2132">
     <span class='ocr_line' id='line_1_23' title="bbox 2015 2073 2639 2132; baseline 0.006 -6"><span class='ocrx_word' id='word_1_192' title='bbox 2015 2073 2124 2127; x_wconf 91' lang='lat' dir='ltr'>Per</span> <span class='ocrx_word' id='word_1_193' title='bbox 2145 2074 2639 2132; x_wconf 90' lang='lat' dir='ltr'>misericordiam.</span> 
     </span>
    </p>
   </div>
   <div class='ocr_carea' id='block_1_24' title="bbox 2016 2163 3597 2231">
    <p class='ocr_par' dir='ltr' id='par_1_24' title="bbox 2016 2163 3597 2231">
     <span class='ocr_line' id='line_1_24' title="bbox 2016 2163 3597 2231; baseline 0.006 -16"><span class='ocrx_word' id='word_1_194' title='bbox 2016 2163 2355 2231; x_wconf 76' lang='lat' dir='ltr'>Antiphone</span> <span class='ocrx_word' id='word_1_195' title='bbox 2377 2167 2430 2216; x_wconf 77' lang='lat'>&#39;2.</span> <span class='ocrx_word' id='word_1_196' title='bbox 2478 2164 2757 2221; x_wconf 90' lang='lat' dir='ltr'>Laudans</span> <span class='ocrx_word' id='word_1_197' title='bbox 2772 2166 3070 2223; x_wconf 81' lang='lat' dir='ltr'>invocabo</span> <span class='ocrx_word' id='word_1_198' title='bbox 3089 2168 3439 2225; x_wconf 90' lang='lat' dir='ltr'>Dominum:</span> <span class='ocrx_word' id='word_1_199' title='bbox 3455 2170 3597 2226; x_wconf 89' lang='lat' dir='ltr'>etab</span> 
     </span>
    </p>
   </div>
   <div class='ocr_carea' id='block_1_25' title="bbox 1945 2248 3592 2325">
    <p class='ocr_par' dir='ltr' id='par_1_25' title="bbox 1945 2248 3592 2325">
     <span class='ocr_line' id='line_1_25' title="bbox 1945 2248 3592 2325; baseline 0.006 -22"><span class='ocrx_word' id='word_1_200' title='bbox 1945 2248 2201 2305; x_wconf 80' lang='lat' dir='ltr'>inimicis</span> <span class='ocrx_word' id='word_1_201' title='bbox 2231 2252 2379 2306; x_wconf 90' lang='lat' dir='ltr'>meis</span> <span class='ocrx_word' id='word_1_202' title='bbox 2417 2251 2618 2308; x_wconf 90' lang='lat' dir='ltr'>salvus</span> <span class='ocrx_word' id='word_1_203' title='bbox 2636 2268 2754 2309; x_wconf 91' lang='lat' dir='ltr'>ero.</span> <span class='ocrx_word' id='word_1_204' title='bbox 2782 2254 3055 2312; x_wconf 85' lang='lat' dir='ltr'>Psalmus</span> <span class='ocrx_word' id='word_1_205' title='bbox 3068 2260 3284 2314; x_wconf 84' lang='lat' dir='ltr'>xvu.Et</span> <span class='ocrx_word' id='word_1_206' title='bbox 3304 2258 3592 2325; x_wconf 85' lang='lat' dir='ltr'>retribuit,</span> 
     </span>
    </p>
   </div>
   <div class='ocr_carea' id='block_1_26' title="bbox 1947 2340 2839 2413">
    <p class='ocr_par' dir='ltr' id='par_1_26' title="bbox 1947 2340 2839 2413">
     <span class='ocr_line' id='line_1_26' title="bbox 1947 2340 2839 2413; baseline 0.009 -23"><span class='ocrx_word' id='word_1_207' title='bbox 1947 2353 2129 2409; x_wconf 85' lang='lat' dir='ltr'>usque</span> <span class='ocrx_word' id='word_1_208' title='bbox 2163 2340 2335 2405; x_wconf 89' lang='lat' dir='ltr'>Deus,</span> <span class='ocrx_word' id='word_1_209' title='bbox 2378 2340 2482 2412; x_wconf 88' lang='lat' dir='ltr'>qui</span> <span class='ocrx_word' id='word_1_210' title='bbox 2510 2341 2839 2413; x_wconf 66' lang='lat' dir='ltr'>praecinxit.</span> 
     </span>
    </p>
   </div>
   <div class='ocr_carea' id='block_1_27' title="bbox 389 1495 1032 1570">
    <p class='ocr_par' dir='ltr' id='par_1_27' title="bbox 389 1495 1032 1570">
     <span class='ocr_line' id='line_1_27' title="bbox 389 1495 1032 1570; baseline -0.003 -18"><span class='ocrx_word' id='word_1_211' title='bbox 389 1497 543 1554; x_wconf 89' lang='lat' dir='ltr'>Deus</span> <span class='ocrx_word' id='word_1_212' title='bbox 570 1501 738 1570; x_wconf 90' lang='lat' dir='ltr'>pater</span> <span class='ocrx_word' id='word_1_213' title='bbox 770 1495 1032 1565; x_wconf 76' lang='lat' dir='ltr'>ingenita</span> 
     </span>
    </p>
   </div>
   <div class='ocr_carea' id='block_1_28' title="bbox 315 1584 853 1655">
    <p class='ocr_par' dir='ltr' id='par_1_28' title="bbox 315 1584 853 1655">
     <span class='ocr_line' id='line_1_28' title="bbox 315 1584 853 1655; baseline -0.007 -13"><span class='ocrx_word' id='word_1_214' title='bbox 315 1590 379 1642; x_wconf 83' lang='lat' dir='ltr'>Et</span> <span class='ocrx_word' id='word_1_215' title='bbox 399 1586 503 1641; x_wconf 85' lang='lat' dir='ltr'>Fili</span> <span class='ocrx_word' id='word_1_216' title='bbox 528 1584 853 1655; x_wconf 91' lang='lat' dir='ltr'>unigenite,</span> 
     </span>
    </p>
   </div>
   <div class='ocr_carea' id='block_1_29' title="bbox 315 1672 1036 1742">
    <p class='ocr_par' dir='ltr' id='par_1_29' title="bbox 315 1672 1036 1742">
     <span class='ocr_line' id='line_1_29' title="bbox 315 1672 1036 1742; baseline -0.008 -11"><span class='ocrx_word' id='word_1_217' title='bbox 315 1677 478 1742; x_wconf 88' lang='lat' dir='ltr'>Quos</span> <span class='ocrx_word' id='word_1_218' title='bbox 511 1673 808 1730; x_wconf 88' lang='lat' dir='ltr'>Trinitatis</span> <span class='ocrx_word' id='word_1_219' title='bbox 841 1672 1036 1727; x_wconf 88' lang='lat' dir='ltr'>unitas</span> 
     </span>
    </p>
   </div>
   <div class='ocr_carea' id='block_1_30' title="bbox 314 1759 1163 1832">
    <p class='ocr_par' dir='ltr' id='par_1_30' title="bbox 314 1759 1163 1832">
     <span class='ocr_line' id='line_1_30' title="bbox 314 1759 1163 1832; baseline -0.009 -11"><span class='ocrx_word' id='word_1_220' title='bbox 314 1767 532 1821; x_wconf 86' lang='lat' dir='ltr'>Sancto</span> <span class='ocrx_word' id='word_1_221' title='bbox 564 1765 880 1819; x_wconf 88' lang='lat' dir='ltr'>connectat</span> <span class='ocrx_word' id='word_1_222' title='bbox 905 1759 1163 1832; x_wconf 87' lang='lat' dir='ltr'>Spiritui.</span> 
     </span>
    </p>
   </div>
   <div class='ocr_carea' id='block_1_31' title="bbox 387 1846 1223 1916">
    <p class='ocr_par' dir='ltr' id='par_1_31' title="bbox 387 1846 1223 1916">
     <span class='ocr_line' id='line_1_31' title="bbox 387 1846 1223 1916; baseline -0.005 -11"><span class='ocrx_word' id='word_1_223' title='bbox 387 1853 463 1906; x_wconf 87' lang='lat' dir='ltr'>Te</span> <span class='ocrx_word' id='word_1_224' title='bbox 480 1850 705 1907; x_wconf 85' lang='lat' dir='ltr'>frustra</span> <span class='ocrx_word' id='word_1_225' title='bbox 740 1846 939 1902; x_wconf 88' lang='lat' dir='ltr'>nullus</span> <span class='ocrx_word' id='word_1_226' title='bbox 965 1847 1223 1916; x_wconf 87' lang='lat' dir='ltr'>invocat,</span> 
     </span>
    </p>
   </div>
   <div class='ocr_carea' id='block_1_32' title="bbox 318 1934 1249 2007">
    <p class='ocr_par' dir='ltr' id='par_1_32' title="bbox 318 1934 1249 2007">
     <span class='ocr_line' id='line_1_32' title="bbox 318 1934 1249 2007; baseline -0.01 -11"><span class='ocrx_word' id='word_1_227' title='bbox 318 1943 434 1996; x_wconf 83' lang='lat' dir='ltr'>Nec</span> <span class='ocrx_word' id='word_1_228' title='bbox 464 1938 648 1993; x_wconf 85' lang='lat' dir='ltr'>cassis</span> <span class='ocrx_word' id='word_1_229' title='bbox 669 1946 966 2007; x_wconf 84' lang='lat' dir='ltr'>umquam</span> <span class='ocrx_word' id='word_1_230' title='bbox 996 1934 1249 1990; x_wconf 87' lang='lat' dir='ltr'>vocibus</span> 
     </span>
    </p>
   </div>
   <div class='ocr_carea' id='block_1_33' title="bbox 322 2023 955 2083">
    <p class='ocr_par' dir='ltr' id='par_1_33' title="bbox 322 2023 955 2083">
     <span class='ocr_line' id='line_1_33' title="bbox 322 2023 955 2083; baseline -0.009 0"><span class='ocrx_word' id='word_1_231' title='bbox 322 2032 565 2083; x_wconf 83' lang='lat' dir='ltr'>Amator</span> <span class='ocrx_word' id='word_1_232' title='bbox 596 2024 682 2081; x_wconf 88' lang='lat' dir='ltr'>tui</span> <span class='ocrx_word' id='word_1_233' title='bbox 710 2023 955 2078; x_wconf 87' lang='lat' dir='ltr'>luminis</span> 
     </span>
    </p>
   </div>
   <div class='ocr_carea' id='block_1_34' title="bbox 322 2111 1120 2181">
    <p class='ocr_par' dir='ltr' id='par_1_34' title="bbox 322 2111 1120 2181">
     <span class='ocr_line' id='line_1_34' title="bbox 322 2111 1120 2181; baseline -0.006 -10"><span class='ocrx_word' id='word_1_234' title='bbox 322 2115 427 2180; x_wconf 84' lang='lat' dir='ltr'>Ad,</span> <span class='ocrx_word' id='word_1_235' title='bbox 461 2113 679 2170; x_wconf 65' lang='lat' dir='ltr'>castum</span> <span class='ocrx_word' id='word_1_236' title='bbox 705 2112 907 2167; x_wconf 88' lang='lat' dir='ltr'>vultus</span> <span class='ocrx_word' id='word_1_237' title='bbox 934 2111 1120 2181; x_wconf 88' lang='lat' dir='ltr'>erigit.</span> 
     </span>
    </p>
   </div>
   <div class='ocr_carea' id='block_1_35' title="bbox 392 2202 1212 2273">
    <p class='ocr_par' dir='ltr' id='par_1_35' title="bbox 392 2202 1212 2273">
     <span class='ocr_line' id='line_1_35' title="bbox 392 2202 1212 2273; baseline -0.007 -14"><span class='ocrx_word' id='word_1_238' title='bbox 392 2208 459 2259; x_wconf 83' lang='lat' dir='ltr'>Et</span> <span class='ocrx_word' id='word_1_239' title='bbox 489 2208 551 2259; x_wconf 86' lang='lat' dir='ltr'>tu</span> <span class='ocrx_word' id='word_1_240' title='bbox 586 2202 1009 2273; x_wconf 88' lang='lat' dir='ltr'>suspirantem,</span> <span class='ocrx_word' id='word_1_241' title='bbox 1038 2203 1212 2267; x_wconf 90' lang='lat' dir='ltr'>Deus,</span> 
     </span>
    </p>
   </div>
   <div class='ocr_carea' id='block_1_36' title="bbox 319 2290 1102 2363">
    <p class='ocr_par' dir='ltr' id='par_1_36' title="bbox 319 2290 1102 2363">
     <span class='ocr_line' id='line_1_36' title="bbox 319 2290 1102 2363; baseline -0.006 -14"><span class='ocrx_word' id='word_1_242' title='bbox 319 2293 419 2349; x_wconf 81' lang='lat' dir='ltr'>Vel</span> <span class='ocrx_word' id='word_1_243' title='bbox 447 2300 589 2348; x_wconf 90' lang='lat' dir='ltr'>vota</span> <span class='ocrx_word' id='word_1_244' title='bbox 614 2290 1102 2363; x_wconf 87' lang='lat' dir='ltr'>supplicantium,</span> 
     </span>
    </p>
   </div>
   <div class='ocr_carea' id='block_1_37' title="bbox 320 2379 1098 2448">
    <p class='ocr_par' dir='ltr' id='par_1_37' title="bbox 320 2379 1098 2448">
     <span class='ocr_line' id='line_1_37' title="bbox 320 2379 1098 2448; baseline -0.005 -10"><span class='ocrx_word' id='word_1_245' title='bbox 320 2383 423 2440; x_wconf 77' lang='lat' dir='ltr'>Vel</span> <span class='ocrx_word' id='word_1_246' title='bbox 452 2382 636 2438; x_wconf 88' lang='lat' dir='ltr'>corda</span> <span class='ocrx_word' id='word_1_247' title='bbox 668 2379 1098 2448; x_wconf 88' lang='lat' dir='ltr'>conﬁtentium,</span> 
     </span>
    </p>
   </div>
   <div class='ocr_carea' id='block_1_38' title="bbox 324 2467 1132 2543">
    <p class='ocr_par' dir='ltr' id='par_1_38' title="bbox 324 2467 1132 2543">
     <span class='ocr_line' id='line_1_38' title="bbox 324 2467 1132 2543; baseline -0.01 -14"><span class='ocrx_word' id='word_1_248' title='bbox 324 2475 570 2543; x_wconf 88' lang='lat' dir='ltr'>Semper</span> <span class='ocrx_word' id='word_1_249' title='bbox 589 2469 888 2539; x_wconf 88' lang='lat' dir='ltr'>benignus</span> <span class='ocrx_word' id='word_1_250' title='bbox 913 2467 1132 2539; x_wconf 89' lang='lat' dir='ltr'>aspice.</span> 
     </span>
    </p>
   </div>
   <div class='ocr_carea' id='block_1_39' title="bbox 397 2556 1201 2621">
    <p class='ocr_par' dir='ltr' id='par_1_39' title="bbox 397 2556 1201 2621">
     <span class='ocr_line' id='line_1_39' title="bbox 397 2556 1201 2621; baseline -0.007 -4"><span class='ocrx_word' id='word_1_251' title='bbox 397 2564 514 2617; x_wconf 73' lang='lat' dir='ltr'>Nos</span> <span class='ocrx_word' id='word_1_252' title='bbox 534 2559 683 2614; x_wconf 88' lang='lat' dir='ltr'>lucis</span> <span class='ocrx_word' id='word_1_253' title='bbox 710 2563 875 2613; x_wconf 87' lang='lat' dir='ltr'>ortus</span> <span class='ocrx_word' id='word_1_254' title='bbox 899 2556 1201 2621; x_wconf 88' lang='lat' dir='ltr'>admonet,</span> 
     </span>
    </p>
   </div>
   <div class='ocr_carea' id='block_1_40' title="bbox 328 2645 1070 2715">
    <p class='ocr_par' dir='ltr' id='par_1_40' title="bbox 328 2645 1070 2715">
     <span class='ocr_line' id='line_1_40' title="bbox 328 2645 1070 2715; baseline -0.013 -7"><span class='ocrx_word' id='word_1_255' title='bbox 328 2654 533 2708; x_wconf 85' lang='lat' dir='ltr'>Grates</span> <span class='ocrx_word' id='word_1_256' title='bbox 551 2647 780 2703; x_wconf 81' lang='lat' dir='ltr'>deferre</span> <span class='ocrx_word' id='word_1_257' title='bbox 803 2645 1037 2700; x_wconf 91' lang='lat' dir='ltr'>debitas</span> <span class='ocrx_word' id='word_1_258' title='bbox 1054 2664 1070 2715; x_wconf 79' lang='grc'><strong>;</strong></span> 
     </span>
    </p>
   </div>
   <div class='ocr_carea' id='block_1_41' title="bbox 324 2734 1052 2810">
    <p class='ocr_par' dir='ltr' id='par_1_41' title="bbox 324 2734 1052 2810">
     <span class='ocr_line' id='line_1_41' title="bbox 324 2734 1052 2810; baseline -0.012 -13"><span class='ocrx_word' id='word_1_259' title='bbox 324 2739 576 2810; x_wconf 86' lang='lat' dir='ltr'>Tibique</span> <span class='ocrx_word' id='word_1_260' title='bbox 595 2734 806 2792; x_wconf 88' lang='lat' dir='ltr'>laudes</span> <span class='ocrx_word' id='word_1_261' title='bbox 835 2734 1052 2797; x_wconf 89' lang='lat' dir='ltr'>dicere,</span> 
     </span>
    </p>
   </div>
   <div class='ocr_carea' id='block_1_42' title="bbox 329 2821 1252 2894">
    <p class='ocr_par' dir='ltr' id='par_1_42' title="bbox 329 2821 1252 2894">
     <span class='ocr_line' id='line_1_42' title="bbox 329 2821 1252 2894; baseline -0.011 -10"><span class='ocrx_word' id='word_1_262' title='bbox 329 2826 504 2894; x_wconf 89' lang='lat' dir='ltr'>Quod</span> <span class='ocrx_word' id='word_1_263' title='bbox 527 2841 648 2881; x_wconf 81' lang='lat' dir='ltr'>nox</span> <span class='ocrx_word' id='word_1_264' title='bbox 677 2823 940 2879; x_wconf 89' lang='lat' dir='ltr'>obscura</span> <span class='ocrx_word' id='word_1_265' title='bbox 966 2821 1252 2893; x_wconf 69' lang='lat' dir='ltr'>praeterit.</span> 
     </span>
    </p>
   </div>
   <div class='ocr_carea' id='block_1_43' title="bbox 409 2911 1221 2985">
    <p class='ocr_par' dir='ltr' id='par_1_43' title="bbox 409 2911 1221 2985">
     <span class='ocr_line' id='line_1_43' title="bbox 409 2911 1221 2985; baseline -0.01 -15"><span class='ocrx_word' id='word_1_266' title='bbox 409 2914 579 2970; x_wconf 91' lang='lat' dir='ltr'>Diem</span> <span class='ocrx_word' id='word_1_267' title='bbox 602 2926 921 2985; x_wconf 87' lang='lat' dir='ltr'>precamur</span> <span class='ocrx_word' id='word_1_268' title='bbox 950 2911 1177 2965; x_wconf 88' lang='lat' dir='ltr'>bonum</span> <span class='ocrx_word' id='word_1_269' title='bbox 1207 2925 1221 2974; x_wconf 90' lang='lat'><strong>;</strong></span> 
     </span>
    </p>
   </div>
   <div class='ocr_carea' id='block_1_44' title="bbox 336 2999 1207 3067">
    <p class='ocr_par' dir='ltr' id='par_1_44' title="bbox 336 2999 1207 3067">
     <span class='ocr_line' id='line_1_44' title="bbox 336 2999 1207 3067; baseline -0.011 -6"><span class='ocrx_word' id='word_1_270' title='bbox 336 3008 399 3061; x_wconf 85' lang='lat' dir='ltr'>Et</span> <span class='ocrx_word' id='word_1_271' title='bbox 422 3008 680 3067; x_wconf 86' lang='lat' dir='ltr'>nostros,</span> <span class='ocrx_word' id='word_1_272' title='bbox 718 2999 1006 3067; x_wconf 86' lang='lat' dir='ltr'>Salvator,</span> <span class='ocrx_word' id='word_1_273' title='bbox 1041 3002 1207 3054; x_wconf 89' lang='lat' dir='ltr'>actus</span> 
     </span>
    </p>
   </div>
   <div class='ocr_carea' id='block_1_45' title="bbox 344 3088 949 3162">
    <p class='ocr_par' dir='ltr' id='par_1_45' title="bbox 344 3088 949 3162">
     <span class='ocr_line' id='line_1_45' title="bbox 344 3088 949 3162; baseline -0.013 -11"><span class='ocrx_word' id='word_1_274' title='bbox 344 3092 687 3151; x_wconf 86' lang='lat' dir='ltr'>Sinceritate</span> <span class='ocrx_word' id='word_1_275' title='bbox 723 3088 949 3162; x_wconf 86' lang='lat' dir='ltr'>perpeti</span> 
     </span>
    </p>
   </div>
   <div class='ocr_carea' id='block_1_46' title="bbox 335 3178 1067 3251">
    <p class='ocr_par' dir='ltr' id='par_1_46' title="bbox 335 3178 1067 3251">
     <span class='ocr_line' id='line_1_46' title="bbox 335 3178 1067 3251; baseline -0.008 -11"><span class='ocrx_word' id='word_1_276' title='bbox 335 3184 471 3239; x_wconf 85' lang='lat' dir='ltr'>Pius</span> <span class='ocrx_word' id='word_1_277' title='bbox 502 3180 762 3251; x_wconf 87' lang='lat' dir='ltr'>benigne</span> <span class='ocrx_word' id='word_1_278' title='bbox 786 3178 1067 3235; x_wconf 91' lang='lat' dir='ltr'>instruas.</span> 
     </span>
    </p>
   </div>
   <div class='ocr_carea' id='block_1_47' title="bbox 410 3267 1202 3344">
    <p class='ocr_par' dir='ltr' id='par_1_47' title="bbox 410 3267 1202 3344">
     <span class='ocr_line' id='line_1_47' title="bbox 410 3267 1202 3344; baseline -0.008 -19"><span class='ocrx_word' id='word_1_279' title='bbox 410 3273 533 3327; x_wconf 92' lang='lat' dir='ltr'>Deo</span> <span class='ocrx_word' id='word_1_280' title='bbox 558 3270 712 3344; x_wconf 87' lang='lat' dir='ltr'>patri</span> <span class='ocrx_word' id='word_1_281' title='bbox 744 3269 821 3324; x_wconf 88' lang='lat' dir='ltr'>sit</span> <span class='ocrx_word' id='word_1_282' title='bbox 852 3267 1060 3337; x_wconf 90' lang='lat' dir='ltr'>gloria,</span> <span class='ocrx_word' id='word_1_283' title='bbox 1093 3268 1202 3320; x_wconf 91' lang='lat' dir='ltr'>etc.</span> 
     </span>
    </p>
   </div>
   <div class='ocr_carea' id='block_1_48' title="bbox 269 3366 1853 3451">
    <p class='ocr_par' dir='ltr' id='par_1_48' title="bbox 269 3366 1853 3451">
     <span class='ocr_line' id='line_1_48' title="bbox 269 3366 1853 3451; baseline -0.009 -15"><span class='ocrx_word' id='word_1_284' title='bbox 269 3377 913 3451; x_wconf 67' lang='lat' dir='ltr'>SupplicatioOi-emus</span> <span class='ocrx_word' id='word_1_285' title='bbox 933 3372 1389 3443; x_wconf 83' lang='lat' dir='ltr'>Redemptorem</span> <span class='ocrx_word' id='word_1_286' title='bbox 1406 3366 1853 3434; x_wconf 70' lang='lat' dir='ltr'>mundi.Qua3re</span> 
     </span>
    </p>
   </div>
   <div class='ocr_carea' id='block_1_49' title="bbox 2021 2427 3593 2507">
    <p class='ocr_par' dir='ltr' id='par_1_49' title="bbox 2021 2427 3593 2507">
     <span class='ocr_line' id='line_1_49' title="bbox 2021 2427 3593 2507; baseline 0.005 -26"><span class='ocrx_word' id='word_1_287' title='bbox 2021 2427 2242 2483; x_wconf 77' lang='lat' dir='ltr'>Oratio.</span> <span class='ocrx_word' id='word_1_288' title='bbox 2272 2427 2540 2493; x_wconf 89' lang='lat' dir='ltr'>Domine,</span> <span class='ocrx_word' id='word_1_289' title='bbox 2567 2430 3015 2488; x_wconf 88' lang='lat' dir='ltr'>ﬁrmamentum</span> <span class='ocrx_word' id='word_1_290' title='bbox 3041 2436 3337 2507; x_wconf 82' lang='lat' dir='ltr'>nostrum,</span> <span class='ocrx_word' id='word_1_291' title='bbox 3362 2438 3417 2490; x_wconf 91' lang='lat' dir='ltr'>et</span> <span class='ocrx_word' id='word_1_292' title='bbox 3445 2434 3593 2491; x_wconf 85' lang='lat' dir='ltr'>refu-</span> 
     </span>
    </p>
   </div>
   <div class='ocr_carea' id='block_1_50' title="bbox 1950 2513 3594 2593">
    <p class='ocr_par' dir='ltr' id='par_1_50' title="bbox 1950 2513 3594 2593">
     <span class='ocr_line' id='line_1_50' title="bbox 1950 2513 3594 2593; baseline 0.006 -25"><span class='ocrx_word' id='word_1_293' title='bbox 1950 2513 2115 2583; x_wconf 91' lang='lat' dir='ltr'>gium</span> <span class='ocrx_word' id='word_1_294' title='bbox 2132 2519 2429 2581; x_wconf 80' lang='lat' dir='ltr'>nostrum,</span> <span class='ocrx_word' id='word_1_295' title='bbox 2445 2516 2518 2571; x_wconf 91' lang='lat' dir='ltr'>de</span> <span class='ocrx_word' id='word_1_296' title='bbox 2536 2518 2852 2574; x_wconf 88' lang='lat' dir='ltr'>tentatione</span> <span class='ocrx_word' id='word_1_297' title='bbox 2872 2535 2983 2575; x_wconf 92' lang='lat' dir='ltr'>nos</span> <span class='ocrx_word' id='word_1_298' title='bbox 2996 2520 3174 2592; x_wconf 87' lang='lat' dir='ltr'>eripe:</span> <span class='ocrx_word' id='word_1_299' title='bbox 3195 2522 3594 2593; x_wconf 87' lang='lat' dir='ltr'>daprotectio-</span> 
     </span>
    </p>
   </div>
   <div class='ocr_carea' id='block_1_51' title="bbox 1949 2602 3601 2682">
    <p class='ocr_par' dir='ltr' id='par_1_51' title="bbox 1949 2602 3601 2682">
     <span class='ocr_line' id='line_1_51' title="bbox 1949 2602 3601 2682; baseline 0.006 -26"><span class='ocrx_word' id='word_1_300' title='bbox 1949 2617 2089 2656; x_wconf 90' lang='lat' dir='ltr'>nem</span> <span class='ocrx_word' id='word_1_301' title='bbox 2119 2602 2457 2658; x_wconf 74' lang='lat' dir='ltr'>salutistuas</span> <span class='ocrx_word' id='word_1_302' title='bbox 2483 2623 2495 2671; x_wconf 90' lang='lat'><strong>;</strong></span> <span class='ocrx_word' id='word_1_303' title='bbox 2524 2609 2578 2659; x_wconf 91' lang='lat' dir='ltr'>et</span> <span class='ocrx_word' id='word_1_304' title='bbox 2598 2604 2845 2661; x_wconf 83' lang='lat' dir='ltr'>dextera</span> <span class='ocrx_word' id='word_1_305' title='bbox 2866 2610 2969 2661; x_wconf 87' lang='lat' dir='ltr'>tua</span> <span class='ocrx_word' id='word_1_306' title='bbox 3006 2609 3177 2677; x_wconf 77' lang='lat'><strong>102</strong></span> <span class='ocrx_word' id='word_1_307' title='bbox 3210 2625 3323 2664; x_wconf 93' lang='lat' dir='ltr'>nos</span> <span class='ocrx_word' id='word_1_308' title='bbox 3364 2612 3601 2682; x_wconf 87' lang='lat' dir='ltr'>suscipe</span> 
     </span>
    </p>
   </div>
   <div class='ocr_carea' id='block_1_52' title="bbox 1950 2688 3599 2760">
    <p class='ocr_par' dir='ltr' id='par_1_52' title="bbox 1950 2688 3599 2760">
     <span class='ocr_line' id='line_1_52' title="bbox 1950 2688 3599 2760; baseline 0.005 -16"><span class='ocrx_word' id='word_1_309' title='bbox 1950 2688 2330 2760; x_wconf 85' lang='lat' dir='ltr'>etdisciplina</span> <span class='ocrx_word' id='word_1_310' title='bbox 2352 2695 2454 2745; x_wconf 89' lang='lat' dir='ltr'>tua</span> <span class='ocrx_word' id='word_1_311' title='bbox 2483 2705 2594 2745; x_wconf 92' lang='lat' dir='ltr'>nos</span> <span class='ocrx_word' id='word_1_312' title='bbox 2634 2691 2833 2760; x_wconf 91' lang='lat' dir='ltr'>edoce,</span> <span class='ocrx_word' id='word_1_313' title='bbox 2861 2698 2917 2747; x_wconf 90' lang='lat' dir='ltr'>et</span> <span class='ocrx_word' id='word_1_314' title='bbox 2962 2694 3413 2751; x_wconf 89' lang='lat' dir='ltr'>immaculatam</span> <span class='ocrx_word' id='word_1_315' title='bbox 3439 2698 3599 2753; x_wconf 89' lang='lat' dir='ltr'>viam</span> 
     </span>
    </p>
   </div>
   <div class='ocr_carea' id='block_1_53' title="bbox 1952 2778 3599 2852">
    <p class='ocr_par' dir='ltr' id='par_1_53' title="bbox 1952 2778 3599 2852">
     <span class='ocr_line' id='line_1_53' title="bbox 1952 2778 3599 2852; baseline 0.003 -20"><span class='ocrx_word' id='word_1_316' title='bbox 1952 2782 2244 2843; x_wconf 86' lang='lat' dir='ltr'>nostram,</span> <span class='ocrx_word' id='word_1_317' title='bbox 2267 2779 2570 2848; x_wconf 88' lang='lat' dir='ltr'>vitamque</span> <span class='ocrx_word' id='word_1_318' title='bbox 2583 2778 2871 2835; x_wconf 88' lang='lat' dir='ltr'>constitue</span> <span class='ocrx_word' id='word_1_319' title='bbox 2900 2785 2989 2836; x_wconf 90' lang='lat' dir='ltr'>:et</span> <span class='ocrx_word' id='word_1_320' title='bbox 3010 2782 3227 2852; x_wconf 89' lang='lat' dir='ltr'>quiatu</span> <span class='ocrx_word' id='word_1_321' title='bbox 3257 2784 3599 2838; x_wconf 86' lang='lat' dir='ltr'>sanctusin-</span> 
     </span>
    </p>
   </div>
   <div class='ocr_carea' id='block_1_54' title="bbox 1955 2866 3601 2937">
    <p class='ocr_par' dir='ltr' id='par_1_54' title="bbox 1955 2866 3601 2937">
     <span class='ocr_line' id='line_1_54' title="bbox 1955 2866 3601 2937; baseline 0.001 -14"><span class='ocrx_word' id='word_1_322' title='bbox 1955 2866 2185 2923; x_wconf 87' lang='lat' dir='ltr'>Sanctis</span> <span class='ocrx_word' id='word_1_323' title='bbox 2214 2880 2317 2936; x_wconf 78' lang='lat' dir='ltr'>es;</span> <span class='ocrx_word' id='word_1_324' title='bbox 2351 2880 2461 2920; x_wconf 90' lang='lat' dir='ltr'>nos</span> <span class='ocrx_word' id='word_1_325' title='bbox 2486 2880 2729 2937; x_wconf 90' lang='lat' dir='ltr'>quoque</span> <span class='ocrx_word' id='word_1_326' title='bbox 2771 2866 2873 2922; x_wconf 91' lang='lat' dir='ltr'>tibi</span> <span class='ocrx_word' id='word_1_327' title='bbox 2916 2867 3228 2924; x_wconf 88' lang='lat' dir='ltr'>collatione</span> <span class='ocrx_word' id='word_1_328' title='bbox 3267 2870 3601 2926; x_wconf 88' lang='lat' dir='ltr'>sanctitatis</span> 
     </span>
    </p>
   </div>
   <div class='ocr_carea' id='block_1_55' title="bbox 1877 2953 3103 3050">
    <p class='ocr_par' dir='ltr' id='par_1_55' title="bbox 1877 2953 3103 3050">
     <span class='ocr_line' id='line_1_55' title="bbox 1877 2953 3103 3050; baseline 0.003 -41"><span class='ocrx_word' id='word_1_329' title='bbox 1877 2993 1921 3050; x_wconf 65' lang='grc' dir='ltr'>ο</span> <span class='ocrx_word' id='word_1_330' title='bbox 1954 2953 2207 3011; x_wconf 88' lang='lat' dir='ltr'>associa.</span> <span class='ocrx_word' id='word_1_331' title='bbox 2231 2954 2592 3023; x_wconf 78' lang='lat' dir='ltr'>Respondeat</span> <span class='ocrx_word' id='word_1_332' title='bbox 2620 2953 2861 3011; x_wconf 81' lang='lat' dir='ltr'>Chorus.</span> <span class='ocrx_word' id='word_1_333' title='bbox 2894 2958 3103 3013; x_wconf 88' lang='lat' dir='ltr'>Amen.</span> 
     </span>
    </p>
   </div>
   <div class='ocr_carea' id='block_1_56' title="bbox 2028 3041 2843 3100">
    <p class='ocr_par' dir='ltr' id='par_1_56' title="bbox 2028 3041 2843 3100">
     <span class='ocr_line' id='line_1_56' title="bbox 2028 3041 2843 3100; baseline 0.002 -2"><span class='ocrx_word' id='word_1_334' title='bbox 2028 3045 2133 3098; x_wconf 88' lang='lat' dir='ltr'>Per</span> <span class='ocrx_word' id='word_1_335' title='bbox 2158 3041 2631 3098; x_wconf 87' lang='lat' dir='ltr'>misericordiam</span> <span class='ocrx_word' id='word_1_336' title='bbox 2658 3048 2843 3100; x_wconf 88' lang='lat' dir='ltr'>tuam.</span> 
     </span>
    </p>
   </div>
   <div class='ocr_carea' id='block_1_57' title="bbox 2027 3131 3607 3206">
    <p class='ocr_par' dir='ltr' id='par_1_57' title="bbox 2027 3131 3607 3206">
     <span class='ocr_line' id='line_1_57' title="bbox 2027 3131 3607 3206; baseline 0.004 -19"><span class='ocrx_word' id='word_1_337' title='bbox 2027 3131 2400 3201; x_wconf 76' lang='lat' dir='ltr'>Antiphona.</span> <span class='ocrx_word' id='word_1_338' title='bbox 2437 3135 2488 3187; x_wconf 91' lang='lat'>3.</span> <span class='ocrx_word' id='word_1_339' title='bbox 2514 3132 2657 3197; x_wconf 88' lang='lat' dir='ltr'>Quis</span> <span class='ocrx_word' id='word_1_340' title='bbox 2680 3134 2832 3189; x_wconf 86' lang='lat' dir='ltr'>Deus</span> <span class='ocrx_word' id='word_1_341' title='bbox 2861 3137 3075 3206; x_wconf 71' lang='lat' dir='ltr'>praeter</span> <span class='ocrx_word' id='word_1_342' title='bbox 3101 3135 3285 3190; x_wconf 91' lang='lat' dir='ltr'>Deum</span> <span class='ocrx_word' id='word_1_343' title='bbox 3302 3137 3607 3193; x_wconf 86' lang='lat' dir='ltr'>nostrum?</span> 
     </span>
    </p>
   </div>
   <div class='ocr_carea' id='block_1_58' title="bbox 1957 3221 3606 3294">
    <p class='ocr_par' dir='ltr' id='par_1_58' title="bbox 1957 3221 3606 3294">
     <span class='ocr_line' id='line_1_58' title="bbox 1957 3221 3606 3294; baseline 0.002 -17"><span class='ocrx_word' id='word_1_344' title='bbox 1957 3226 2061 3278; x_wconf 90' lang='lat' dir='ltr'>aut</span> <span class='ocrx_word' id='word_1_345' title='bbox 2088 3221 2223 3294; x_wconf 87' lang='lat' dir='ltr'>quis</span> <span class='ocrx_word' id='word_1_346' title='bbox 2255 3224 2408 3277; x_wconf 89' lang='lat' dir='ltr'>Deus</span> <span class='ocrx_word' id='word_1_347' title='bbox 2431 3225 2644 3293; x_wconf 68' lang='lat' dir='ltr'>praeter</span> <span class='ocrx_word' id='word_1_348' title='bbox 2674 3222 2995 3278; x_wconf 90' lang='lat' dir='ltr'>Dominum</span> <span class='ocrx_word' id='word_1_349' title='bbox 3016 3224 3044 3278; x_wconf 89' lang='lat'><strong>?</strong></span> <span class='ocrx_word' id='word_1_350' title='bbox 3063 3225 3278 3280; x_wconf 80' lang='lat' dir='ltr'>Psatm.</span> <span class='ocrx_word' id='word_1_351' title='bbox 3319 3242 3455 3281; x_wconf 79' lang='lat' dir='ltr'>xvii.</span> <span class='ocrx_word' id='word_1_352' title='bbox 3480 3228 3606 3282; x_wconf 76' lang='lat' dir='ltr'>Rei-</span> 
     </span>
    </p>
   </div>
   <div class='ocr_carea' id='block_1_59' title="bbox 1959 3310 2983 3380">
    <p class='ocr_par' dir='ltr' id='par_1_59' title="bbox 1959 3310 2983 3380">
     <span class='ocr_line' id='line_1_59' title="bbox 1959 3310 2983 3380; baseline 0.001 -14"><span class='ocrx_word' id='word_1_353' title='bbox 1959 3316 2202 3367; x_wconf 85' lang='lat' dir='ltr'>teretur.</span> <span class='ocrx_word' id='word_1_354' title='bbox 2237 3310 2598 3380; x_wconf 76' lang='lat' dir='ltr'>Antiphone.</span> <span class='ocrx_word' id='word_1_355' title='bbox 2641 3311 2778 3376; x_wconf 86' lang='lat' dir='ltr'>Quis</span> <span class='ocrx_word' id='word_1_356' title='bbox 2804 3314 2983 3367; x_wconf 92' lang='lat' dir='ltr'>Deus.</span> 
     </span>
    </p>
   </div>
   <div class='ocr_carea' id='block_1_60' title="bbox 2032 3399 3454 3471">
    <p class='ocr_par' dir='ltr' id='par_1_60' title="bbox 2032 3399 3454 3471">
     <span class='ocr_line' id='line_1_60' title="bbox 2032 3399 3454 3471; baseline -0.001 -15"><span class='ocrx_word' id='word_1_357' title='bbox 2032 3399 2322 3456; x_wconf 86' lang='lat' dir='ltr'>Dominus</span> <span class='ocrx_word' id='word_1_358' title='bbox 2344 3400 2417 3455; x_wconf 89' lang='lat' dir='ltr'>sit</span> <span class='ocrx_word' id='word_1_359' title='bbox 2448 3414 2684 3471; x_wconf 90' lang='lat' dir='ltr'>semper</span> <span class='ocrx_word' id='word_1_360' title='bbox 2711 3400 3058 3455; x_wconf 88' lang='lat' dir='ltr'>vobiscum.</span> <span class='ocrx_word' id='word_1_361' title='bbox 3099 3411 3170 3469; x_wconf 68' lang='lat' dir='ltr'>nr.</span> <span class='ocrx_word' id='word_1_362' title='bbox 3200 3403 3267 3454; x_wconf 89' lang='lat' dir='ltr'>Et</span> <span class='ocrx_word' id='word_1_363' title='bbox 3294 3415 3454 3455; x_wconf 91' lang='lat' dir='ltr'>cum.</span> 
     </span>
    </p>
   </div>
   <div class='ocr_carea' id='block_1_61' title="bbox 203 3472 3342 3559">
    <p class='ocr_par' dir='ltr' id='par_1_61' title="bbox 203 3472 3342 3559">
     <span class='ocr_line' id='line_1_61' title="bbox 203 3472 3342 3559; baseline 0 -16"><span class='ocrx_word' id='word_1_364' title='bbox 203 3472 301 3543; x_wconf 67' lang='lat' dir='ltr'>W-</span> <span class='ocrx_word' id='word_1_365' title='bbox 340 3474 438 3527; x_wconf 67' lang='lat'>96-</span> <span class='ocrx_word' id='word_1_366' title='bbox 2038 3500 2100 3559; x_wconf 62' lang='lat' dir='ltr'>Ri.</span> <span class='ocrx_word' id='word_1_367' title='bbox 2129 3488 2405 3554; x_wconf 83' lang='lat' dir='ltr'>Audiam,</span> <span class='ocrx_word' id='word_1_368' title='bbox 2436 3489 2703 3553; x_wconf 89' lang='lat' dir='ltr'>Domine,</span> <span class='ocrx_word' id='word_1_369' title='bbox 2740 3503 2946 3544; x_wconf 88' lang='lat' dir='ltr'>vocem</span> <span class='ocrx_word' id='word_1_370' title='bbox 2978 3487 3175 3543; x_wconf 88' lang='lat' dir='ltr'>laudis</span> <span class='ocrx_word' id='word_1_371' title='bbox 3204 3492 3342 3544; x_wconf 81' lang='lat' dir='ltr'>tuac.</span> 
     </span>
    </p>
   </div>
   <div class='ocr_carea' id='block_1_62' title="bbox 271 3562 3612 3647">
    <p class='ocr_par' dir='ltr' id='par_1_62' title="bbox 271 3562 3612 3647">
     <span class='ocr_line' id='line_1_62' title="bbox 271 3562 3612 3647; baseline -0.005 -13"><span class='ocrx_word' id='word_1_372' title='bbox 271 3575 581 3647; x_wconf 78' lang='lat' dir='ltr'>Capitula.</span> <span class='ocrx_word' id='word_1_373' title='bbox 600 3573 718 3629; x_wconf 85' lang='lat' dir='ltr'>Lex</span> <span class='ocrx_word' id='word_1_374' title='bbox 748 3580 850 3627; x_wconf 88' lang='lat' dir='ltr'>tua</span> <span class='ocrx_word' id='word_1_375' title='bbox 868 3569 1214 3626; x_wconf 87' lang='lat' dir='ltr'>indeficiens</span> <span class='ocrx_word' id='word_1_376' title='bbox 1231 3582 1303 3623; x_wconf 93' lang='lat' dir='ltr'>ac</span> <span class='ocrx_word' id='word_1_377' title='bbox 1325 3562 1853 3638; x_wconf 89' lang='lat' dir='ltr'>irreprehensibilis</span> <span class='ocrx_word' id='word_1_378' title='bbox 2033 3580 2097 3631; x_wconf 77' lang='grc' dir='ltr'><em>Ρ,</em></span> <span class='ocrx_word' id='word_1_379' title='bbox 2135 3580 2199 3633; x_wconf 63' lang='grc' dir='ltr'>Ε(</span> <span class='ocrx_word' id='word_1_380' title='bbox 2229 3592 2500 3633; x_wconf 60' lang='lat' dir='ltr'>enarrem</span> <span class='ocrx_word' id='word_1_381' title='bbox 2532 3576 2809 3632; x_wconf 69' lang='lat' dir='ltr'>universa</span> <span class='ocrx_word' id='word_1_382' title='bbox 2838 3576 3135 3632; x_wconf 57' lang='lat' dir='ltr'>mirabilia</span> <span class='ocrx_word' id='word_1_383' title='bbox 3157 3581 3285 3632; x_wconf 61' lang='lat' dir='ltr'>tua,</span> <span class='ocrx_word' id='word_1_384' title='bbox 3320 3576 3381 3636; x_wconf 52' lang='lat' dir='ltr'>gr,</span> <span class='ocrx_word' id='word_1_385' title='bbox 3417 3577 3612 3632; x_wconf 74' lang='lat' dir='ltr'>Domi-</span> 
     </span>
    </p>
   </div>
   <div class='ocr_carea' id='block_1_63' title="bbox 208 3651 3616 3737">
    <p class='ocr_par' dir='ltr' id='par_1_63' title="bbox 208 3651 3616 3737">
     <span class='ocr_line' id='line_1_63' title="bbox 208 3651 3616 3737; baseline -0.007 -13"><span class='ocrx_word' id='word_1_386' title='bbox 208 3670 512 3724; x_wconf 83' lang='lat' dir='ltr'>convertat</span> <span class='ocrx_word' id='word_1_387' title='bbox 536 3663 772 3719; x_wconf 90' lang='lat' dir='ltr'>animas</span> <span class='ocrx_word' id='word_1_388' title='bbox 794 3666 1031 3716; x_wconf 88' lang='lat' dir='ltr'>nostras</span> <span class='ocrx_word' id='word_1_389' title='bbox 1065 3678 1076 3717; x_wconf 92' lang='lat'><strong>:</strong></span> <span class='ocrx_word' id='word_1_390' title='bbox 1113 3663 1169 3713; x_wconf 90' lang='lat' dir='ltr'>et</span> <span class='ocrx_word' id='word_1_391' title='bbox 1187 3654 1586 3712; x_wconf 89' lang='lat' dir='ltr'>testimonium</span> <span class='ocrx_word' id='word_1_392' title='bbox 1611 3651 1856 3710; x_wconf 83' lang='lat' dir='ltr'>tuumﬁ-</span> <span class='ocrx_word' id='word_1_393' title='bbox 1963 3681 2061 3737; x_wconf 59' lang='lat' dir='ltr'>ne,</span> <span class='ocrx_word' id='word_1_394' title='bbox 2084 3665 2554 3721; x_wconf 66' lang='lat' dir='ltr'>dilexidecorem</span> <span class='ocrx_word' id='word_1_395' title='bbox 2572 3665 2943 3731; x_wconf 55' lang='lat' dir='ltr'>domustum,</span> <span class='ocrx_word' id='word_1_396' title='bbox 2977 3669 3033 3721; x_wconf 62' lang='lat' dir='ltr'>et</span> <span class='ocrx_word' id='word_1_397' title='bbox 3059 3665 3261 3723; x_wconf 68' lang='lat' dir='ltr'>locum</span> <span class='ocrx_word' id='word_1_398' title='bbox 3300 3664 3616 3722; x_wconf 51' lang='lat' dir='ltr'>habi‘atio.</span> 
     </span>
    </p>
   </div>
   <div class='ocr_carea' id='block_1_64' title="bbox 210 3740 1853 3828">
    <p class='ocr_par' dir='ltr' id='par_1_64' title="bbox 210 3740 1853 3828">
     <span class='ocr_line' id='line_1_64' title="bbox 210 3740 1853 3828; baseline -0.011 -15"><span class='ocrx_word' id='word_1_399' title='bbox 210 3755 335 3812; x_wconf 86' lang='lat' dir='ltr'>dele</span> <span class='ocrx_word' id='word_1_400' title='bbox 356 3759 599 3828; x_wconf 70' lang='lat' dir='ltr'>praestet</span> <span class='ocrx_word' id='word_1_401' title='bbox 614 3749 880 3824; x_wconf 80' lang='lat' dir='ltr'>parvulis</span> <span class='ocrx_word' id='word_1_402' title='bbox 898 3747 1248 3819; x_wconf 89' lang='lat' dir='ltr'>sapientiam</span> <span class='ocrx_word' id='word_1_403' title='bbox 1274 3763 1286 3800; x_wconf 91' lang='lat'><strong>:</strong></span> <span class='ocrx_word' id='word_1_404' title='bbox 1308 3751 1425 3801; x_wconf 72' lang='lat' dir='ltr'>tuas</span> <span class='ocrx_word' id='word_1_405' title='bbox 1437 3758 1679 3817; x_wconf 91' lang='lat' dir='ltr'>quoque</span> <span class='ocrx_word' id='word_1_406' title='bbox 1687 3742 1706 3812; x_wconf 89' lang='lat' dir='ltr'><strong>j</strong></span> <span class='ocrx_word' id='word_1_407' title='bbox 1720 3740 1853 3795; x_wconf 90' lang='lat' dir='ltr'>usti-</span> 
     </span>
    </p>
   </div>
   <div class='ocr_carea' id='block_1_65' title="bbox 1960 3740 3612 3828">
    <p class='ocr_par' dir='ltr' id='par_1_65' title="bbox 1963 3753 3612 3825">
     <span class='ocr_line' id='line_1_65' title="bbox 1963 3753 3612 3825; baseline -0.001 -13"><span class='ocrx_word' id='word_1_408' title='bbox 1963 3756 2058 3812; x_wconf 90' lang='lat' dir='ltr'>nis</span> <span class='ocrx_word' id='word_1_409' title='bbox 2097 3753 2297 3825; x_wconf 70' lang='lat' dir='ltr'>glorias</span> <span class='ocrx_word' id='word_1_410' title='bbox 2321 3758 2459 3819; x_wconf 66' lang='lat' dir='ltr'>tum,</span> <span class='ocrx_word' id='word_1_411' title='bbox 2496 3755 2561 3808; x_wconf 85' lang='lat' dir='ltr'>P.</span> <span class='ocrx_word' id='word_1_412' title='bbox 2593 3756 2659 3810; x_wconf 93' lang='lat' dir='ltr'>Et</span> <span class='ocrx_word' id='word_1_413' title='bbox 2681 3769 2973 3810; x_wconf 89' lang='lat' dir='ltr'>enarrem.</span> <span class='ocrx_word' id='word_1_414' title='bbox 2996 3754 3056 3814; x_wconf 58' lang='lat' dir='ltr'>tr.</span> <span class='ocrx_word' id='word_1_415' title='bbox 3090 3754 3302 3821; x_wconf 89' lang='lat' dir='ltr'>Gloria,</span> <span class='ocrx_word' id='word_1_416' title='bbox 3333 3755 3612 3824; x_wconf 89' lang='lat' dir='ltr'>ethonor,</span> 
     </span>
    </p>
   </div>
   <div class='ocr_carea' id='block_1_66' title="bbox 210 3834 1853 3907">
    <p class='ocr_par' dir='ltr' id='par_1_66' title="bbox 210 3834 1853 3902">
     <span class='ocr_line' id='line_1_66' title="bbox 210 3834 1853 3902; baseline -0.011 -1"><span class='ocrx_word' id='word_1_417' title='bbox 210 3844 300 3901; x_wconf 73' lang='lat' dir='ltr'>tias</span> <span class='ocrx_word' id='word_1_418' title='bbox 330 3843 517 3900; x_wconf 88' lang='lat' dir='ltr'>corda</span> <span class='ocrx_word' id='word_1_419' title='bbox 546 3845 754 3896; x_wconf 88' lang='lat' dir='ltr'>nostra</span> <span class='ocrx_word' id='word_1_420' title='bbox 782 3837 1099 3902; x_wconf 76' lang='lat' dir='ltr'>laetiﬁcent,</span> <span class='ocrx_word' id='word_1_421' title='bbox 1129 3851 1238 3891; x_wconf 92' lang='lat' dir='ltr'>nec</span> <span class='ocrx_word' id='word_1_422' title='bbox 1260 3834 1603 3889; x_wconf 88' lang='lat' dir='ltr'>contristent</span> <span class='ocrx_word' id='word_1_423' title='bbox 1628 3847 1641 3886; x_wconf 76' lang='grc' dir='ltr'>ε</span> <span class='ocrx_word' id='word_1_424' title='bbox 1679 3835 1853 3886; x_wconf 90' lang='lat' dir='ltr'>tuum-</span> 
     </span>
    </p>
   </div>
   <div class='ocr_carea' id='block_1_67' title="bbox 1960 3834 2545 3907">
    <p class='ocr_par' dir='ltr' id='par_1_67' title="bbox 1966 3844 2545 3907">
     <span class='ocr_line' id='line_1_67' title="bbox 1966 3844 2545 3907; baseline -0.009 -5"><span class='ocrx_word' id='word_1_425' title='bbox 1966 3852 2078 3902; x_wconf 90' lang='lat' dir='ltr'>etc.</span> <span class='ocrx_word' id='word_1_426' title='bbox 2108 3844 2454 3901; x_wconf 75' lang='lat' dir='ltr'>Reiteretur.</span> <span class='ocrx_word' id='word_1_427' title='bbox 2483 3855 2545 3907; x_wconf 65' lang='lat' dir='ltr'>Bg.</span> 
     </span>
    </p>
   </div>
   <div class='ocr_carea' id='block_1_68' title="bbox 204 3917 3618 4006">
    <p class='ocr_par' dir='ltr' id='par_1_68' title="bbox 204 3917 3618 4006">
     <span class='ocr_line' id='line_1_68' title="bbox 204 3917 3618 4006; baseline -0.005 0"><span class='ocrx_word' id='word_1_428' title='bbox 204 3948 318 4006; x_wconf 78' lang='grc' dir='ltr'>(Ιιιθ</span> <span class='ocrx_word' id='word_1_429' title='bbox 354 3936 721 4004; x_wconf 63' lang='grc' dir='ltr'>ΡΥωοθΡίυω</span> <span class='ocrx_word' id='word_1_430' title='bbox 764 3925 971 3983; x_wconf 73' lang='lat' dir='ltr'>oculos</span> <span class='ocrx_word' id='word_1_431' title='bbox 1027 3924 1319 3981; x_wconf 57' lang='lat' dir='ltr'>mentium</span> <span class='ocrx_word' id='word_1_432' title='bbox 1356 3926 1699 3979; x_wconf 67' lang='lat' dir='ltr'>nostrarum</span> <span class='ocrx_word' id='word_1_433' title='bbox 1734 3917 1862 3974; x_wconf 73' lang='grc' dir='ltr'>ίῙῙυ·</span> <span class='ocrx_word' id='word_1_434' title='bbox 2038 3932 2267 3990; x_wconf 85' lang='lat' dir='ltr'>Lauda.</span> <span class='ocrx_word' id='word_1_435' title='bbox 2293 3931 2562 4001; x_wconf 83' lang='lat' dir='ltr'>Alleluia,</span> <span class='ocrx_word' id='word_1_436' title='bbox 2583 3932 2839 3989; x_wconf 88' lang='lat' dir='ltr'>alleluia.</span> <span class='ocrx_word' id='word_1_437' title='bbox 2873 3932 3079 3990; x_wconf 88' lang='lat' dir='ltr'>Salvos</span> <span class='ocrx_word' id='word_1_438' title='bbox 3095 3948 3208 3992; x_wconf 90' lang='lat' dir='ltr'>nos</span> <span class='ocrx_word' id='word_1_439' title='bbox 3234 3933 3347 4001; x_wconf 88' lang='lat' dir='ltr'>fac,</span> <span class='ocrx_word' id='word_1_440' title='bbox 3371 3932 3618 3989; x_wconf 91' lang='lat' dir='ltr'>Domine</span> 
     </span>
    </p>
   </div>
   <div class='ocr_carea' id='block_1_69' title="bbox 205 4020 3621 4093">
    <p class='ocr_par' dir='ltr' id='par_1_69' title="bbox 205 4020 3621 4093">
     <span class='ocr_line' id='line_1_69' title="bbox 205 4020 3621 4093; baseline -0.001 -14"><span class='ocrx_word' id='word_1_441' title='bbox 205 4022 409 4079; x_wconf 89' lang='lat' dir='ltr'>minet.</span> <span class='ocrx_word' id='word_1_442' title='bbox 1976 4027 2126 4080; x_wconf 89' lang='lat' dir='ltr'>Deus</span> <span class='ocrx_word' id='word_1_443' title='bbox 2147 4026 2364 4078; x_wconf 89' lang='lat' dir='ltr'>noster.</span> <span class='ocrx_word' id='word_1_444' title='bbox 2405 4020 2675 4091; x_wconf 88' lang='lat' dir='ltr'>Alleluia,</span> <span class='ocrx_word' id='word_1_445' title='bbox 2700 4021 2957 4078; x_wconf 89' lang='lat' dir='ltr'>alleluia.</span> <span class='ocrx_word' id='word_1_446' title='bbox 2992 4022 3057 4082; x_wconf 55' lang='grc' dir='ltr'>Ἑν.</span> <span class='ocrx_word' id='word_1_447' title='bbox 3090 4025 3158 4079; x_wconf 91' lang='lat' dir='ltr'>Et</span> <span class='ocrx_word' id='word_1_448' title='bbox 3186 4036 3486 4093; x_wconf 89' lang='lat' dir='ltr'>congrega</span> <span class='ocrx_word' id='word_1_449' title='bbox 3509 4036 3621 4078; x_wconf 89' lang='lat' dir='ltr'>nos</span> 
     </span>
    </p>
   </div>
   <div class='ocr_carea' id='block_1_70' title="bbox 277 4097 3624 4183">
    <p class='ocr_par' dir='ltr' id='par_1_70' title="bbox 277 4097 3624 4183">
     <span class='ocr_line' id='line_1_70' title="bbox 277 4097 3624 4183; baseline 0 -17"><span class='ocrx_word' id='word_1_450' title='bbox 277 4112 451 4166; x_wconf 84' lang='lat' dir='ltr'>Pater</span> <span class='ocrx_word' id='word_1_451' title='bbox 493 4112 717 4164; x_wconf 86' lang='lat' dir='ltr'>noster.</span> <span class='ocrx_word' id='word_1_452' title='bbox 746 4108 794 4158; x_wconf 83' lang='lat' dir='ltr'>A</span> <span class='ocrx_word' id='word_1_453' title='bbox 829 4102 990 4160; x_wconf 77' lang='lat' dir='ltr'>malo</span> <span class='ocrx_word' id='word_1_454' title='bbox 1011 4118 1123 4159; x_wconf 80' lang='lat' dir='ltr'>D08</span> <span class='ocrx_word' id='word_1_455' title='bbox 1153 4100 1360 4157; x_wconf 66' lang='lat' dir='ltr'>libera»</span> <span class='ocrx_word' id='word_1_456' title='bbox 1390 4099 1595 4167; x_wconf 65' lang='grc' dir='ltr'>Οαὶθνε</span> <span class='ocrx_word' id='word_1_457' title='bbox 1617 4097 1837 4167; x_wconf 52' lang='lat' dir='ltr'>ibt-40o</span> <span class='ocrx_word' id='word_1_458' title='bbox 1972 4114 2046 4169; x_wconf 91' lang='lat' dir='ltr'>de</span> <span class='ocrx_word' id='word_1_459' title='bbox 2086 4110 2383 4183; x_wconf 86' lang='lat' dir='ltr'>gentibus.</span> <span class='ocrx_word' id='word_1_460' title='bbox 2403 4111 2475 4166; x_wconf 94' lang='lat' dir='ltr'>P.</span> <span class='ocrx_word' id='word_1_461' title='bbox 2507 4109 2775 4177; x_wconf 90' lang='lat' dir='ltr'>Alleluia,</span> <span class='ocrx_word' id='word_1_462' title='bbox 2806 4110 3059 4169; x_wconf 88' lang='lat' dir='ltr'>alleluia.</span> <span class='ocrx_word' id='word_1_463' title='bbox 3092 4110 3153 4171; x_wconf 63' lang='lat' dir='ltr'>V.</span> <span class='ocrx_word' id='word_1_464' title='bbox 3180 4110 3394 4182; x_wconf 87' lang='lat' dir='ltr'>Gloria,</span> <span class='ocrx_word' id='word_1_465' title='bbox 3434 4115 3491 4167; x_wconf 91' lang='lat' dir='ltr'>et</span> <span class='ocrx_word' id='word_1_466' title='bbox 3514 4110 3624 4167; x_wconf 87' lang='lat' dir='ltr'>ho-</span> 
     </span>
    </p>
   </div>
   <div class='ocr_carea' id='block_1_71' title="bbox 292 4198 2931 4273">
    <p class='ocr_par' dir='ltr' id='par_1_71' title="bbox 292 4198 2931 4273">
     <span class='ocr_line' id='line_1_71' title="bbox 292 4198 2931 4273; baseline -0.006 -2"><span class='ocrx_word' id='word_1_467' title='bbox 292 4215 519 4273; x_wconf 84' lang='lat' dir='ltr'>Lauda.</span> <span class='ocrx_word' id='word_1_468' title='bbox 548 4213 698 4270; x_wconf 87' lang='lat' dir='ltr'>Odor</span> <span class='ocrx_word' id='word_1_469' title='bbox 732 4215 1084 4269; x_wconf 88' lang='lat' dir='ltr'>Sanctorum</span> <span class='ocrx_word' id='word_1_470' title='bbox 1123 4212 1388 4263; x_wconf 92' lang='lat' dir='ltr'>tuorum.</span> <span class='ocrx_word' id='word_1_471' title='bbox 1422 4204 1491 4271; x_wconf 86' lang='grc' dir='ltr'>Ρ,</span> <span class='ocrx_word' id='word_1_472' title='bbox 1517 4204 1683 4259; x_wconf 87' lang='lat' dir='ltr'>Sicut</span> <span class='ocrx_word' id='word_1_473' title='bbox 1719 4202 1867 4258; x_wconf 88' lang='lat' dir='ltr'>odor</span> <span class='ocrx_word' id='word_1_474' title='bbox 1974 4216 2103 4266; x_wconf 94' lang='lat' dir='ltr'>nor,</span> <span class='ocrx_word' id='word_1_475' title='bbox 2146 4201 2339 4255; x_wconf 85' lang='lat' dir='ltr'>etc.P.</span> <span class='ocrx_word' id='word_1_476' title='bbox 2373 4198 2638 4265; x_wconf 86' lang='lat' dir='ltr'>Alleluia,</span> <span class='ocrx_word' id='word_1_477' title='bbox 2671 4198 2931 4256; x_wconf 89' lang='lat' dir='ltr'>alleluia.</span> 
     </span>
    </p>
   </div>
   <div class='ocr_carea' id='block_1_72' title="bbox 208 4287 3627 4368">
    <p class='ocr_par' dir='ltr' id='par_1_72' title="bbox 208 4287 3627 4368">
     <span class='ocr_line' id='line_1_72' title="bbox 208 4287 3627 4368; baseline -0.006 -5"><span class='ocrx_word' id='word_1_478' title='bbox 208 4304 451 4364; x_wconf 89' lang='lat' dir='ltr'>Libani.</span> <span class='ocrx_word' id='word_1_479' title='bbox 475 4302 743 4368; x_wconf 89' lang='lat' dir='ltr'>Alleluia,</span> <span class='ocrx_word' id='word_1_480' title='bbox 788 4299 1046 4362; x_wconf 89' lang='lat' dir='ltr'>alleluia,</span> <span class='ocrx_word' id='word_1_481' title='bbox 1082 4295 1337 4354; x_wconf 89' lang='lat' dir='ltr'>alleluia.</span> <span class='ocrx_word' id='word_1_482' title='bbox 1405 4293 1465 4354; x_wconf 55' lang='grc' dir='ltr'>Ψ.</span> <span class='ocrx_word' id='word_1_483' title='bbox 1510 4290 1755 4348; x_wconf 86' lang='lat' dir='ltr'>Plautati</span> <span class='ocrx_word' id='word_1_484' title='bbox 1807 4290 1867 4345; x_wconf 90' lang='lat' dir='ltr'>in</span> <span class='ocrx_word' id='word_1_485' title='bbox 1901 4344 1943 4368; x_wconf 60' lang='grc' dir='ltr'>η</span> <span class='ocrx_word' id='word_1_486' title='bbox 2048 4291 2507 4345; x_wconf 80' lang='lat' dir='ltr'>Preces.Averte</span> <span class='ocrx_word' id='word_1_487' title='bbox 2530 4288 2682 4345; x_wconf 88' lang='lat' dir='ltr'>iram</span> <span class='ocrx_word' id='word_1_488' title='bbox 2702 4292 2865 4345; x_wconf 89' lang='lat' dir='ltr'>tuam</span> <span class='ocrx_word' id='word_1_489' title='bbox 2893 4305 2928 4344; x_wconf 89' lang='lat' dir='ltr'>a</span> <span class='ocrx_word' id='word_1_490' title='bbox 2953 4287 3218 4354; x_wconf 88' lang='lat' dir='ltr'>nobis,P.</span> <span class='ocrx_word' id='word_1_491' title='bbox 3246 4290 3312 4344; x_wconf 92' lang='lat' dir='ltr'>Et</span> <span class='ocrx_word' id='word_1_492' title='bbox 3331 4287 3627 4344; x_wconf 87' lang='lat' dir='ltr'>miserere.</span> 
     </span>
    </p>
   </div>
   <div class='ocr_carea' id='block_1_73' title="bbox 205 4374 3623 4456">
    <p class='ocr_par' dir='ltr' id='par_1_73' title="bbox 205 4374 3623 4456">
     <span class='ocr_line' id='line_1_73' title="bbox 205 4374 3623 4456; baseline -0.007 -3"><span class='ocrx_word' id='word_1_493' title='bbox 205 4395 398 4452; x_wconf 88' lang='lat' dir='ltr'>domo</span> <span class='ocrx_word' id='word_1_494' title='bbox 428 4390 683 4456; x_wconf 90' lang='lat' dir='ltr'>Domini,</span> <span class='ocrx_word' id='word_1_495' title='bbox 726 4389 790 4445; x_wconf 91' lang='lat' dir='ltr'>in</span> <span class='ocrx_word' id='word_1_496' title='bbox 814 4388 980 4444; x_wconf 86' lang='lat' dir='ltr'>atriis</span> <span class='ocrx_word' id='word_1_497' title='bbox 1009 4386 1228 4442; x_wconf 91' lang='lat' dir='ltr'>domus</span> <span class='ocrx_word' id='word_1_498' title='bbox 1259 4383 1360 4440; x_wconf 89' lang='lat' dir='ltr'>Dei</span> <span class='ocrx_word' id='word_1_499' title='bbox 1374 4382 1577 4439; x_wconf 89' lang='lat' dir='ltr'>nostri.</span> <span class='ocrx_word' id='word_1_500' title='bbox 1611 4381 1673 4435; x_wconf 89' lang='lat' dir='ltr'>P.</span> <span class='ocrx_word' id='word_1_501' title='bbox 1710 4378 1871 4435; x_wconf 89' lang='lat' dir='ltr'>Sicut</span> <span class='ocrx_word' id='word_1_502' title='bbox 1900 4374 1943 4397; x_wconf 68' lang='grc' dir='ltr'><em>υ</em></span> <span class='ocrx_word' id='word_1_503' title='bbox 1980 4378 2041 4437; x_wconf 51' lang='grc' dir='ltr'>ἣν.</span> <span class='ocrx_word' id='word_1_504' title='bbox 2066 4377 2233 4433; x_wconf 89' lang='lat' dir='ltr'>Adsit</span> <span class='ocrx_word' id='word_1_505' title='bbox 2261 4376 2525 4449; x_wconf 89' lang='lat' dir='ltr'>potentia</span> <span class='ocrx_word' id='word_1_506' title='bbox 2573 4383 2691 4447; x_wconf 91' lang='lat' dir='ltr'>tua,</span> <span class='ocrx_word' id='word_1_507' title='bbox 2726 4376 2994 4434; x_wconf 91' lang='lat' dir='ltr'>Domine.</span> <span class='ocrx_word' id='word_1_508' title='bbox 3022 4376 3083 4433; x_wconf 92' lang='lat' dir='ltr'>P.</span> <span class='ocrx_word' id='word_1_509' title='bbox 3116 4379 3182 4433; x_wconf 90' lang='lat' dir='ltr'>Et</span> <span class='ocrx_word' id='word_1_510' title='bbox 3225 4377 3525 4433; x_wconf 89' lang='lat' dir='ltr'>miserere.</span> <span class='ocrx_word' id='word_1_511' title='bbox 3562 4374 3623 4434; x_wconf 70' lang='lat' dir='ltr'>tif.</span> 
     </span>
    </p>
   </div>
   <div class='ocr_carea' id='block_1_74' title="bbox 205 4462 3626 4545">
    <p class='ocr_par' dir='ltr' id='par_1_74' title="bbox 205 4462 3626 4545">
     <span class='ocr_line' id='line_1_74' title="bbox 205 4462 3626 4545; baseline -0.007 -4"><span class='ocrx_word' id='word_1_512' title='bbox 205 4485 379 4541; x_wconf 88' lang='lat' dir='ltr'>odor.</span> <span class='ocrx_word' id='word_1_513' title='bbox 417 4482 479 4541; x_wconf 66' lang='grc' dir='ltr'>ῒ.</span> <span class='ocrx_word' id='word_1_514' title='bbox 515 4480 729 4545; x_wconf 85' lang='lat' dir='ltr'>Gloria,</span> <span class='ocrx_word' id='word_1_515' title='bbox 771 4483 828 4534; x_wconf 90' lang='lat' dir='ltr'>et</span> <span class='ocrx_word' id='word_1_516' title='bbox 863 4477 1058 4532; x_wconf 90' lang='lat' dir='ltr'>honor</span> <span class='ocrx_word' id='word_1_517' title='bbox 1105 4472 1281 4538; x_wconf 89' lang='lat' dir='ltr'>Patri,</span> <span class='ocrx_word' id='word_1_518' title='bbox 1318 4478 1427 4528; x_wconf 90' lang='lat' dir='ltr'>etc.</span> <span class='ocrx_word' id='word_1_519' title='bbox 1468 4472 1543 4527; x_wconf 92' lang='lat' dir='ltr'>P.</span> <span class='ocrx_word' id='word_1_520' title='bbox 1597 4466 1866 4533; x_wconf 87' lang='lat' dir='ltr'>Alleluia,</span> <span class='ocrx_word' id='word_1_521' title='bbox 1984 4466 2233 4523; x_wconf 92' lang='lat' dir='ltr'>Benedic</span> <span class='ocrx_word' id='word_1_522' title='bbox 2254 4465 2568 4522; x_wconf 84' lang='lat' dir='ltr'>hereditati</span> <span class='ocrx_word' id='word_1_523' title='bbox 2590 4471 2725 4531; x_wconf 79' lang='lat' dir='ltr'>tuas,</span> <span class='ocrx_word' id='word_1_524' title='bbox 2755 4464 3024 4522; x_wconf 89' lang='lat' dir='ltr'>Domine.</span> <span class='ocrx_word' id='word_1_525' title='bbox 3055 4466 3113 4518; x_wconf 87' lang='lat' dir='ltr'>P.</span> <span class='ocrx_word' id='word_1_526' title='bbox 3138 4467 3205 4522; x_wconf 86' lang='lat' dir='ltr'>Et</span> <span class='ocrx_word' id='word_1_527' title='bbox 3232 4465 3532 4522; x_wconf 90' lang='lat' dir='ltr'>miserere.</span> <span class='ocrx_word' id='word_1_528' title='bbox 3564 4462 3626 4523; x_wconf 60' lang='lat' dir='ltr'>Y.</span> 
     </span>
    </p>
   </div>
   <div class='ocr_carea' id='block_1_75' title="bbox 207 4551 3636 4634">
    <p class='ocr_par' dir='ltr' id='par_1_75' title="bbox 207 4551 3636 4634">
     <span class='ocr_line' id='line_1_75' title="bbox 207 4551 3636 4634; baseline -0.005 -5"><span class='ocrx_word' id='word_1_529' title='bbox 207 4572 473 4634; x_wconf 85' lang='lat' dir='ltr'>alleluia,</span> <span class='ocrx_word' id='word_1_530' title='bbox 510 4568 763 4625; x_wconf 80' lang='lat' dir='ltr'>alleluia.</span> <span class='ocrx_word' id='word_1_531' title='bbox 1988 4554 2257 4614; x_wconf 89' lang='lat' dir='ltr'>Concede</span> <span class='ocrx_word' id='word_1_532' title='bbox 2284 4570 2495 4627; x_wconf 90' lang='lat' dir='ltr'>pacem</span> <span class='ocrx_word' id='word_1_533' title='bbox 2532 4554 2800 4610; x_wconf 72' lang='lat' dir='ltr'>Ecclesiae</span> <span class='ocrx_word' id='word_1_534' title='bbox 2832 4558 2967 4610; x_wconf 85' lang='lat' dir='ltr'>tuae.</span> <span class='ocrx_word' id='word_1_535' title='bbox 2996 4555 3055 4611; x_wconf 91' lang='lat' dir='ltr'>P.</span> <span class='ocrx_word' id='word_1_536' title='bbox 3100 4557 3167 4610; x_wconf 89' lang='lat' dir='ltr'>Et</span> <span class='ocrx_word' id='word_1_537' title='bbox 3225 4555 3526 4611; x_wconf 86' lang='lat' dir='ltr'>miserere.</span> <span class='ocrx_word' id='word_1_538' title='bbox 3569 4551 3636 4625; x_wconf 65' lang='grc' dir='ltr'>νῖν,</span> 
     </span>
    </p>
   </div>
   <div class='ocr_carea' id='block_1_76' title="bbox 276 4640 3634 4722">
    <p class='ocr_par' dir='ltr' id='par_1_76' title="bbox 276 4640 3634 4722">
     <span class='ocr_line' id='line_1_76' title="bbox 276 4640 3634 4722; baseline -0.007 -4"><span class='ocrx_word' id='word_1_539' title='bbox 276 4663 425 4718; x_wconf 80' lang='lat' dir='ltr'>Atia</span> <span class='ocrx_word' id='word_1_540' title='bbox 447 4658 692 4715; x_wconf 85' lang='lat' dir='ltr'>Lauda.</span> <span class='ocrx_word' id='word_1_541' title='bbox 720 4659 971 4713; x_wconf 89' lang='lat' dir='ltr'>Sanctus</span> <span class='ocrx_word' id='word_1_542' title='bbox 985 4669 1070 4721; x_wconf 90' lang='lat' dir='ltr'>es,</span> <span class='ocrx_word' id='word_1_543' title='bbox 1090 4650 1425 4722; x_wconf 89' lang='lat' dir='ltr'>Domine,et</span> <span class='ocrx_word' id='word_1_544' title='bbox 1439 4650 1501 4705; x_wconf 91' lang='lat' dir='ltr'>in</span> <span class='ocrx_word' id='word_1_545' title='bbox 1520 4646 1747 4705; x_wconf 89' lang='lat' dir='ltr'>Sanctis</span> <span class='ocrx_word' id='word_1_546' title='bbox 1768 4645 1874 4701; x_wconf 90' lang='lat' dir='ltr'>ha-</span> <span class='ocrx_word' id='word_1_547' title='bbox 1989 4645 2209 4701; x_wconf 88' lang='lat' dir='ltr'>Delicta</span> <span class='ocrx_word' id='word_1_548' title='bbox 2232 4643 2383 4710; x_wconf 92' lang='lat' dir='ltr'>dele,</span> <span class='ocrx_word' id='word_1_549' title='bbox 2412 4643 2653 4699; x_wconf 88' lang='lat' dir='ltr'>veniam</span> <span class='ocrx_word' id='word_1_550' title='bbox 2695 4643 2957 4700; x_wconf 90' lang='lat' dir='ltr'>concede</span> <span class='ocrx_word' id='word_1_551' title='bbox 2990 4644 3247 4701; x_wconf 89' lang='lat' dir='ltr'>Domine.</span> <span class='ocrx_word' id='word_1_552' title='bbox 3282 4644 3339 4698; x_wconf 91' lang='lat' dir='ltr'>P.</span> <span class='ocrx_word' id='word_1_553' title='bbox 3364 4646 3428 4698; x_wconf 91' lang='lat' dir='ltr'>Et</span> <span class='ocrx_word' id='word_1_554' title='bbox 3458 4640 3634 4696; x_wconf 89' lang='lat' dir='ltr'>mise-</span> 
     </span>
    </p>
   </div>
   <div class='ocr_carea' id='block_1_77' title="bbox 208 4732 3049 4808">
    <p class='ocr_par' dir='ltr' id='par_1_77' title="bbox 208 4732 3049 4808">
     <span class='ocr_line' id='line_1_77' title="bbox 208 4732 3049 4808; baseline -0.007 1"><span class='ocrx_word' id='word_1_555' title='bbox 208 4751 395 4808; x_wconf 87' lang='lat' dir='ltr'>bitas.</span> <span class='ocrx_word' id='word_1_556' title='bbox 416 4747 697 4804; x_wconf 87' lang='lat' dir='ltr'>Alleluia.</span> <span class='ocrx_word' id='word_1_557' title='bbox 729 4745 795 4799; x_wconf 92' lang='lat' dir='ltr'>P.</span> <span class='ocrx_word' id='word_1_558' title='bbox 816 4746 882 4799; x_wconf 87' lang='lat' dir='ltr'>Et</span> <span class='ocrx_word' id='word_1_559' title='bbox 910 4759 1049 4799; x_wconf 91' lang='lat' dir='ltr'>cum</span> <span class='ocrx_word' id='word_1_560' title='bbox 1074 4740 1301 4798; x_wconf 89' lang='lat' dir='ltr'>Sanctis</span> <span class='ocrx_word' id='word_1_561' title='bbox 1321 4738 1428 4794; x_wconf 87' lang='lat' dir='ltr'>tibi</span> <span class='ocrx_word' id='word_1_562' title='bbox 1456 4751 1691 4808; x_wconf 91' lang='lat' dir='ltr'>semper</span> <span class='ocrx_word' id='word_1_563' title='bbox 1717 4736 1873 4791; x_wconf 87' lang='lat' dir='ltr'>laus.</span> <span class='ocrx_word' id='word_1_564' title='bbox 1989 4749 2136 4789; x_wconf 91' lang='lat' dir='ltr'>rere.</span> <span class='ocrx_word' id='word_1_565' title='bbox 2157 4735 2513 4790; x_wconf 81' lang='lat' dir='ltr'>Reiteretur.</span> <span class='ocrx_word' id='word_1_566' title='bbox 2544 4734 2747 4789; x_wconf 88' lang='lat' dir='ltr'>Averte</span> <span class='ocrx_word' id='word_1_567' title='bbox 2779 4732 3049 4789; x_wconf 89' lang='lat' dir='ltr'>Domine.</span> 
     </span>
    </p>
   </div>
   <div class='ocr_carea' id='block_1_78' title="bbox 210 4817 3641 4903">
    <p class='ocr_par' dir='ltr' id='par_1_78' title="bbox 210 4817 3641 4903">
     <span class='ocr_line' id='line_1_78' title="bbox 210 4817 3641 4903; baseline -0.006 -6"><span class='ocrx_word' id='word_1_568' title='bbox 210 4839 492 4903; x_wconf 88' lang='lat' dir='ltr'>Alleluia,</span> <span class='ocrx_word' id='word_1_569' title='bbox 512 4835 775 4899; x_wconf 87' lang='lat' dir='ltr'>alleluia,</span> <span class='ocrx_word' id='word_1_570' title='bbox 809 4832 1067 4889; x_wconf 88' lang='lat' dir='ltr'>alleluia.</span> <span class='ocrx_word' id='word_1_571' title='bbox 1103 4830 1165 4890; x_wconf 63' lang='grc' dir='ltr'>ἲν.</span> <span class='ocrx_word' id='word_1_572' title='bbox 1192 4828 1488 4895; x_wconf 88' lang='lat' dir='ltr'>Quoniam</span> <span class='ocrx_word' id='word_1_573' title='bbox 1504 4840 1760 4895; x_wconf 90' lang='lat' dir='ltr'>magnus</span> <span class='ocrx_word' id='word_1_574' title='bbox 1772 4825 1881 4879; x_wconf 90' lang='lat' dir='ltr'>Do.</span> <span class='ocrx_word' id='word_1_575' title='bbox 2063 4823 2462 4892; x_wconf 77' lang='lat' dir='ltr'>Supplicatz’o.</span> <span class='ocrx_word' id='word_1_576' title='bbox 2479 4824 2727 4879; x_wconf 88' lang='lat' dir='ltr'>Oremus</span> <span class='ocrx_word' id='word_1_577' title='bbox 2744 4817 3641 4894; x_wconf 81' lang='lat' dir='ltr'>Redemptorem.fol.96.Kyrie,</span> 
     </span>
    </p>
   </div>
   <div class='ocr_carea' id='block_1_79' title="bbox 212 4908 3411 4999">
    <p class='ocr_par' dir='ltr' id='par_1_79' title="bbox 212 4908 3411 4999">
     <span class='ocr_line' id='line_1_79' title="bbox 212 4908 3411 4999; baseline -0.006 -13"><span class='ocrx_word' id='word_1_578' title='bbox 212 4930 437 4999; x_wconf 88' lang='lat' dir='ltr'>minus,</span> <span class='ocrx_word' id='word_1_579' title='bbox 472 4931 533 4982; x_wconf 89' lang='lat' dir='ltr'>et</span> <span class='ocrx_word' id='word_1_580' title='bbox 577 4922 931 4981; x_wconf 89' lang='lat' dir='ltr'>laudabilis.</span> <span class='ocrx_word' id='word_1_581' title='bbox 973 4922 1039 4975; x_wconf 94' lang='lat' dir='ltr'>P.</span> <span class='ocrx_word' id='word_1_582' title='bbox 1073 4922 1139 4975; x_wconf 87' lang='lat' dir='ltr'>Et</span> <span class='ocrx_word' id='word_1_583' title='bbox 1163 4934 1301 4974; x_wconf 90' lang='lat' dir='ltr'>cum</span> <span class='ocrx_word' id='word_1_584' title='bbox 1348 4916 1593 4973; x_wconf 89' lang='lat' dir='ltr'>Sanctis.</span> <span class='ocrx_word' id='word_1_585' title='bbox 1628 4914 1694 4973; x_wconf 56' lang='grc' dir='ltr'>ἓν.</span> <span class='ocrx_word' id='word_1_586' title='bbox 1755 4913 1882 4969; x_wconf 90' lang='lat' dir='ltr'>Glo-</span> <span class='ocrx_word' id='word_1_587' title='bbox 1994 4911 2239 4969; x_wconf 90' lang='lat' dir='ltr'>eleison.</span> <span class='ocrx_word' id='word_1_588' title='bbox 2288 4924 2352 4983; x_wconf 62' lang='lat' dir='ltr'>Br.</span> <span class='ocrx_word' id='word_1_589' title='bbox 2388 4911 2631 4976; x_wconf 88' lang='lat' dir='ltr'>Christe,</span> <span class='ocrx_word' id='word_1_590' title='bbox 2666 4911 2907 4980; x_wconf 89' lang='lat' dir='ltr'>eleison,</span> <span class='ocrx_word' id='word_1_591' title='bbox 2939 4910 3141 4982; x_wconf 84' lang='lat' dir='ltr'>Kyrie,</span> <span class='ocrx_word' id='word_1_592' title='bbox 3169 4908 3411 4966; x_wconf 82' lang='lat' dir='ltr'>eleison.</span> 
     </span>
    </p>
   </div>
   <div class='ocr_carea' id='block_1_80' title="bbox 214 4998 3643 5084">
    <p class='ocr_par' dir='ltr' id='par_1_80' title="bbox 214 4998 3643 5084">
     <span class='ocr_line' id='line_1_80' title="bbox 214 4998 3643 5084; baseline -0.007 -9"><span class='ocrx_word' id='word_1_593' title='bbox 214 5020 323 5084; x_wconf 85' lang='lat' dir='ltr'>ria,</span> <span class='ocrx_word' id='word_1_594' title='bbox 360 4998 425 5073; x_wconf 86' lang='lat' dir='ltr'>et</span> <span class='ocrx_word' id='word_1_595' title='bbox 448 5017 667 5083; x_wconf 89' lang='lat' dir='ltr'>honor,</span> <span class='ocrx_word' id='word_1_596' title='bbox 699 5017 811 5069; x_wconf 89' lang='lat' dir='ltr'>etc.</span> <span class='ocrx_word' id='word_1_597' title='bbox 842 5014 893 5067; x_wconf 84' lang='lat' dir='ltr'><em>P</em></span> <span class='ocrx_word' id='word_1_598' title='bbox 944 5008 1209 5071; x_wconf 85' lang='lat' dir='ltr'>Alleluia,</span> <span class='ocrx_word' id='word_1_599' title='bbox 1241 5005 1496 5075; x_wconf 88' lang='lat' dir='ltr'>alleluia,</span> <span class='ocrx_word' id='word_1_600' title='bbox 1531 5003 1785 5059; x_wconf 90' lang='lat' dir='ltr'>alleluia.</span> <span class='ocrx_word' id='word_1_601' title='bbox 2069 5004 2373 5073; x_wconf 65' lang='lat' dir='ltr'>Capitula.</span> <span class='ocrx_word' id='word_1_602' title='bbox 2399 5000 2697 5057; x_wconf 84' lang='lat' dir='ltr'>Fortitudo</span> <span class='ocrx_word' id='word_1_603' title='bbox 2729 5008 2935 5056; x_wconf 88' lang='lat' dir='ltr'>nostra</span> <span class='ocrx_word' id='word_1_604' title='bbox 2964 4999 3215 5055; x_wconf 91' lang='lat' dir='ltr'>Domine</span> <span class='ocrx_word' id='word_1_605' title='bbox 3252 5000 3416 5057; x_wconf 89' lang='lat' dir='ltr'>dona</span> <span class='ocrx_word' id='word_1_606' title='bbox 3455 4998 3643 5059; x_wconf 90' lang='lat' dir='ltr'>nobis,</span> 
     </span>
    </p>
   </div>
   <div class='ocr_carea' id='block_1_81' title="bbox 290 5089 3649 5164">
    <p class='ocr_par' dir='ltr' id='par_1_81' title="bbox 290 5089 3649 5164">
     <span class='ocr_line' id='line_1_81' title="bbox 290 5089 3649 5164; baseline -0.009 0"><span class='ocrx_word' id='word_1_607' title='bbox 290 5104 658 5164; x_wconf 78' lang='lat' dir='ltr'>Benedictio.</span> <span class='ocrx_word' id='word_1_608' title='bbox 681 5102 895 5157; x_wconf 82' lang='lat' dir='ltr'>Domln</span> <span class='ocrx_word' id='word_1_609' title='bbox 907 5116 973 5155; x_wconf 90' lang='lat' dir='ltr'>us</span> <span class='ocrx_word' id='word_1_610' title='bbox 989 5115 1099 5155; x_wconf 91' lang='lat' dir='ltr'>nos</span> <span class='ocrx_word' id='word_1_611' title='bbox 1114 5112 1224 5153; x_wconf 91' lang='lat' dir='ltr'>sua</span> <span class='ocrx_word' id='word_1_612' title='bbox 1235 5094 1662 5151; x_wconf 90' lang='lat' dir='ltr'>benedictione.</span> <span class='ocrx_word' id='word_1_613' title='bbox 1684 5092 1889 5157; x_wconf 55' lang='lat' dir='ltr'>Quaere</span> <span class='ocrx_word' id='word_1_614' title='bbox 2000 5091 2378 5147; x_wconf 89' lang='lat' dir='ltr'>dilectionem</span> <span class='ocrx_word' id='word_1_615' title='bbox 2392 5090 2475 5145; x_wconf 91' lang='lat' dir='ltr'>tui</span> <span class='ocrx_word' id='word_1_616' title='bbox 2493 5089 2752 5145; x_wconf 88' lang='lat' dir='ltr'>nominis</span> <span class='ocrx_word' id='word_1_617' title='bbox 2768 5090 3047 5160; x_wconf 88' lang='lat' dir='ltr'>perpetim</span> <span class='ocrx_word' id='word_1_618' title='bbox 3064 5089 3649 5162; x_wconf 82' lang='lat' dir='ltr'>possiderezdignare</span> 
     </span>
    </p>
   </div>
   <div class='ocr_carea' id='block_1_82' title="bbox 224 5176 3650 5263">
    <p class='ocr_par' dir='ltr' id='par_1_82' title="bbox 224 5176 3650 5263">
     <span class='ocr_line' id='line_1_82' title="bbox 224 5176 3650 5263; baseline -0.007 -13"><span class='ocrx_word' id='word_1_619' title='bbox 224 5197 333 5263; x_wconf 75' lang='grc' dir='ltr'>[οι.</span> <span class='ocrx_word' id='word_1_620' title='bbox 369 5196 494 5250; x_wconf 75' lang='grc'>100.</span> <span class='ocrx_word' id='word_1_621' title='bbox 2006 5197 2134 5236; x_wconf 88' lang='lat' dir='ltr'>esse</span> <span class='ocrx_word' id='word_1_622' title='bbox 2148 5184 2347 5234; x_wconf 86' lang='lat' dir='ltr'>nostra</span> <span class='ocrx_word' id='word_1_623' title='bbox 2360 5183 2565 5234; x_wconf 88' lang='lat' dir='ltr'>contra</span> <span class='ocrx_word' id='word_1_624' title='bbox 2578 5178 2969 5235; x_wconf 86' lang='lat' dir='ltr'>adversantes</span> <span class='ocrx_word' id='word_1_625' title='bbox 2982 5176 3650 5249; x_wconf 83' lang='lat' dir='ltr'>virtus;ﬁrmamentum</span> 
     </span>
    </p>
   </div>
   <div class='ocr_carea' id='block_1_83' title="bbox 298 5264 3647 5353">
    <p class='ocr_par' dir='ltr' id='par_1_83' title="bbox 298 5264 3647 5353">
     <span class='ocr_line' id='line_1_83' title="bbox 298 5264 3647 5353; baseline -0.01 -10"><span class='ocrx_word' id='word_1_626' title='bbox 298 5286 499 5342; x_wconf 82' lang='lat' dir='ltr'>Lauda</span> <span class='ocrx_word' id='word_1_627' title='bbox 517 5285 603 5342; x_wconf 82' lang='lat' dir='ltr'>ad</span> <span class='ocrx_word' id='word_1_628' title='bbox 615 5283 869 5353; x_wconf 80' lang='lat' dir='ltr'>fontem.</span> <span class='ocrx_word' id='word_1_629' title='bbox 892 5280 1107 5350; x_wconf 82' lang='lat' dir='ltr'>Rigans</span> <span class='ocrx_word' id='word_1_630' title='bbox 1127 5279 1377 5342; x_wconf 88' lang='lat' dir='ltr'>montes,</span> <span class='ocrx_word' id='word_1_631' title='bbox 1397 5272 1470 5327; x_wconf 91' lang='lat' dir='ltr'>de</span> <span class='ocrx_word' id='word_1_632' title='bbox 1485 5268 1890 5342; x_wconf 88' lang='lat' dir='ltr'>superioribus</span> <span class='ocrx_word' id='word_1_633' title='bbox 2012 5272 2217 5323; x_wconf 86' lang='lat' dir='ltr'>contra</span> <span class='ocrx_word' id='word_1_634' title='bbox 2243 5268 2691 5337; x_wconf 89' lang='lat' dir='ltr'>impugnantes;</span> <span class='ocrx_word' id='word_1_635' title='bbox 2715 5268 2999 5326; x_wconf 87' lang='lat' dir='ltr'>liberator</span> <span class='ocrx_word' id='word_1_636' title='bbox 3029 5275 3235 5325; x_wconf 88' lang='lat' dir='ltr'>contra</span> <span class='ocrx_word' id='word_1_637' title='bbox 3262 5264 3647 5353; x_wconf 79' lang='lat' dir='ltr'>captivantes:</span> 
     </span>
    </p>
   </div>
   <div class='ocr_carea' id='block_1_84' title="bbox 228 5347 3656 5435">
    <p class='ocr_par' dir='ltr' id='par_1_84' title="bbox 228 5347 3656 5435">
     <span class='ocr_line' id='line_1_84' title="bbox 228 5347 3656 5435; baseline -0.01 -4"><span class='ocrx_word' id='word_1_638' title='bbox 228 5376 362 5431; x_wconf 84' lang='lat' dir='ltr'>tuis.</span> <span class='ocrx_word' id='word_1_639' title='bbox 391 5347 667 5431; x_wconf 81' lang='lat' dir='ltr'>Alleluia.</span> <span class='ocrx_word' id='word_1_640' title='bbox 703 5372 765 5427; x_wconf 86' lang='lat' dir='ltr'>P.</span> <span class='ocrx_word' id='word_1_641' title='bbox 798 5371 877 5424; x_wconf 91' lang='lat' dir='ltr'>De</span> <span class='ocrx_word' id='word_1_642' title='bbox 912 5347 1109 5423; x_wconf 82' lang='lat' dir='ltr'>fructu</span> <span class='ocrx_word' id='word_1_643' title='bbox 1130 5371 1233 5421; x_wconf 88' lang='lat' dir='ltr'>tuo</span> <span class='ocrx_word' id='word_1_644' title='bbox 1260 5362 1583 5435; x_wconf 81' lang='lat' dir='ltr'>replebitur</span> <span class='ocrx_word' id='word_1_645' title='bbox 1604 5362 1774 5415; x_wconf 89' lang='lat' dir='ltr'>terra.</span> <span class='ocrx_word' id='word_1_646' title='bbox 1804 5358 1895 5414; x_wconf 87' lang='lat' dir='ltr'>Al-</span> <span class='ocrx_word' id='word_1_647' title='bbox 2012 5361 2075 5411; x_wconf 90' lang='lat' dir='ltr'>ut</span> <span class='ocrx_word' id='word_1_648' title='bbox 2090 5355 2202 5411; x_wconf 86' lang='lat' dir='ltr'>tuis</span> <span class='ocrx_word' id='word_1_649' title='bbox 2221 5356 2832 5414; x_wconf 79' lang='lat' dir='ltr'>extotodefensaculis</span> <span class='ocrx_word' id='word_1_650' title='bbox 2846 5354 3269 5415; x_wconf 89' lang='lat' dir='ltr'>circumcincti,</span> <span class='ocrx_word' id='word_1_651' title='bbox 3297 5353 3379 5405; x_wconf 90' lang='lat' dir='ltr'>sic</span> <span class='ocrx_word' id='word_1_652' title='bbox 3405 5347 3656 5435; x_wconf 81' lang='lat' dir='ltr'>adversa</span> 
     </span>
    </p>
   </div>
   <div class='ocr_carea' id='block_1_85' title="bbox 227 5433 3657 5581">
    <p class='ocr_par' dir='ltr' id='par_1_85' title="bbox 227 5433 3657 5581">
     <span class='ocr_line' id='line_1_85' title="bbox 227 5433 3657 5581; baseline -0.009 -61"><span class='ocrx_word' id='word_1_653' title='bbox 227 5462 431 5535; x_wconf 88' lang='lat' dir='ltr'>leluia,</span> <span class='ocrx_word' id='word_1_654' title='bbox 462 5463 733 5525; x_wconf 89' lang='lat' dir='ltr'>alleluia,</span> <span class='ocrx_word' id='word_1_655' title='bbox 756 5458 1015 5515; x_wconf 88' lang='lat' dir='ltr'>alleluia.</span> <span class='ocrx_word' id='word_1_656' title='bbox 1050 5456 1109 5518; x_wconf 56' lang='grc' dir='ltr'>Ψ.</span> <span class='ocrx_word' id='word_1_657' title='bbox 1140 5433 1439 5521; x_wconf 79' lang='lat' dir='ltr'>Quoniam</span> <span class='ocrx_word' id='word_1_658' title='bbox 1469 5450 1763 5523; x_wconf 90' lang='lat' dir='ltr'>percussit</span> <span class='ocrx_word' id='word_1_659' title='bbox 1798 5463 1895 5520; x_wconf 86' lang='lat' dir='ltr'>pe-</span> <span class='ocrx_word' id='word_1_660' title='bbox 2014 5445 2227 5502; x_wconf 90' lang='lat' dir='ltr'>mundi</span> <span class='ocrx_word' id='word_1_661' title='bbox 2255 5461 2427 5503; x_wconf 91' lang='lat' dir='ltr'>mens</span> <span class='ocrx_word' id='word_1_662' title='bbox 2448 5452 2652 5505; x_wconf 87' lang='lat' dir='ltr'>nostra</span> <span class='ocrx_word' id='word_1_663' title='bbox 2672 5464 2793 5505; x_wconf 92' lang='lat' dir='ltr'>non</span> <span class='ocrx_word' id='word_1_664' title='bbox 2828 5451 3066 5509; x_wconf 88' lang='lat' dir='ltr'>metuat,</span> <span class='ocrx_word' id='word_1_665' title='bbox 3101 5447 3164 5497; x_wconf 89' lang='lat' dir='ltr'>ut</span> <span class='ocrx_word' id='word_1_666' title='bbox 3191 5444 3247 5494; x_wconf 88' lang='lat' dir='ltr'>et</span> <span class='ocrx_word' id='word_1_667' title='bbox 3275 5433 3501 5581; x_wconf 60' lang='lat' dir='ltr'>bllanda</span> <span class='ocrx_word' id='word_1_668' title='bbox 3534 5448 3657 5490; x_wconf 91' lang='lat' dir='ltr'>non</span> 
     </span>
     <span class='ocr_line' id='line_1_86' title="bbox 525 5546 1079 5581; baseline 0 0"><span class='ocrx_word' id='word_1_669' title='bbox 525 5554 731 5581; x_wconf 62' lang='lat'>0......“</span> <span class='ocrx_word' id='word_1_670' title='bbox 818 5546 1079 5581; x_wconf 76' lang='lat' dir='ltr'>I\&#39;YY\]I</span> 
     </span>
    </p>
   </div>
   <div class='ocr_carea' id='block_1_86' title="bbox 520 5546 1101 5608">
    <p class='ocr_par' dir='ltr' id='par_1_86' title="bbox 520 5546 1101 5608">
     <span class='ocr_line' id='line_1_87' title="bbox 520 5546 1101 5608; baseline -0.012 0"><span class='ocrx_word' id='word_1_671' title='bbox 520 5554 767 5608; x_wconf 77' lang='lat' dir='ltr'>PATROL.</span> <span class='ocrx_word' id='word_1_672' title='bbox 814 5546 1101 5602; x_wconf 75' lang='lat' dir='ltr'>LXXXVI.</span> 
     </span>
    </p>
   </div>
  </div>
