4102 6176
427 269 532 328 203

433 390 726 464 requirat:
759 387 982 454 tuaque
1003 386 1241 446 semper
1261 363 1455 442 gratia
1488 362 1787 424 contenta,
1819 348 2079 412 muneri-
2109 343 2158 400 A

437 482 556 538 bus
587 473 825 548 gaudet.

512 536 678 624 Pater
704 563 922 618 noster.
953 557 998 612 A
1023 551 1181 610 malo
1194 565 1298 606 nos
1324 545 1530 602 libera.
1563 541 1672 612 fol.
1715 536 1798 592 lO.
2027 621 2064 629 Η

632 659 895 722 Sextum,
923 648 1119 704 omnia
1145 643 1424 698 dicantur
1449 642 1511 690 ut
1537 636 1600 689 in
1625 633 1829 691 Sexta,
1852 638 1981 722 qua:
2001 621 2086 675 di-

449 713 603 806 citur
625 761 737 817 per
767 713 952 800 totam
977 750 1230 795 annum.
1271 729 1367 784 Ad
1396 727 1654 789 Nonam,
1688 724 1753 774 ut
1779 713 1981 785 supra.

1053 823 1149 880 Ad
1189 821 1492 888 Vesperos.

1669 215 2123 289 BREVIARIUM
2170 201 2563 275 GOTHICUM.

3738 196 3855 252 204

2267 364 2493 420 Oratio.
2527 355 3003 429 Agnoscentibus
3027 350 3202 408 nobis
3223 344 3566 419 iniquitates
3584 343 3854 398 nostras.

2193 458 2248 510 et
2277 451 2520 524 propria
2544 449 2649 504 tibi
2667 445 2916 503 Domino
2928 433 3534 517 pandentes'piacula,
3551 433 3601 502 ej
3613 430 3855 524 ulantes

2196 520 2530 613 lachryinis,
2561 543 2798 611 pectore
2826 533 3143 590 verberato
3174 524 3479 598 supplices
3505 520 3862 613 oramuszut

2199 609 2432 690 avertas
2448 647 2484 686 a
2511 609 2721 685 nostris
2735 623 3051 680 sceleribus
3076 617 3293 675 faciem
3319 621 3512 680 tuam;
3536 616 3596 668 et
3621 609 3858 672 deleas,

2202 739 2338 796 quae
2365 721 2688 791 gessimus,
2725 715 2893 786 103
2927 715 3143 788 cuncta
3170 710 3453 782 peccata:
3486 701 3862 796 Creaitaque

2206 789 2451 869 Deus—in
2479 808 2657 865 corde
2677 811 2902 873 nostro,
2931 799 3096 874 quod
3113 813 3281 856 ames
3317 800 3405 866 ;et
3431 789 3862 866 propitiatione

524 924 756 983 Laudao
782 923 1058 989 Vespere,
1090 925 1287 973 malle:
1311 911 1368 964 εἴ
1402 900 1648 962 meridie
1687 901 1742 954 te
1779 891 2099 951 landamus
2209 901 2380 958 solita
2405 899 2656 962 dimitte,
2679 895 2845 967 quod
2869 891 3031 948 odis:
3057 905 3126 945 ac
3148 887 3198 942 si
3221 883 3505 984 tecrebro
3518 881 3596 937 ad
3606 880 3869 989 irascen-

458 1015 728 1076 Domine.

532 1099 820 1160 Dominus
861 1093 936 1150 sit
964 1104 1200 1161 semper
1222 1083 1558 1141 vobiscum.
1585 1089 1652 1148 1y.
1691 1075 1756 1128 Et
1798 1085 1938 1126 cum
1985 1063 2102 1137 spi-

461 1194 932 1346 nthtttiZtionat.
966 1266 1217 1324 Domine
1241 1261 1375 1335 quis
1403 1251 1702 1315 habitabit
1743 1250 1805 1306 in
1835 1246 2109 1346 taberna;

2211 989 2358 1045 dum
2387 992 2596 1043 nostra
2618 965 2826 1056 iniqua
2854 980 3214 1051 exasperant
3239 973 3384 1031 vitia
3409 989 3424 1038 ;
3468 976 3574 1028 tua
3606 973 3662 1025 te
3685 965 3867 1024 nobis

2215 1075 2570 1150 placabilem
2589 1072 2801 1129 reddat
2826 1066 3201 1138 indulgentia
3242 1063 3518 1136 copiosa.
3548 1071 3618 1131 ἢ.
3650 1062 3867 1114 Amen.

2289 1167 2395 1222 Per
2412 1161 2881 1220 misericordiam
2910 1165 3077 1216 tuam
3103 1159 3256 1213 Deus
3277 1159 3496 1218 noster,
3526 1154 3639 1207 etc.

2292 1255 2644 1323 Antiphona
2673 1258 2722 1308 1.
2750 1250 2970 1306 Delicta
2989 1249 3095 1321 qui
3123 1246 3286 1303 solus
3315 1241 3594 1311 intelligis
3623 1257 3638 1307 ;
3670 1241 3707 1294 ὰ
3736 1251 3874 1310 pec-

470 1330 768 1424 cu—lo‘tuo?
795 1364 896 1418 aut
914 1357 1050 1431 quis
1071 1330 1397 1426 requie—seet
1417 1348 1478 1404 in
1509 1349 1708 1401 monte
1729 1340 1936 1395 sancto
1959 1338 2060 1390 tuo
2085 1330 2114 1387 ?

2269 1345 2370 1402 stis
2392 1345 2612 1400 nostris
2635 1340 2865 1398 munda
2893 1355 3024 1404 nos,
3057 1335 3324 1392 Domine.
3342 1333 3615 1388 Psalmus
3645 1343 3802 1383 XVIII.

470 1457 734 1514 Psatmus
773 1467 884 1506 x1v.
2029 1511 2038 1520 Ι
2081 1510 2091 1520 ⁸

546 1543 834 1602 Dominus
862 1539 935 1594 sit
963 1549 1198 1607 semper
1217 1529 1552 1588 vobiscum.
1587 1535 1650 1594 Βί.
1686 1522 1752 1576 Et
1790 1531 1925 1573 cum
1951 1526 2120 1585 spiri-

478 1640 544 1692 tu
569 1639 690 1690 tuo.

2299 1435 2518 1491 Oratio.
2555 1433 2643 1487 Ab
2690 1427 2940 1488 occultis
2971 1425 3190 1483 nostris
3215 1420 3448 1480 munda
3474 1436 3585 1476 nos
3616 1415 3878 1473 Domine

2229 1522 2547 1596 purgando
2573 1518 3025 1584 conscientiam,
3048 1531 3184 1586 quze
3222 1510 3466 1568 internis
3503 1524 3572 1564 ac
3609 1503 3882 1596 propriis

2231 1612 2486 1668 inﬁcitur
2516 1610 2765 1667 maculis
2794 1625 2806 1662 :
2849 1607 2927 1664 ab
2945 1603 3156 1663 alienis
3202 1615 3446 1675 quoque
3475 1609 3652 1671 parce
3685 1589 3883 1648 servis

551 1680 897 1789 antiphona
924 1719 979 1769 2.
1005 1716 1206 1770 Justus
1225 1707 1531 1764 Dominus.
1557 1698 1824 1756 Alleluia.
1860 1689 2122 1789 P.-Justi-
2155 1699 2200 1754 Β
2236 1702 2368 1771 tuis,
2393 1706 2454 1757 ut
2484 1716 2554 1756 ea
2592 1698 2924 1767 indulgeas,
2952 1711 3087 1768 qua;
3129 1691 3225 1748 vel
3271 1689 3570 1789 malam?
3599 1680 3889 1754 exemplis

483 1813 627 1870 tiam
654 1783 868 1864 dilexit.
902 1801 1172 1865 Alleluia,
1201 1797 1456 1855 alleluia.
1486 1792 1550 1854 ii.
1574 1789 1788 1852 Gloria,
1822 1787 1878 1840 et
1915 1783 2125 1843 honor,

485 1907 594 1959 etc.
626 1899 684 1954 P.
717 1893 986 1963 Alleluia,
1013 1888 1265 1948 alleluia.

1171 1981 1461 2050 Hymnus.

702 2076 925 2132 Adesto
953 2069 1170 2128 nostris
1194 2065 1492 2141 precibus,

633 2166 852 2222 Adesto
868 2163 998 2235 jam
1028 2157 1323 2232 propitius

638 2257 682 2315 Ο
713 2252 932 2310 Christe
957 2250 969 2305 ι
1002 2246 1215 2305 mundi
1244 2243 1434 2316 gloria

639 2347 792 2400 Fuso
822 2339 1047 2396 lumine
1069 2336 1310 2405 irrigua.

709 2435 786 2488 Te
801 2427 1141 2501 vespertina
1167 2422 1379 2491 oratio,

639 2524 715 2578 Te
741 2516 1032 2576 matutina
1057 2512 1324 2576 concinit,

643 2609 769 2666 Tibi
798 2605 1088 2662 indefesso
1110 2601 1385 2674 personet

644 2701 914 2768 Hymnus
940 2708 1079 2748 cum
1099 2688 1255 2745 dulci
1286 2685 1572 2742 carmine.

647 2787 767 2840 Deo
789 2781 940 2838 Patri
961 2781 1034 2834 sit
1072 2777 1283 2848 gloria,
1310 2780 1417 2831 etc.

578 2869 1224 2944 Supplicatio.0remus
1238 2863 1696 2934 Redemptorem
1707 2856 1939 2915 mundi.
1949 2855 2156 2924 Quwre

501 2966 616 3037 fol.
645 2968 734 3020 96.

2237 1791 2596 1861 addicimus,
2627 1787 2719 1844 vel
2740 1785 2943 1858 pravis
2957 1782 3152 1839 inlecti
3165 1775 3656 1854 persuasionibus
3679 1785 3892 1844 perpe—

2239 1886 2466 1937 tramus
2493 1897 2506 1934 :
2540 1883 2604 1934 ut
2623 1876 2792 1950 quite
2816 1869 3526 1948 propriumagnoscimus
3542 1861 3893 1950 Dominum,

2241 1983 2631 2041 nequaquam
2649 1948 3037 2038 peccatorum
3065 1959 3393 2018 sentiamus
3417 1953 3659 2014 alterius
3695 1948 3897 2008 domi-

2243 2063 2474 2116 natum.
2495 2069 2560 2127 Βι.
2583 2065 2796 2112 Amen.

2317 2146 2423 2202 Per
2453 2143 2921 2202 misericordiam
2947 2144 3132 2198 tuam.

2317 2235 2667 2304 Antiphone
2694 2238 2746 2289 2.
2777 2229 3004 2288 Exaudi
3029 2245 3142 2287 nos
3164 2229 3228 2284 in
3246 2227 3363 2294 die,
3393 2240 3518 2299 qua
3541 2222 3902 2280 invocamus

2248 2329 2328 2395 te,
2350 2323 2590 2380 Domine
2619 2325 2772 2379 Deus
2797 2325 3017 2378 noster.
3059 2319 3331 2376 Psalmus
3351 2331 3467 2372 xix.

2323 2414 2546 2470 Oratio.
2577 2411 2762 2484 Imple
2783 2411 3030 2468 Domine
3066 2423 3277 2466 omnes
3296 2403 3612 2479 petitiones
3638 2403 3903 2464 nostras;

2254 2519 2326 2561 ac
2353 2503 2518 2560 mitte
2539 2501 2712 2558 nobis
2741 2499 3029 2557 auxilium
3071 2497 3146 2554 de
3194 2500 3402 2554 sancto
3433 2512 3448 2554 :
3483 2506 3715 2550 memor
3771 2491 3905 2544 esto

2254 2592 2451 2651 omnis
2480 2589 2754 2648 sacriﬁcii
2777 2589 2985 2653 nostri,
3016 2587 3182 2662 quod
3207 2585 3311 2643 tibi
3343 2599 3468 2641 non
3498 2581 3694 2639 solum
3734 2578 3912 2636 obla-

2256 2682 2436 2753 tione,
2461 2681 2567 2738 sed
2595 2680 2773 2737 etiam
2795 2679 3064 2736 oratione
3093 2682 3274 2751 atque
3293 2673 3612 2733 afﬂictione
3625 2671 3913 2727 dicamus

2258 2775 2325 2828 ut
2346 2786 2458 2828 nos
2487 2770 2593 2827 tibi
2619 2769 2878 2827 humiles
2897 2782 3133 2840 semper
3152 2765 3358 2832 facias,
3389 2768 3448 2821 et
3497 2761 3786 2820 contritas
3816 2761 3916 2816 at-

2261 2860 2491 2918 tendas.
2523 2871 2586 2929 ἢ.
2619 2861 2831 2914 Amen.

2335 2949 2444 3006 Per
2491 2946 2966 3004 misericordiam
2978 2951 3168 3003 tuam.

583 3050 888 3119 Capitula.
904 3046 997 3099 Ad
1015 3039 1722 3113 vespertinum,Domine,
1748 3036 2157 3093 venientesoc-
2189 3054 2229 3110 α
2335 3038 2668 3108 Antiphona
2708 3042 2757 3093 3.
2781 3036 3168 3092 Cantabimus
3187 3037 3245 3091 et
3287 3031 3615 3106 psallemus
3664 3029 3925 3086 virtutes

507 3152 740 3199 casum,
765 3140 818 3188 te
836 3130 1154 3186 Dominum
1174 3128 1548 3198 postulamus
1565 3131 1855 3181 aeternum
1871 3143 1887 3194 ;
1917 3129 1978 3180 ut
2003 3129 2160 3179 tene-

504 3223 672 3282 brosi
693 3220 891 3293 operis
910 3217 1116 3290 culpas
1129 3220 1165 3271 ὲ.
1177 3219 1351 3271 nobis
1361 3215 1576 3286 jubeas
1593 3213 2156 3284 abluiziniquitatem

508 3328 632 3370 non
671 3309 1030 3366 meditemur
1058 3305 1121 3361 in
1152 3305 1426 3361 sensibus
1453 3303 1693 3367 nostris,
1717 3317 1907 3374 neque
1931 3305 2156 3357 mentes

502 3405 722 3459 nostrae
752 3400 1102 3455 enerventur
1145 3394 1357 3450 inlusaa
1390 3411 1403 3448 :
1457 3392 1564 3449 sed
1605 3391 1843 3461 cingulo
1866 3390 2156 3447 castitatis

508 3490 838 3549 constrictae
887 3485 1183 3543 matutino
1211 3484 1273 3539 in
1302 3487 1569 3554 tempore
1603 3481 1783 3537 corde
1822 3485 1880 3538 et
1907 3495 2156 3552 corpore

505 3595 660 3653 puro
698 3591 1028 3633 mereamur
1058 3573 1298 3631 servire.

578 3668 747 3724 Pater
782 3670 1000 3722 noster.
1047 3665 1094 3718 A
1130 3662 1292 3720 malo
1321 3677 1433 3718 nos
1452 3660 1662 3718 libera.
1691 3660 1894 3728 Quare
1919 3661 2010 3730 fol
2034 3663 2116 3716 10.

579 3754 928 3814 Benedictio.
957 3751 1254 3809 Concedat
1283 3751 1457 3808 nobis
1498 3749 1783 3807 Dominus
1835 3749 2156 3821 praemium

507 3845 924 3906 sincerissimos
941 3843 1262 3907 charitatis;
1283 3847 1346 3898 ut
1366 3857 1502 3897 cum
1519 3840 1805 3898 omnibus
1845 3854 2080 3910 semper
2095 3838 2158 3894 in

507 3951 654 4011 pace
680 3935 980 3991 vivamus.
1013 3942 1058 4002 1p
1117 3932 1330 3987 Amen.
1357 3929 1739 3986 lnimicorum
1771 3928 2043 3985 omnium
2066 3943 2160 3982 su-

505 4040 786 4100 peremus
805 4020 1074 4088 insidias,
1102 4024 1158 4076 et
1186 4024 1542 4092 praesentem
1564 4019 1746 4075 vitam
1765 4019 1893 4074 sine
1914 4017 2159 4074 crimine

504 4127 890 4188 peragamus.
906 4121 970 4181 1p.
1001 4115 1209 4165 Amen.
1237 4109 1432 4164 Simus
1462 4112 1570 4164 eta
1589 4112 1755 4164 reatu
1778 4106 2156 4163 conscientia:

503 4202 765 4270 1iberi;ut
782 4199 929 4256 nihil
945 4203 1282 4255 metuamus
1289 4195 1477 4268 judici
1499 4201 1634 4269 post
1650 4196 2158 4268 futuro.m.Amen.

573 4293 686 4348 Per
709 4287 1180 4346 misericordiam
1219 4286 1426 4358 ipsius.

2265 3134 2418 3194 tuas,
2455 3129 2720 3184 Domine.
2749 3128 3011 3184 Psalmus
3035 3142 3138 3181 xx.

2338 3218 2561 3273 Oratio.
2593 3217 2841 3272 Domine
2886 3215 2993 3288 qui
3021 3231 3132 3270 nos
3155 3212 3479 3286 praevenire
3525 3210 3812 3281 dignatus
3857 3223 3929 3264 es

2266 3307 2456 3377 gratia
2474 3303 3202 3378 redemptionis,preeveni
3239 3303 3371 3358 item
3397 3301 3457 3357 in
3500 3299 3926 3356 benedictione

2265 3394 2600 3451 dulcedinis
2625 3414 2636 3452 :
2671 3398 2727 3451 et
2753 3393 2858 3467 qui
2887 3393 3072 3450 vitam
3092 3390 3482 3464 temporalem
3500 3387 3733 3446 cunctis
3755 3405 3925 3446 mor-

2265 3483 2482 3541 talibus
2518 3483 2749 3554 tribuis,
2783 3483 2967 3539 vitam
3002 3482 3236 3555 penitus
3266 3486 3553 3539 aeternam
3590 3479 3770 3536 nobis
3792 3495 3926 3538 om-

2263 3573 2440 3630 nibus
2468 3572 2760 3642 largiaris.
2787 3584 2852 3644 1y.
2885 3581 3083 3628 Anien.

2332 3664 2437 3718 Per
2467 3661 2939 3718 misericordiam
2966 3665 3154 3720 tuam.

2335 3764 2396 3823 ne.
2427 3751 2805 3822 Adjutorium
2852 3755 3145 3806 nostrum.
3174 3750 3232 3806 P.
3279 3751 3346 3805 In
3383 3747 3628 3806 nomine
3657 3737 3922 3806 Domini.

2263 3841 2326 3904 Ψ.
2362 3844 2633 3914 Laqueus
2655 3839 2943 3897 contritus
2964 3843 3070 3906 est,
3100 3844 3155 3894 et
3187 3854 3300 3895 nos
3319 3837 3551 3896 liberati
3588 3855 3820 3895 sumus.
3857 3833 3922 3894 P.

2267 3936 2329 3988 In
2347 3932 2589 3988 nomine
2621 3930 2874 3987 Domini.
2906 3928 2968 3991 γ.
3009 3928 3220 3996 Gloria,
3254 3931 3310 3986 et
3355 3929 3550 3986 honor
3579 3929 3753 3996 Patri,
3806 3931 3924 3985 etc.

2267 4022 2618 4080 Reiteretur.
2645 4031 2709 4091 131.
2736 4019 3136 4092 Adjutorium.

2339 4111 2446 4170 Ad
2470 4111 2787 4167 canticum.
2804 4109 3268 4179 Antiphona.Ne
3289 4106 3645 4164 extermines
3675 4105 3922 4180 plebem

2269 4205 2437 4259 tuam
2463 4199 2712 4256 Domine
2735 4203 2793 4254 et
2811 4197 3203 4255 hereditatem
3231 4213 3412 4271 quam
3449 4196 3735 4254 liberasti.

2533 4289 2851 4346 Canticum
2883 4288 3321 4344 Deuteronomii
3351 4288 3521 4359 (Cap.
3552 4287 3654 4357 Ix).

575 4380 807 4473 Laada.
837 4377 1174 4473 Gonfitebor
1194 4376 1466 4442 Domino,
1491 4375 1758 4473 Alleluia.
1807 4375 2158 4433 Secundum
2197 4415 2241 4473 Β
2341 4378 2592 4436 Domine
2612 4376 2859 4434 Domine
2883 4393 2988 4433 rex
3012 4376 3266 4434 deorum
3279 4375 3586 4448 caelorum,
3603 4375 3709 4434 'ne
3739 4377 3932 4434 exter-

499 4469 790 4543 justitiam
802 4468 955 4540 ejus.
973 4465 1236 4523 Alleluia.
1260 4467 1391 4521 P.Et
1408 4464 1956 4536 psallam.Alleluia.
1972 4465 2032 4527 V.
2045 4468 2161 4522 La:-

502 4557 677 4617 tabor
693 4563 750 4615 et
780 4553 1058 4612 exultabo
1087 4554 1214 4610 inte
1239 4558 1296 4610 et
1323 4553 1580 4626 psallam
1610 4554 1840 4612 nomini
1861 4559 1964 4612 tuo
1995 4555 2160 4612 Altis-

493 4647 671 4704 'sime.
704 4649 768 4702 P.
791 4642 1208 4715 EtpsallamN.
1229 4642 1446 4714 Gloria,
1465 4648 1522 4699 et
1547 4643 1741 4700 honor
1771 4644 1948 4702 Patri.
1979 4645 2152 4701 etc.P.

502 4739 570 4793 Et
584 4734 862 4809 psallam.
885 4733 1108 4790 Oratio.
1125 4732 1308 4805 lmple
1320 4748 1533 4791 omnes
1553 4733 1870 4806 petitiones
1891 4737 2152 4790 nostras.

506 4824 711 4894 Quaere
742 4823 912 4894 infra
937 4823 1000 4880 in
1027 4821 1343 4880 Matutinis
1362 4823 1435 4879 de
1449 4821 1605 4894 feria
1622 4823 1837 4894 quinta
1861 4825 2155 4894 sequenti.

499 4911 1082 4970 Commemorationes
1144 4917 1211 4968 ut
1266 4928 1452 4984 supra
1504 4913 1566 4970 in
1643 4911 1907 4969 secunda
1971 4911 2158 4981 fem’a.

506 5000 710 5070 Quaere
743 5000 857 5072 [οι.
889 5004 983 5062 9i.

1113 5107 1284 5148 FBBIA
1317 5106 1519 5155 QUINTA

570 5180 668 5239 Ad
699 5180 1091 5240 Matutinum.
1118 5180 1494 5250 Antiphona.
1527 5178 1593 5235 In
1626 5179 1878 5237 nomine
1917 5176 2160 5236 Domini

499 5271 683 5330 nostri
702 5273 843 5329 Jesu
885 5270 1097 5328 Christi
1119 5267 1327 5324 lumen
1365 5283 1503 5323 cum
1548 5282 1714 5340 pace.
1758 5280 1822 5339 ﬁ.
1865 5270 1987 5325 Deo
2019 5282 2154 5337 gra-

500 5360 637 5418 tias.
671 5361 961 5420 Dominus
997 5357 1069 5414 sit
1110 5369 1348 5427 semper
1385 5354 1721 5414 vobiscum.
1753 5368 1820 5429 Βι.
1860 5359 1928 5414 Et
1973 5373 2141 5414 cum.

569 5451 936 5521 Antiphone.
966 5444 1311 5518 lniquitates
1325 5459 1492 5505 meas
1510 5448 1573 5505 tu
1591 5445 1742 5516 dele,
1774 5449 1930 5508 Deus
1959 5463 2151 5508 meus.

504 5533 775 5596 Psalmus
814 5556 872 5597 ί..

2273 4468 2461 4526 mines
2489 4467 2784 4541 populum
2802 4471 2995 4524 tuum.

2341 4561 2406 4615 Et
2459 4557 2848 4614 hereditatem
2890 4562 3080 4628 tuam,
3127 4573 3315 4632 quam
3362 4555 3626 4614 liberasti
3659 4554 3735 4613 de
3768 4557 3934 4614 terra

2268 4648 2522 4722 Egypti,
2555 4648 2573 4667 '
2613 4647 2676 4704 in
2726 4647 2937 4706 virtute
2983 4651 3086 4707 tua
3119 4663 3360 4719 magna,
3407 4651 3465 4705 et
3507 4645 3755 4705 brachio
3820 4649 3930 4704 tuo

2270 4737 2532 4796 excelso.

2341 4825 3161 4898 CommemorareAbraham,
3191 4828 3380 4893 Isaac,
3413 4829 3471 4884 et
3506 4823 3697 4884 Jacob
3725 4825 3926 4884 famu-

2267 4916 2464 4974 lorum
2483 4919 2742 4989 tuorum,
2778 4918 2796 4937 '
2823 4916 3037 4991 quibus
3050 4916 3264 4989 jurasti
3291 4931 3394 4989 per
3419 4917 3805 4990 temetipsum
3831 4931 3847 4972 :

2340 5007 2419 5061 Ne
2447 5007 2735 5078 respicias
2763 5005 3050 5064 duritiam
3094 5004 3304 5079 populi
3330 5005 3532 5079 hujus,
3565 5006 3588 5029 ⁶
3607 5009 3664 5064 et
3710 5003 3931 5078 impie-

2269 5097 2418 5152 tates
2442 5097 2499 5151 et
2525 5099 2771 5168 peccata
2793 5109 3031 5152 eorum:

2340 5185 2420 5238 Ne
2441 5183 2644 5241 dicant
2670 5184 2730 5240 in
2754 5184 3032 5242 cordibus
3062 5183 3186 5241 suis
3210 5183 3618 5243 inhabitantes
3652 5186 3933 5254 terram,‘

2266 5271 2427 5329 unde
2453 5288 2564 5329 nos
2592 5273 2873 5341 eduxisti,

2337 5360 2636 5421 Dicentes:
2667 5365 2746 5420 Eo
2774 5363 2941 5436 quod
2965 5379 3091 5421 non
3117 5363 3309 5436 potuit
3350 5363 3731 5424 introducere
3797 5361 3937 5424 illos

2267 5451 2424 5506 Deus
2447 5449 2508 5507 in
2540 5453 3008 5527 terram,'quam
3037 5451 3268 5516 dixerat
3289 5454 3375 5514 eis
3402 5451 3495 5526 ;et
3515 5461 3659 5515 cum
3683 5443 3934 5529 adisset,

2264 5553 2478 5599 necare
2505 5539 2554 5612 ej
2565 5539 2677 5600 ecit
2703 5556 2807 5606 eos
2833 5541 2896 5603 in
2915 5549 3154 5606 eremo:
