4102 6176
219 256 322 313 209

1251 246 1463 303 FERIA
1495 245 1569 302 VI
1607 242 1786 300 POST
1824 240 2167 300 OCTAVAM
2205 243 2643 303 EPIPHANUE.

3526 244 3642 314 '2'10

224 382 279 436 P.
312 382 381 435 Et
410 376 691 434 salutare.
741 372 805 433 ἲν.
846 370 1057 437 Gloria,
1104 372 1162 426 et
1194 370 1408 436 honor,
1456 369 1643 426 etc.P.
1674 370 1742 423 Et
1787 382 1878 423 sa-
1905 367 1953 420 A
1991 367 2264 436 salutem,
2294 370 2732 443 etpatientiam.
2767 372 2831 427 Et
2857 370 3211 429 invocabilis
3227 389 3349 446 me,
3395 380 3452 434 et
3474 378 3640 436 time-

226 470 429 526 tutare.

291 473 429 526 tare.

296 556 519 614 Oratio.
552 556 731 618 Deus,
788 550 894 623 qui
930 548 1459 606 conﬁtentiumtibi
1481 544 1882 617 cordapurifi-

220 662 337 717 cas,
360 650 418 701 et
437 646 830 701 accusantem
875 639 1305 695 conscientiam
1338 637 1416 693 ab
1447 636 1612 693 omni
1637 633 1876 690 vinculo

219 734 538 809 iniquitatis
552 729 821 789 absolvis
840 747 858 783 ε
874 728 953 784 da
965 726 1397 798 indulgentiam
1423 725 1747 789 famulis,et
1764 738 1879 778 cm-

219 824 379 882 lestis
390 822 592 893 gratim
613 821 915 876 sinceram
931 815 1298 873 medicinam
1311 830 1519 872 eorum
1540 814 1729 870 tribue
1750 828 1874 867 cor-

222 901 485 987 poribus.
520 923 583 981 Βι.
615 916 829 965 Amen.

292 1003 394 1057 Per
432 996 930 1055 misericordiam.

1988 456 2150 513 bitis:
2176 459 2423 516 orabitis
2446 475 2563 527 me,
2590 463 2647 515 et
2672 473 2783 528 ego
2831 459 3152 517 exaudiam
3186 478 3317 520 vos.
3353 466 3639 530 Qumretis

1986 552 2167 613 me,et
2191 548 2499 605 invenietis
2523 569 2540 604 :
2576 564 2715 603 cum
2740 547 3093 621 quaesieritis
3111 566 3208 606 me
3230 551 3292 608 in
3310 558 3433 611 toto
3456 555 3637 612 corde

1986 640 2278 693 vestro.Et
2289 638 2561 694 inveniar
2584 653 2620 694 a
2635 636 2915 706 vobis,ait
2927 638 3220 695 Dominus
3233 642 3636 715 omnipotens.

2058 735 2121 793 Βι.
2154 725 2361 782 Amen.

2054 813 2341 883 Hymnus.
2389 814 2610 870 Christe
2641 813 2909 870 caelestis.
2960 815 3356 885 Supplicatio.
3391 820 3638 876 Oremus

1985 900 2439 973 Redemptorem
2470 902 2686 958 mundi.
2732 903 2983 973 Require
3010 904 3119 973 fol.
3172 908 3291 960 108.

2056 989 2220 1057 Capit
2228 991 2603 1062 ula.Bespice
2619 990 2866 1047 Domine
2880 1006 3058 1062 super
3082 991 3344 1048 famulos
3371 998 3503 1051 tuos
3516 1009 3642 1051 om-

291 1089 640 1158 Antz’phona
660 1082 1430 1153 3.Convertere,Domine,et
1458 1080 1620 1151 eripe
1640 1078 1875 1134 animas
1982 1080 2087 1132 nes
2104 1076 2310 1133 ﬁdeles
2334 1083 2591 1147 aegrotos
2620 1078 2703 1135 tui
2723 1078 2984 1134 nominis
3006 1078 3386 1137 invocatione
3400 1082 3633 1138 auden-

220 1181 457 1235 nostras
493 1177 589 1231 :P.
609 1172 886 1230 Etsalvos
899 1188 1011 1228 nos
1028 1170 1122 1228 fac
1146 1173 1389 1242 propter
1405 1165 1872 1224 misericordiam
1983 1170 2100 1224 tes:
2135 1165 2329 1222 tribue
2355 1167 2440 1222 eis
2466 1167 2831 1223 medicinam
2852 1167 3150 1223 caelestem
3163 1186 3180 1238 ;
3212 1169 3449 1225 tutelam
3477 1186 3642 1226 men-

224 1272 416 1323 tuam.
450 1265 605 1330 Quia
629 1278 748 1319 non
780 1265 871 1317 est
897 1261 959 1317 in
990 1264 1196 1324 morte,
1227 1257 1332 1328 qui
1352 1270 1584 1311 memor
1601 1254 1676 1310 sit
1700 1252 1873 1312 tuiN.

1983 1253 2059 1309 tis
2085 1253 2354 1324 infunde,
2378 1259 2435 1310 et
2454 1254 2531 1311 ab
2571 1255 2737 1311 omni
2752 1254 3116 1319 inﬁrmitate,
3145 1260 3202 1311 et
3230 1253 3518 1326 languore
3532 1272 3635 1314 eos

231 1353 503 1419 Domine,
533 1367 609 1407 ne
632 1351 692 1407 in
718 1348 919 1405 furore
951 1352 1051 1403 tuo
1072 1361 1292 1417 arguas
1318 1360 1448 1413 nos,
1483 1356 1677 1414 neque
1695 1341 1754 1397 in
1789 1341 1875 1396 ira
1980 1329 2232 1398 liberare
2257 1343 2530 1412 dignare.

230 1448 334 1498 tua
359 1440 646 1512 corripias
665 1454 800 1493 nos.
832 1438 962 1491 P.Et
996 1434 1216 1491 salvos.
1248 1432 1533 1498 V.Gtoria,
1578 1434 1633 1486 et
1660 1430 1871 1493 honor,

222 1535 330 1586 etc.
368 1532 433 1583 Et
465 1528 665 1583 salvos
695 1542 827 1582 nos.

290 1618 517 1673 Oratio.
550 1615 790 1679 Adesto,
818 1628 1189 1686 quaesumus,
1222 1610 1470 1667 Domine
1503 1607 1878 1680 supplicibus

2051 1430 2219 1486 Pater
2248 1436 2473 1487 noster.
2514 1435 2561 1487 Α
2590 1429 2754 1487 malo
2781 1446 2894 1486 nos
2918 1430 3124 1486 libera.
3152 1432 3397 1502 Require
3419 1434 3622 1502 fol.lO.

2052 1519 2279 1575 Lauda.
2305 1518 2511 1575 Salvos
2536 1535 2647 1575 nos
2677 1518 2788 1577 fac.
2845 1518 3203 1575 Benedictio.
3249 1520 3640 1591 Omnipotens

1985 1607 2291 1664 Dominus.
2323 1609 2703 1682 Requirefot,
2735 1612 2854 1664 105.

216 1706 470 1763 nostris:
503 1710 560 1761 et
598 1704 822 1777 quibus
853 1701 1260 1758 austeritatem
1285 1700 1463 1770 justas
1495 1696 1874 1753 correctionis
1912 1706 1957 1762 Β
2056 1696 2169 1754 Per
2192 1699 2391 1755 Horas
2404 1699 2543 1765 diei,
2576 1699 2727 1754 utin
2755 1699 2875 1754 alio
2903 1702 3159 1767 tempore
3181 1711 3204 1768 ,'
3225 1704 3455 1767 excepto
3483 1699 3643 1769 quod

212 1796 458 1867 inﬂigis,
488 1793 789 1867 propitius
830 1790 1048 1847 adhibe
1077 1788 1367 1846 auxilium
1398 1785 1877 1843 misericordissi-

212 1902 331 1943 mae
361 1881 815 1941 consolationis.
851 1892 913 1950 ﬁ.
938 1883 1151 1935 Amen.

283 1976 393 2031 Per
430 1970 928 2028 misericordiam.
1226 2029 1231 2034 1

278 2075 347 2127 ἢ.
374 2062 572 2117 Virtus
602 2062 831 2124 nostra,
868 2057 1135 2124 Domine,
1160 2060 1290 2111 esto
1315 2054 1767 2109 ﬁrmamentum
1789 2050 1877 2106 in-

209 2152 429 2218 ﬁrmis,
464 2152 544 2208 P.
579 2152 715 2205 Esto
744 2147 1070 2218 refugium,
1102 2143 1457 2201 etliberator
1482 2139 1874 2213 oppressis.i’.

212 2244 349 2298 Esto
371 2239 694 2297 brachium
719 2240 994 2293 nostrum
1023 2235 1084 2290 in
1110 2231 1543 2297 mane,etsalus
1572 2233 1807 2285 nostras
1820 2228 1881 2283 in

213 2335 494 2403 tempore
513 2324 931 2385 tribulationis.
962 2328 1020 2380 P.
1053 2326 1188 2380 Esto
1226 2319 1544 2392 refugium.
1572 2319 1633 2377 in
1664 2315 1878 2384 Gloria,

213 2424 265 2479 et
281 2420 516 2483 honor,
550 2422 665 2474 etc.
696 2416 1050 2472 Reiteretur.
1071 2424 1135 2483 Ir.

280 2511 417 2578 Ego
434 2505 732 2576 occidam,
769 2502 1033 2560 etvivere
1051 2500 1269 2557 faciam
1295 2515 1308 2553 :
1333 2496 1685 2570 percutiam,
1704 2499 1881 2565 etego

214 2596 489 2655 sanabo.

440 2682 763 2741 Canticum
815 2676 1263 2736 Deuteronomz‘i
1289 2673 1659 2744 (Cap.xxx1i).

277 2772 445 2829 Vidit
474 2771 639 2827 enim
665 2784 767 2824 eos
790 2767 1107 2839 ,fatigatos,
1139 2766 1153 2780 '
1179 2767 1236 2820 et
1286 2762 1550 2818 defectos
1598 2759 1659 2815 in
1690 2757 1881 2815 obdu-

214 2863 435 2927 ctione,
471 2866 530 2917 et
556 2857 902 2915 dissolutos.

279 2954 357 3007 Et
385 2950 572 3006 dixit:
601 2947 713 3004 Ubi
733 2944 971 3002 suntdii
996 2943 1079 3016 tui
1128 2940 1321 3005 Israel,
1349 2942 1366 2961 ’
1400 2940 1461 2994 in
1497 2938 1716 3011 quibus
1745 2951 1884 2992 con-

212 3040 452 3097 ﬁdebas
479 3039 543 3094 in
576 3037 723 3110 ipsis
746 3035 774 3091 ‘l

278 3130 372 3184 De
398 3142 666 3201 quorum
696 3124 875 3197 adipe
898 3120 1331 3179 sacriﬁciorum
1360 3115 1650 3185 edebatis,
1671 3118 1685 3130 '
1709 3117 1763 3171 et
1788 3113 1881 3170 bi-

210 3217 456 3275 bebatis
480 3216 690 3272 vinum
718 3212 1079 3269 libationum
1104 3223 1343 3265 eorum:

276 3311 601 3378 Exurgant
626 3319 809 3370 nunc,
842 3305 898 3357 et
925 3299 1213 3372 adjuvent
1235 3312 1362 3362 vos,
1391 3298 1420 3330 ⁵*
1445 3298 1501 3351 et
1537 3294 1686 3351 ﬁant
1715 3291 1882 3350 vobis

213 3402 589 3473 protectores

280 3488 519 3557 Videte,
545 3484 736 3540 videte
785 3479 1077 3553 quoniam
1109 3493 1220 3548 ego
1252 3492 1388 3532 sum
1444 3472 1750 3537 Dominus,
1777 3472 1791 3486 '
1830 3472 1886 3525 et

215 3592 335 3635 non
369 3581 474 3633 est
495 3574 652 3630 alius
681 3575 894 3644 praeter
924 3583 1019 3624 me
1048 3584 1060 3621 :

284 3669 415 3737 Ego
450 3679 611 3728 sum,
634 3659 739 3733 qui
773 3658 1058 3721 occidam,
1088 3659 1144 3711 et
1173 3653 1367 3709 vivere
1408 3650 1625 3707 faciam
1658 3670 1670 3703 :
1701 3649 1723 3670 '
1754 3661 1886 3720 per-

220 3756 474 3819 cutiam,
504 3757 565 3808 et
583 3765 697 3821 ego
728 3746 980 3804 sanabo.

285 3842 514 3908 Gloria,
549 3845 606 3896 et
644 3835 1030 3904 honorPatri,
1062 3836 1172 3890 etc.

280 3935 622 3990 Reiteretur
660 3926 1035 3995 Antiphona.

276 4013 1165 4083 Matutinam'umAntiphona.
1190 3999 1886 4072 lllumina,Domine,vul-

206 4117 346 4168 tum
376 4117 555 4165 tuum
578 4121 753 4179 super
794 4120 927 4169 nos,
959 4106 1017 4158 et
1060 4100 1343 4156 miserere
1372 4093 1567 4150 nobis.
1598 4092 1663 4145 P.
1692 4092 1762 4146 Ut
1793 4104 1890 4145 co-

210 4213 584 4271 gnoscamus
612 4198 671 4252 in
693 4200 849 4252 terra
872 4193 1033 4248 viam
1061 4195 1247 4246 tuam.
1266 4186 1330 4247 ἡ.
1354 4185 1510 4239 Deus
1533 4180 1887 4236 misereatur

204 4265 435 4353 nostri,
462 4290 514 4342 et
536 4283 850 4341 benedicat
910 4296 1040 4336 nos.
1093 4279 1155 4331 P.
1214 4278 1284 4332 Ut
1328 4284 1787 4343 cognoscamus.
1821 4265 1884 4327 ἡ.

206 4377 442 4441 Gloria,
471 4380 529 4431 et
556 4375 770 4437 honor,
798 4376 910 4428 etc.
936 4370 1000 4426 P.
1037 4371 1107 4423 Ut
1133 4376 1595 4435 cognoscamus.

278 4465 520 4525 Lauda.
548 4461 810 4519 Laudate
832 4457 1154 4515 Dominum
1184 4468 1395 4510 omnes
1452 4450 1698 4505 Gentes:
1734 4443 1883 4500 Alle-

206 4557 359 4619 luia,
396 4551 660 4609 alleluia.
684 4552 747 4604 P.
780 4551 846 4605 Et
877 4544 1213 4603 collaudate
1244 4557 1383 4597 eum
1415 4552 1627 4594 omnes
1651 4531 1885 4606 populi,

207 4646 269 4704 it.
309 4642 621 4711 Quoniam
636 4639 991 4696 conﬁrmata
1004 4639 1091 4689 est
1128 4645 1306 4703 super
1338 4644 1451 4684 nos
1477 4621 1888 4682 misericordia

208 4710 385 4805 ejus:
422 4736 481 4787 et
506 4728 732 4786 veritas
759 4724 997 4782 Domini
1024 4724 1225 4778 manet
1266 4719 1327 4774 in
1362 4720 1669 4772 aeternum.
1818 4710 1890 4805 E

201 4792 556 4880 collaudate
587 4832 748 4873 eum.
797 4815 865 4874 ἰν.
928 4811 1142 4878 Gloria,
1184 4811 1241 4864 et
1287 4806 1502 4872 honor,
1540 4805 1649 4858 etc.
1702 4800 1767 4857 P.
1818 4792 1886 4853 El

201 4911 549 4969 collaudate
571 4923 735 4964 eum.

264 4999 475 5057 Lectio
510 4997 661 5053 libri
686 4991 1007 5050 Hieremiae
1031 4985 1341 5056 Propheta?
1375 4982 1549 5053 (Cap.
1585 4980 1763 5043 XXIX),

269 5101 337 5152 ﬁ.
383 5088 513 5143 Deo
543 5083 791 5155 gratias.

268 5180 405 5233 Haec
432 5154 581 5232 dicit
609 5170 938 5228 Dominus:
973 5169 1118 5221 Ecce
1170 5176 1282 5232 ego
1313 5157 1573 5215 visitabo
1606 5170 1714 5210 vos
1750 5169 1762 5209 :
1817 5154 1874 5209 et

200 5265 516 5323 suscitabo
536 5276 724 5334 super
746 5274 857 5315 vos
877 5255 1129 5312 verbum
1149 5265 1355 5307 meum
1368 5241 1879 5309 bonum,utredu-

200 5370 345 5412 cam
360 5371 467 5411 vos
494 5330 802 5409 adlocum
830 5347 1029 5402 istum.
1062 5345 1181 5412 Ego
1210 5338 1371 5396 enim
1393 5334 1517 5391 scio
1566 5330 1878 5403 cogitatio-

202 5460 343 5507 nes,
372 5459 523 5515 quas
539 5439 749 5510 cogito
770 5448 1090 5507 supervos,
1120 5429 1203 5486 ait
1234 5419 1874 5492 Dominus,cogitatio-

206 5547 329 5592 nes
350 5510 538 5605 pacis,
570 5533 629 5586 et
662 5541 790 5584 non
816 5520 1171 5586 afﬂictionis,
1196 5521 1263 5575 ut
1287 5516 1427 5574 dem
1461 5511 1636 5570 vobis
1674 5510 1877 5581 tidem,

1985 1787 2066 1843 ad
2095 1788 2351 1843 Tertiam
2371 1787 2654 1843 dicantur
2683 1787 2807 1843 hac
2829 1786 3042 1855 omnia,
3066 1800 3192 1856 qua:
3212 1792 3562 1856 sequuntur.

2054 1875 2387 1945 Prophetia.
2415 1874 2541 1938 Fili,
2575 1872 2819 1930 Custodi
2853 1888 3152 1930 sermones
3180 1888 3350 1930 meos
3367 1873 3626 1946 Reqm‘re

1982 1963 2090 2033 fol.
2121 1967 2206 2018 95.

2059 2051 2392 2121 Antiphona
2422 2053 2471 2107 1.
2493 2050 2782 2108 Dominus
2803 2051 3087 2108 virtutum
3107 2050 3238 2122 ipse
3269 2054 3360 2107 est
3381 2065 3487 2106 rex
3516 2050 3643 2121 glo-

1988 2156 2108 2196 ΓΗΒ.

2062 2229 2288 2286 Oratio.
2323 2228 2574 2285 Domine
2594 2228 2757 2284 fertis
2790 2232 2847 2283 et
2874 2232 3108 2299 potens,
3180 2228 3429 2285 Domine
3467 2227 3648 2283 virtu-

1989 2322 2138 2387 tum,
2171 2318 2298 2390 ipse
2323 2333 2387 2373 es
2409 2332 2511 2372 rex
2537 2316 2774 2388 gloriae:
2808 2315 2886 2372 ab
2935 2316 3101 2372 omni
3128 2319 3375 2388 peccato
3403 2330 3505 2371 cor
3540 2330 3645 2371 no-

1992 2410 2181 2463 strum
2199 2406 2451 2475 munda,
2470 2410 2526 2463 et
2546 2421 2763 2463 manus
2783 2408 3020 2461 nostras
3036 2403 3315 2461 innoxias
3337 2418 3541 2469 serva;
3583 2406 3642 2459 et

1991 2495 2224 2552 animas
2248 2499 2483 2551 nostras
2512 2511 2550 2552 a
2566 2494 2822 2551 vanitate
2837 2492 3132 2550 dissocia:
3158 2498 3223 2549 ut
3259 2492 3322 2548 in
3353 2493 3484 2549 loco
3507 2507 3643 2548 san-

1991 2589 2085 2639 cto
2106 2588 2207 2639 tuo
2228 2586 2515 2652 stare,eta
2540 2587 2594 2638 te
2621 2582 2871 2638 Domino
2894 2583 3014 2637 Deo
3032 2585 3239 2637 nostro
3264 2579 3624 2646 benedictio,

1989 2685 2131 2725 nem
2166 2685 2503 2725 mereamur
2528 2668 2846 2740 percipere.
2890 2679 2955 2735 Br.
2986 2671 3195 2722 Amen.

2062 2759 2171 2813 Per
2216 2756 2690 2813 misericordiam
2722 2760 2911 2811 tuam.

2063 2845 2350 2903 Dominus
2387 2844 2462 2899 sit
2490 2858 2728 2915 semper
2758 2840 3088 2898 vobiscum.
3118 2851 3181 2909 Βτ.
3212 2842 3278 2895 Et
3334 2855 3497 2896 cum.

2072 2935 2237 3006 107
2258 2934 2611 3003 Antiphona
2641 2936 2694 2987 2.
2719 2930 2807 2986 Ad
2839 2935 2893 2988 te
2913 2929 3159 2986 Domine
3176 2928 3367 2986 levavi
3384 2928 3650 2984 animam

1894 3052 1951 3108 ηρ
1992 3040 2214 3086 meam,
2240 3025 2391 3079 Deus
2412 3038 2603 3078 meus.
2645 3022 2918 3077 Psalmus
2958 3035 3150 3075 xxxrv.

2068 3111 2388 3170 0ratz'o.Ad
2403 3116 2455 3166 te
2470 3110 2718 3166 Domine
2731 3108 2993 3165 formam
3010 3107 3228 3163 animm
3283 3105 3657 3177 nostrm,spei

1992 3199 2358 3260 adminiculo
2396 3200 2959 3270 erigentes,precam
2967 3212 3035 3252 ur
3051 3214 3064 3263 ;
3089 3196 3173 3252 sic
3186 3211 3321 3251 eam
3335 3193 3651 3249 desideriis

1993 3288 2408 3363 spiritualibus
2428 3286 2689 3352 imbuas,
2743 3290 2808 3341 ut
2832 3282 3146 3341 carnaliter
3189 3280 3529 3338 conversari
3555 3281 3658 3337 de-

1992 3380 2186 3437 sistat:
2220 3394 2297 3434 ne
2321 3375 2548 3433 inimici
2595 3373 2906 3431 derideant
2971 3368 3374 3442 promittendo
3414 3371 3649 3423 terrena

1992 3469 2099 3525 sed
2119 3466 2396 3540 specialis
2422 3464 2615 3534 gratia
2630 3461 2933 3535 pertrahat
2951 3458 3030 3515 ad
3046 3470 3328 3529 superna.
3344 3457 3424 3510 Tu
3449 3454 3653 3526 itaque

1993 3560 2073 3614 De
2081 3574 2149 3613 us
2161 3556 2315 3613 omni
2324 3560 2531 3627 potens
2548 3552 2608 3608 id
2621 3565 2829 3623 sapere
2846 3547 3197 3610 concede,ut
3211 3544 3329 3600 veri
3339 3543 3440 3599 tati
3455 3541 3648 3614 potius

1992 3660 2180 3718 quam
2197 3641 2507 3699 mandatio
2536 3638 2766 3696 ambiat
2784 3636 3103 3702 inhmrere;
3133 3632 3217 3688 sic
3240 3631 3424 3688 libeat
3451 3629 3652 3686 humi-

1994 3733 2138 3790 litati
2176 3731 2533 3793 insistere,ut
2544 3726 2720 3798 perid
2731 3729 2788 3782 et
2798 3723 3081 3781 morbum
3097 3719 3394 3794 superbia
3416 3722 3652 3788 caveat,

1996 3827 2051 3878 et
2064 3827 2302 3877 tuorum
2317 3815 2569 3890 praemia
2586 3815 2886 3872 bonorum
2899 3828 3037 3869 cum
3054 3810 3279 3868 Sanctis
3292 3806 3649 3880 participare

1996 3914 2247 3967 suescat.
2280 3919 2351 3979 3;.
2389 3911 2599 3962 Amen.

2066 4000 2171 4054 Per
2196 3994 2672 4053 misericordiam
2712 3996 2899 4048 tuam.

2065 4085 2407 4155 Antiphona
2439 4087 2490 4139 3.
2518 4081 2658 4138 Vide
2701 4078 3098 4136 humilitatem
3118 4089 3339 4141 meam,
3369 4071 3631 4135 Domine,

1996 4173 2131 4230 vide
2186 4172 2458 4228 laborem
2521 4184 2764 4226 meum:
2797 4172 2854 4223 et
2899 4163 3129 4221 dimitte
3187 4165 3432 4234 peccata
3481 4173 3638 4215 mea.

1993 4261 2272 4318 Psalmus
2298 4276 2455 4316 xxrv.

1916 4396 1962 4451 Β
2017 4440 2032 4451 .
2070 4349 2229 4421 η.Αά
2245 4336 3651 4451 adjuvandumnosfestinapomineiadliberau-

1997 4440 2145 4496 dum
2162 4439 2451 4495 nos.P.Ne
2472 4432 3049 4493 tardaveris.)7.Deus
3064 4431 3120 4485 in
3137 4429 3380 4484 nomine
3398 4431 3497 4482 tuo
3524 4423 3637 4479 sal-

1995 4544 2228 4586 vosnos
2259 4527 2389 4583 fac:
2414 4527 2541 4583 etin
2565 4525 2782 4580 virtute
2802 4521 3101 4578 tualibera
3129 4519 3426 4573 nos.P.Ne
3449 4511 3640 4570 tarda-

1996 4618 2165 4676 veris.
2187 4617 2250 4677 ir.
2281 4616 2496 4686 Gloria,
2524 4619 2581 4671 et
2602 4613 2812 4681 honor,
2843 4615 2953 4666 etc.
2980 4609 3337 4665 Iteiteretur.
3367 4616 3426 4671 1y.

2066 4706 2295 4764 Lauda.
2320 4688 3643 4771 Alleluia,alleluia,alleluia,alleluia,alleluia,

1994 4795 2252 4852 alleluia.
2277 4797 2429 4851 Laus
2458 4792 2584 4857 tibi,
2604 4790 2736 4847 laus
2752 4789 2882 4853 tibi,
2902 4787 3036 4843 laus
3055 4784 3179 4852 tibi,
3210 4782 3343 4839 laus
3355 4779 3482 4844 tibi,
3509 4778 3650 4835 Jesu

1993 4884 2244 4941 Christe.
2283 4882 2347 4943 tif.
2371 4879 2585 4947 Gloria,
2619 4883 2675 4935 et
2724 4877 2917 4934 honor
2976 4872 3157 4940 Patri,
3196 4875 3252 4927 et
3292 4868 3434 4926 Filio
3507 4884 3646 4925 cum

1992 4975 2208 5030 Sancto
2228 4970 2478 5043 Spiritus
2493 4984 2599 5041 per
2615 4970 2829 5024 cuncta
2851 4958 3640 5023 sarcula.Amen.P.Alleluia,

1989 5061 2245 5118 alleluia.

2058 5152 2288 5207 Preces.
2324 5150 2450 5203 Non
2480 5150 2566 5202 est
2596 5144 2765 5202 alius.
2820 5144 2884 5198 P.
2912 5141 3032 5199 Nisi
3054 5145 3117 5199 tu
3161 5141 3338 5197 Deus.
3388 5137 3448 5197 Ψ.
3503 5136 3640 5197 Quae

1988 5238 2145 5296 orari
2214 5236 2424 5308 poscit.
2479 5237 2537 5289 P.
2601 5233 2721 5290 Nisi
2781 5236 2844 5289 tu
2888 5232 3061 5289 Deus.
3110 5230 3170 5291 ir.
3223 5228 3334 5294 Qui
3385 5217 3635 5308 misereri

1988 5326 2195 5400 poscit.
2215 5303 2280 5379 Ϊ).
2327 5322 2469 5380 Nisi.
2491 5322 2553 5383 V.
2586 5323 2692 5395 qui
2745 5323 3027 5379 contritos
3068 5320 3254 5374 sanet.
3282 5316 3339 5376 P,
3575 5303 3636 5364 ἣν.

1989 5392 2097 5482 Qui
2126 5412 2394 5470 inﬁrmos
2422 5392 2633 5469 visitet.
2666 5414 2729 5470 P.
2756 5411 2890 5467 Nisi.
2924 5406 3103 5472 inQui
3126 5400 3391 5471 captivos
3413 5392 3635 5449 liberet.

1992 5506 2051 5560 P.
2080 5502 2221 5560 Nisi.
2248 5501 2601 5560 Reiteretur.
2634 5503 2761 5562 Non
2783 5502 2873 5557 est
2897 5495 3063 5555 alius.
