4102 6176
418 240 526 313 811

500 364 813 435 Capitula.
841 361 931 419 Ad
954 364 1011 418 te
1040 357 1287 416 Domine
1308 356 1574 414 levantes
1591 353 1825 412 animas
1840 353 2075 409 nostras
2106 349 2151 405 A

427 468 767 529 precamur,
797 455 979 508 uteas
1002 446 1289 520 spirituali
1307 445 1588 503 sustollas
1607 442 1920 505 desiderio,
1939 455 2078 513 quae

429 541 659 605 carnali
672 540 888 612 stepius
898 538 1320 606 demerguntur
1333 538 1475 591 voto
1485 533 1667 601 ,dona
1677 529 2078 596 humilitatem,

433 647 622 705 quam
644 630 773 703 ipse
782 628 1009 693 videas,
1044 629 1101 683 et
1111 624 1330 698 perﬁce
1348 618 2083 685 fructuosumlaborem,ut

431 722 678 794 peccata
705 717 1005 774 dimittas:
1029 712 1375 785 simplicitas
1398 715 1455 767 et
1482 709 1734 782 aequitas
1762 706 1980 765 nostris
1992 706 2083 761 in-

432 809 697 866 haereant
721 804 957 873 animis;
988 802 1165 859 dolus
1179 799 1538 871 etinjustitia
1554 797 1763 872 procul
1782 795 2081 859 recedant,

434 895 497 954 in
521 894 718 951 nobis.

504 988 677 1041 Pater
706 986 933 1039 noster.
972 983 1015 1037 A
1036 983 1202 1036 malo
1232 993 1345 1034 nos
1372 976 1691 1045 liberafol.
1718 977 1802 1030 lO.

507 1072 605 1130 Ad
624 1067 1085 1136 Sextam,omnia
1111 1067 1412 1135 dicantur,
1422 1069 1487 1119 ut
1515 1064 1579 1119 in
1601 1064 1808 1125 Sexta,
1830 1073 1965 1131 qua:
2001 1058 2089 1114 di-

444 1161 600 1217 citur
620 1173 724 1231 per
754 1163 942 1215 totum
972 1154 1321 1214 annum.Ad
1334 1154 1569 1210 Nonam
1589 1156 1657 1207 ut
1667 1163 1873 1220 supra.

802 1246 1111 1303 SABBATO
1135 1243 1422 1302 SANCTE
1440 1244 1697 1300 ΜΑΒΙΕ.

509 1337 829 1395 Sciendum
858 1340 955 1401 est,
984 1334 1139 1406 quod
1158 1332 1430 1388 omnibus
1451 1330 1723 1388 Sabbatis
1747 1342 1860 1397 per
1910 1330 2090 1383 totum

442 1440 669 1484 annum
690 1428 928 1495 (praeter
948 1424 1001 1479 si
1020 1438 1140 1479 non
1169 1422 1497 1479 occurrerit
1526 1421 1747 1489 festum
1776 1431 1981 1473 novem
2010 1417 2091 1471 le-

443 1515 724 1585 ctionum)
752 1527 975 1583 semper
1006 1512 1265 1580 facimus
1300 1510 1566 1579 ofﬁcium
1604 1510 1679 1563 Β.
1708 1507 1794 1565 Μ.
1832 1507 1897 1561 V.
1927 1505 2093 1561 modo

445 1603 711 1679 sequenti
741 1620 754 1658 :
791 1600 1212 1670 Incipiendum
1237 1605 1346 1656 est.

1042 1689 1140 1744 Ad
1165 1700 1180 1759 ξ
1202 1690 1496 1757 Vesperos.

518 1781 739 1839 Lauda.
770 1779 945 1849 Virgo
974 1778 1172 1841 Israel,
1202 1792 1414 1833 ornare
1441 1774 1744 1848 tympanis
1772 1773 1915 1830 tuis.
1944 1774 2006 1830 P.
2028 1774 2097 1828 Et

444 1871 727 1945 egredere
752 1869 813 1925 in
845 1869 1027 1924 choro
1045 1866 1449 1940 psallentium.
1480 1864 1542 1925 ἲν.
1569 1866 1747 1920 Beata
1768 1877 1833 1918 es
1865 1860 2092 1933 regina,

445 1977 582 2035 quas
601 1957 873 2032 propicis;
892 1957 1068 2029 quasi
1092 1956 1319 2013 lumen.
1336 1955 1399 2009 P.
1422 1952 1780 2023 Etegredere
1797 1951 1858 2007 in
1886 1951 2093 2008 choro.

516 2046 931 2117 0ratio.Virgo
970 2045 1166 2115 Israel,
1208 2060 1343 2117 qua:
1396 2043 1600 2116 utique
1626 2045 1814 2098 mater
1834 2039 2095 2096 Videntis

448 2136 791 2209 intelligeris
812 2156 824 2195 :
841 2135 1071 2192 adorna
1090 2138 1376 2206 tympana
1388 2131 1579 2200 tua,id
1599 2128 1985 2195 est,membra
1996 2131 2096 2184 Ec-

452 2226 643 2284 clesiaa
676 2230 791 2281 tua)
813 2241 827 2292 ;
851 2228 915 2280 ut
954 2228 1009 2281 te
1032 2223 1368 2278 habeamus
1406 2225 1723 2293 patronam
1739 2218 1801 2275 in
1854 2217 2091 2288 saeculo,

448 2332 636 2390 quam
670 2315 911 2371 beatam
953 2314 1223 2385 reginam
1302 2310 1602 2367 credimus
1655 2322 2006 2381 permanere
2036 2308 2097 2363 in

448 2406 679 2463 futuro:
698 2402 1199 2476 utprospicientes
1215 2404 1268 2457 te
1282 2400 1487 2456 lumen
1504 2397 1865 2454 credulitatis
1881 2400 2098 2452 nostras

455 2494 582 2550 sine
602 2492 788 2549 dubio
817 2506 970 2556 esse,
998 2494 1054 2546 te
1094 2488 1526 2561 interpellante,
1551 2486 1815 2542 favorem
1845 2484 2100 2541 beatitu-

458 2582 617 2638 dinis
642 2594 983 2638 mereamur
1008 2577 1373 2634 ﬁrmissimas
1390 2575 1681 2633 obtinere.
1720 2586 1784 2645 ni.
1818 2576 2026 2629 Amen.

522 2674 627 2726 Per
648 2668 1137 2725 misericordiam.

521 2759 696 2814 Sana.
717 2757 997 2813 Dominus
1012 2759 1166 2811 Deus
1186 2754 1320 2811 cmli
1349 2752 1665 2810 benedicat
1689 2751 2103 2818 tibi,honorem

449 2847 620 2917 regni
649 2846 819 2902 dabit
847 2846 904 2901 in
934 2859 1119 2901 manu
1138 2847 1259 2900 tua.
1293 2844 1351 2897 P.
1372 2845 1438 2900 Et
1466 2842 1809 2899 adorabunt
1832 2856 2036 2898 coram
2052 2844 2105 2899 te

451 2935 557 2991 ﬁlii
585 2935 909 2991 multarum
934 2934 1227 2989 Gentium.
1269 2931 1536 2987 Alleluia.
1561 2930 2106 3003 V.Audi,ﬁlia,quia

454 3023 714 3079 exaltata
743 3038 825 3091 es,
849 3027 904 3077 et
930 3021 1109 3077 facies
1135 3021 1321 3091 fulget
1346 3022 1406 3075 in
1436 3021 1663 3092 templo
1698 3021 1799 3077 Dei
1830 3038 1843 3076 :
1877 3021 1965 3077 sol
1981 3022 2107 3092 jus-
2143 3048 2184 3106 α

456 3110 595 3165 titius
625 3110 687 3164 in
715 3109 988 3179 ingressu
1018 3114 1121 3164 tuo
1154 3110 1396 3164 orietur.
1429 3108 1494 3165 P.
1515 3108 1782 3164 Alleluia.

527 3197 816 3253 Dominus
848 3196 923 3253 sit
951 3210 1189 3269 semper
1235 3194 1657 3267 vobiscumJy.
1710 3198 1961 3255 Etcum.

528 3285 883 3357 Antiphona.
926 3285 1244 3341 Benedicta
1298 3287 1364 3339 tu
1412 3299 1448 3341 a
1476 3285 1596 3340 Deo
1641 3284 2105 3358 Altissimo,pra3

456 3374 739 3432 omnibus
764 3374 1138 3431 mulieribus.
1160 3375 1217 3427 P.
1253 3375 1494 3445 Propter
1522 3374 1635 3429 hoc
1692 3389 1815 3430 non
1845 3374 2110 3432 discedet

455 3465 589 3522 laus
601 3468 697 3521 tua
723 3464 800 3520 ab
820 3479 922 3520 ore
949 3463 1267 3521 hominum
1297 3479 1487 3537 usque
1510 3464 1571 3519 in
1591 3464 2112 3525 saaculum.ir.Bea-

455 3558 578 3609 tam
613 3568 710 3607 me
734 3552 931 3609 dicent
949 3566 1159 3609 omnes
1181 3552 1615 3622 generationes.
1647 3553 1798 3618 Quia
1822 3552 2106 3609 ancillam

456 3639 747 3696 humilem
773 3641 1031 3713 respexit
1077 3656 1163 3697 me
1200 3642 1374 3696 Deus.
1436 3640 1500 3694 P.
1587 3641 1835 3713 Propter
1878 3640 2014 3697 hoc.
2069 3641 2114 3702 ἲν

461 3731 676 3802 Gloria,
700 3735 757 3788 et
792 3732 1005 3802 honor,
1031 3736 1141 3789 etc.
1172 3736 1233 3791 P.
1250 3735 1513 3805 Propter.

533 3821 822 3878 Dominus
850 3822 923 3877 sit
952 3837 1208 3895 semper.
1232 3832 1294 3891 Η.
1331 3824 1395 3877 Et
1419 3836 1578 3877 cum.

1692 221 2148 283 BREVIARIUM
2187 223 2585 285 GOTHICUM.

3728 229 3845 289 212

2438 352 2551 419 Qui
2580 351 2663 408 sic
2684 347 2948 422 suscepit
2972 346 3300 418 Virginem,

2362 441 2487 497 Poli
2513 446 2799 513 terraeque
2832 437 3123 509 Reginam
3142 454 3161 507 ;

2362 533 2429 587 Et
2450 530 2817 602 Angelorum
2843 531 3190 600 compotem

2368 620 2521 677 Fecit
2548 621 2608 677 in
2637 635 2837 676 arcem
2858 617 3202 673 sublimem.

2441 709 2565 765 Illic
2588 710 2765 779 Virgo
2786 706 3189 771 sanctissima,

2370 802 2581 855 Nostra
2616 799 2781 855 defer
2807 796 3182 870 precamina.

2379 890 2552 961 108
2570 892 2697 956 Quo
2728 892 2791 945 tu
2812 886 3059 944 tranasti
3098 883 3309 954 gloria,

2374 976 2969 1034 Commemorationis
2995 972 3243 1045 inclyta.

2447 1066 2560 1121 Per
2577 1068 2749 1121 tuum
2782 1062 3187 1135 Unigenitum,

2376 1156 2563 1219 Quem
2585 1154 2840 1223 genuisti
2866 1152 3208 1217 Dominum,

2377 1242 2514 1299 Caeli
2540 1246 2819 1315 petamus
2853 1240 3155 1312 gremium

2379 1332 2490 1389 Diu
2518 1349 2627 1405 per
2650 1348 2831 1389 omne
2856 1331 3163 1388 saeculum.
3188 1332 3400 1387 Amen.

2270 1421 2659 1491 Supplicatio.
2682 1424 2931 1479 Oremus
2959 1420 3422 1492 Redemptorem
3434 1422 3642 1479 mundi
3658 1424 3869 1479 Domi-

2201 1525 2334 1566 num
2346 1515 2636 1568 nostrumJ
2642 1528 2807 1567 esum
2819 1511 3261 1573 Christum,cum
3274 1510 3427 1565 omni
3441 1511 3868 1582 supplicatione

2200 1616 2481 1672 rogemus
2498 1618 2511 1667 ;
2527 1605 2592 1658 ut
2609 1617 2718 1657 nos
2736 1601 2926 1672 gratia
2942 1600 3213 1672 ipsius,et
3228 1614 3335 1671 per
3359 1599 3861 1657 intercessionem

2129 1695 2175 1752 Β
2205 1691 2434 1747 Sancta:
2455 1691 2648 1746 Marias
2666 1690 2917 1761 Virginis
2939 1688 3237 1759 genitricis
3260 1703 3385 1744 suae
3403 1688 3579 1745 nobis
3602 1689 3866 1747 salutem

2202 1779 2439 1847 animm,
2468 1784 2525 1836 et
2544 1780 2805 1851 corporis
2825 1777 3114 1851 propitius
3162 1777 3421 1833 tribuere
3455 1778 3758 1849 dignetur.
3794 1791 3863 1847 Ην.

2201 1868 2419 1924 Praesta
2450 1872 2667 1924 aeterne
2695 1870 3077 1940 omnipotens
3100 1867 3275 1922 Deus.

2273 1956 2473 2029 Kyrie,
2502 1956 2749 2013 eleison.
2772 1968 2837 2027 Bt.
2867 1954 3363 2021 Christe,eleison.
3395 1956 3589 2028 Kyrie,
3611 1957 3861 2015 eleison.

2276 2046 2567 2115 Capitula.
2584 2045 2758 2116 Virgo
2785 2044 2995 2101 Christi
3008 2044 3341 2114 genitrix,et
3360 2044 3609 2101 humani
3625 2049 3865 2117 generis

2202 2134 2551 2207 reparatrix,
2579 2134 3033 2207 implorantium
3062 2148 3270 2206 preces
3299 2133 3548 2189 auribus
3580 2135 3733 2192 otler
3770 2136 3862 2192 di-

2202 2223 2360 2279 vinis
2392 2241 2405 2279 :
2433 2227 2497 2279 ut
2526 2227 2627 2279 tuo
2649 2224 3025 2294 gaudeamus
3047 2237 3285 2278 munere
3311 2222 3496 2293 digni,
3531 2224 3867 2283 intercessu

2204 2314 2307 2368 tuo
2320 2311 2738 2383 peccaminum
2757 2312 2921 2384 apud
2937 2313 3125 2367 Deum
3141 2310 3409 2367 obtinere
3422 2312 3868 2380 remissionem,

2207 2404 2381 2471 cujus
2407 2416 2585 2457 sexus
2605 2401 2838 2475 absque
2869 2400 3118 2473 pudoris
3161 2400 3543 2472 corruptione
3573 2404 3853 2461 omnium

2209 2490 2416 2560 genuit
2438 2489 2834 2547 Salvatorem.

2280 2578 2451 2633 Pater
2472 2583 2695 2635 noster.
2728 2578 2980 2635 Liberati
3013 2594 3050 2634 a
3078 2578 3259 2635 malo.
3283 2579 3610 2649 Quaerefol.
3642 2584 3694 2636 2.

2281 2667 2642 2723 Benedictio.
2680 2668 2969 2724 Dominus
2995 2669 3166 2724 Jesus
3195 2667 3475 2733 Christus,
3508 2670 3611 2742 qui
3628 2669 3773 2727 olim
3796 2686 3873 2727 ex

2210 2754 2445 2827 Virgine
2469 2756 2752 2826 dignatus
2770 2760 2858 2813 est
2876 2757 3195 2827 nasci,suae
3225 2772 3337 2813 nos
3363 2758 3671 2815 Genitricis
3691 2759 3875 2816 inter-

2212 2845 2478 2901 cessione
2496 2846 2717 2902 sanctiﬁ
2727 2845 3360 2918 cet.u.Amen.Quique
3375 2850 3628 2903 matrem
3649 2863 3862 2905 serva-

2213 2933 2298 2988 vit
2328 2949 2364 2989 a
2389 2934 2745 3006 corruptelae
2767 2934 3267 3005 contagio.sinum
3296 2935 3481 2991 nostri
3501 2936 3695 2991 cordis
3708 2952 3882 2994 ema-

2212 3020 2366 3077 culet
2403 3022 2686 3079 adelicto.
2722 3034 2784 3093 ἣν.
2818 3024 3025 3078 Amen.
3051 3025 3117 3078 Et
3138 3023 3240 3095 qui
3267 3022 3872 3094 eamfecitVirginem

2211 3123 2455 3164 manere
2468 3114 2603 3181 post
2624 3110 3109 3182 partum,ccelum
3123 3110 3299 3167 nobis
3318 3111 3539 3168 tribuat
3558 3112 3872 3184 possidere

2214 3201 2351 3269 post
2371 3198 2708 3254 transitum.
2742 3212 2808 3261 ἣν.
2840 3201 3047 3256 Amen.

2284 3286 2393 3341 Per
2429 3286 2903 3345 misericordiam
2929 3289 3117 3361 ipsius
3139 3288 3239 3344 Dei
3268 3289 3476 3360 nostri,
3509 3293 3620 3345 etc.

2286 3376 2691 3433 Lauda.Rami
2706 3378 3002 3443 mei,rami
3015 3378 3343 3445 honoris,et
3354 3378 3559 3447 gratiae
3574 3423 3587 3436 .
3599 3378 3877 3445 Alleluia,

2218 3466 2279 3519 P.
2317 3466 2437 3533 Ego
2457 3466 2630 3537 quasi
2656 3466 2792 3522 vitis
2810 3466 3531 3523 fructiﬁcavisuavitatem
3552 3468 3884 3524 odoris.Al-

2220 3551 2417 3619 leluia,
2460 3552 2717 3621 alleluia,
2748 3554 3003 3611 alleluia.
3028 3555 3089 3615 V.
3134 3557 3254 3625 Ego
3286 3560 3507 3623 autem,
3551 3556 3885 3615 sicutoliva

2220 3640 2520 3697 fructifera
2549 3642 2609 3697 in
2631 3642 2814 3699 domo
2837 3643 3093 3712 Domini,
3132 3644 3419 3715 sperabo;
3452 3649 3510 3700 et
3560 3645 3621 3700 in
3650 3646 3886 3702 miseri-

2221 3729 2427 3785 cordia
2448 3730 2548 3786 Dei
2574 3733 2692 3787 mei
2721 3733 2783 3788 in
2809 3738 3119 3797 aeternum,
3138 3734 3149 3803 ξ
3166 3738 3222 3789 et
3250 3733 3311 3789 in
3338 3734 3626 3790 saeculum
3650 3735 3881 3791 saeculi.

2221 3816 2284 3871 P.
2304 3820 2425 3889 Ego
2446 3821 2623 3891 quasi
2652 3822 2804 3878 vitis.
2858 3822 2920 3882 in
2956 3821 3169 3891 Gloria,
3220 3826 3277 3877 et
3306 3822 3500 3879 honor
3554 3822 3726 3888 Patri,
3766 3828 3882 3880 etc.

532 3911 763 3967 Lauda.
807 3910 1075 3969 Alleluia.
1130 3910 1353 3975 Gaude,
1379 3909 1501 3967 ﬁlia
1546 3909 1727 3967 Sion:
1774 3909 1994 3978 laetare,
2058 3915 2115 3968 et
2220 3906 2291 3961 Ρ.
2317 3909 2624 3980 Egoquasi
2655 3912 2806 3967 vitis.

462 3999 654 4056 exulta
679 4001 914 4057 inomni
936 4002 1135 4069 corde,
1156 4001 1279 4057 ﬁlia
1308 4001 1697 4059 Hierusalem.
1735 4002 1793 4056 P.
1818 4001 2112 4067 Quoniam

463 4088 708 4145 abstulit
732 4089 1008 4146 inimicos
1040 4093 1174 4146 tuos
1198 4088 1489 4145 rexlsrael
1512 4089 1819 4145 Dominus.
1843 4089 2112 4159 Alleluia,

464 4176 531 4236 ν.
557 4176 761 4233 Lauda
779 4177 1149 4234 Hierusalem
1176 4176 1529 4233 Dominum:
1554 4180 1612 4233 et
1636 4177 1913 4234 collauda
1926 4180 2115 4236 Deum

464 4271 635 4323 tuum
655 4268 1181 4334 Sion.P.Quoniam
1196 4267 1459 4325 abstulit.
1477 4267 1537 4328 llr.
1566 4267 1779 4334 Gloria,
1815 4271 1871 4326 et
1900 4269 2114 4327 honor,

466 4359 578 4413 etc.
609 4356 667 4411 P.
695 4358 1011 4423 Quoniam.

1164 4444 1455 4516 Hymnus.

714 4536 757 4590 Ο
789 4534 972 4591 decus
1001 4548 1240 4590 sacrum
1270 4533 1593 4605 Virginum,

643 4626 831 4690 Quem
861 4624 1036 4695 Virgo
1060 4623 1224 4679 vehit
1254 4622 1528 4688 Unicum,

643 4716 713 4769 Et
732 4712 990 4783 virgines
1013 4712 1341 4769 Almiﬁcum

642 4804 985 4876 Sequuntur
1008 4806 1228 4859 sanctas
1256 4802 1545 4859 Dominae.

717 4891 829 4956 Qui
852 4892 1191 4962 plaustrum
1217 4890 1617 4949 domicilium.

645 4979 855 5034 Faxisti
874 4980 1002 5051 jam
1034 4979 1389 5051 virgineum,

643 5066 773 5132 Quo
800 5082 938 5123 cum
973 5070 1198 5136 cuneis,
1227 5070 1529 5141 virginum

642 5154 795 5211 Cluit
822 5160 1004 5229 caput
1025 5159 1425 5230 praecipuum.

711 5248 832 5302 Hoc
861 5246 1153 5319 templum
1165 5247 1293 5317 jam
1333 5245 1694 5317 terrigenum

640 5333 870 5388 Numen
893 5330 1056 5385 cudit
1113 5328 1474 5385 caelicolum.

639 5426 685 5475 A
716 5435 840 5491 qua
862 5417 1245 5487 redemptum
1274 5416 1562 5473 saaculum

639 5508 824 5574 Extat,
857 5508 913 5562 et
941 5504 1137 5561 omnis
1160 5506 1433 5561 tartarus.

2296 3995 2516 4052 Oratio.
2537 3998 2676 4056 Mira
2704 4000 2868 4066 satis,
2900 4000 3170 4063 Domine,
3205 3999 3377 4055 radix
3433 4000 3705 4057 Ecclesire
3738 4005 3881 4069 tuae,

2223 4098 2357 4157 quae
2377 4087 2627 4157 proﬁcit,
2656 4091 2712 4145 et
2736 4090 2942 4144 crescit
2960 4105 3151 4161 usque
3190 4089 3269 4145 ad
3317 4087 3645 4161 perfectum
3692 4090 3878 4155 diem,

2224 4174 2396 4243 cujus
2407 4177 2560 4231 rami
2573 4179 3050 4250 Martyres,cujus
3069 4177 3515 4250 prmpendicula
3534 4177 3729 4235 effecti
3743 4184 3885 4235 sunt

2226 4262 2623 4331 Confessores,
2661 4266 2811 4321 inter
2840 4283 2993 4339 quos
3006 4268 3349 4323 Beatissima
3379 4266 3552 4337 Virgo
3578 4268 3759 4323 Maria
3781 4269 3889 4323 Ge-

2224 4352 2400 4409 nitrix
2422 4354 2725 4427 tua,quasi
2742 4356 2878 4411 vitis
2906 4371 3050 4412 vera
3070 4355 3611 4420 fructiﬁcans,dum
3628 4356 3885 4413 odorem

2226 4441 2434 4513 gratiae
2457 4441 2737 4498 ﬁdelibus
2755 4444 3035 4515 propinat
3063 4444 3127 4500 in
3156 4443 3625 4511 saeculo,teterno
3645 4460 3887 4517 prome-

2224 4533 2385 4587 retur
2405 4532 2703 4588 consolari
2748 4532 2823 4589 de
2860 4533 3143 4605 praemio:
3196 4548 3547 4605 quaesumus
3604 4548 3771 4604 ergo,
3817 4538 3886 4589 ut

2228 4614 2529 4687 suffragiis
2554 4621 2685 4692 ejus
2727 4621 2911 4678 odore
2948 4622 3233 4679 virtutum
3286 4622 3503 4677 odores
3555 4621 3886 4679 criminum

2225 4703 2550 4779 fugiamus,
2595 4722 2656 4779 ἢν.
2690 4710 2901 4767 Amen.

2304 4798 2415 4852 Per
2437 4798 3115 4872 misericordiamftuam
3146 4802 3300 4856 Deus
3333 4801 3551 4856 noster.

2295 4894 2361 4947 In
2390 4889 2636 4947 nomine
2664 4888 2924 4946 Domini.

2818 4980 2912 5035 Ad
2936 4978 3323 5035 Matutinum.

2292 5069 2653 5139 Antiphone.
2678 5069 2860 5128 Labia
2880 5084 3037 5136 mea,
3064 5067 3334 5134 Domine,
3367 5065 3608 5137 'aperies
3644 5083 3658 5122 :
3686 5070 3746 5122 et
3815 5082 3887 5123 os

2223 5171 2427 5214 meum
2458 5158 3094 5216 annuntiabitlaudem
3126 5161 3312 5221 tuam,
3343 5156 3619 5211 Psatmus
3681 5171 3735 5211 ι.

2295 5246 2515 5302 Oratio.
2542 5247 2817 5303 Exultent
2840 5248 2901 5303 in
2917 5251 2994 5309 te,
3013 5245 3281 5311 Domine,
3307 5244 3470 5300 labia
3497 5247 3709 5300 nostra
3729 5258 3888 5317 prae-

2224 5333 2399 5390 conio
2421 5336 2681 5390 veritatis
2698 5336 2774 5390 ad
2788 5333 3252 5391 collaudandam
3278 5348 3487 5389 veram
3504 5348 3885 5389 commemo-

2222 5421 2513 5477 rationem
2536 5422 2772 5479 illibatae
2789 5424 2981 5479 Mariae
3007 5422 3308 5492 genitricis
3333 5440 3345 5477 :
3370 5426 3427 5477 et
3445 5437 3582 5493 quae
3608 5420 3883 5492 delterris

2222 5510 2617 5583 potentialiter
2642 5512 2855 5569 meruit
2884 5510 3157 5589 supernis
3188 5510 3432 5567 sedibus
3477 5509 3764 5566 divinitus
3794 5513 3884 5568 at-
