4102 6176
199 239 307 300 213

1225 235 1552 295 SABBATO
1592 237 1777 300 POST
1811 241 2155 308 OGTAVAM
2192 246 2615 311 EPIPHANUE.

3522 276 3628 338 2H

199 362 350 430 tolli,
381 375 732 419 mereamur
759 451 768 462 _
797 363 878 469 ob
907 361 1039 433 ejus
1066 361 1330 469 favore’m
1362 365 1440 420 ab
1480 367 1754 424 omnibus
1769 370 1865 426 hic
1897 371 1943 428 A
1974 375 2243 432 omnium
2275 379 2634 437 saeculorum
2667 395 2680 450 ;
2714 383 2778 440 ut
2808 396 2914 456 per
2940 387 2994 444 te
3049 389 3319 454 fruamur
3357 399 3625 469 paradisi

201 455 463 525 peccatis
493 453 640 519 erui,
669 457 724 509 et
755 451 874 508 illic
893 453 1209 510 beatorum
1252 453 1615 525 fulgentibus
1670 459 1864 516 choris

206 542 675 598 misericorditer
705 541 930 598 induci.
966 553 1032 611 Η.
1060 542 1268 599 Amen.

275 630 386 686 Per
418 630 895 687 misericordiam
927 635 1094 686 tuam
1126 633 1279 688 Deus
1300 637 1525 694 noster.

274 719 622 789 Antiphona
648 725 694 774 ί.
730 721 855 776 Ave
886 719 1091 786 Maria,
1124 722 1318 790 gratia
1342 723 1520 794 plena
1541 745 1552 783 :
1573 725 1862 784 Dominus

207 815 427 865 tecum.
458 809 520 863 P.
570 810 754 867 Beata
784 813 846 866 tu
876 811 1027 868 inter
1066 811 1369 883 mulieres,
1416 817 1472 871 et
1508 815 1858 873 benedictus

206 897 438 954 fructus
455 898 676 953 ventris
732 898 834 955 tui.
868 910 930 969 ﬁ.
963 901 1186 958 Diﬂ‘usa
1249 906 1337 958 est
1365 903 1555 972 gratia
1588 904 1649 960 in
1686 905 1860 962 labiis

207 988 326 1042 tuis
354 1005 366 1042 :
391 990 706 1060 propterea
729 987 1032 1046 benedixit
1075 993 1128 1046 te
1152 993 1306 1048 Deus
1356 993 1416 1049 in
1446 997 1754 1050 aeternum.
1779 998 1848 1052 P.

206 1077 385 1133 Beata
412 1081 472 1132 tu
499 1076 652 1132 inter
673 1077 974 1134 mulieres.
1008 1080 1070 1140 V.
1097 1079 1311 1148 Gloria,
1342 1085 1398 1137 et
1417 1082 1612 1139 honor
1676 1085 1854 1152 Patri,

203 1179 318 1229 etc.
343 1175 413 1229 P.
455 1177 634 1232 Beata
660 1179 722 1231 tu
751 1175 903 1231 inter
928 1175 1224 1232 mulieres.

278 1264 510 1318 Oratio.
535 1263 792 1320 Gratiam
810 1264 1052 1336 plenam
1088 1266 1312 1323 habere
1357 1269 1410 1323 te
1472 1270 1789 1338 credimus,
1819 1289 1854 1329 o

200 1352 397 1422 Virgo
411 1353 618 1408 Christi
638 1354 969 1423 genitrix,et
988 1355 1238 1411 humani
1256 1357 1490 1426 generis
1527 1361 1856 1430 reparatrix

198 1440 469 1509 gloriosa
484 1443 662 1498 Maria
687 1462 698 1510 ;
727 1459 864 1514 quae
887 1447 1050 1500 tanta
1076 1445 1252 1501 nobis
1289 1447 1512 1514 gaudia
1563 1449 1853 1518 pariendo

193 1529 520 1598 contulisti,
551 1530 856 1587 utfructus
886 1533 1105 1590 ventris
1121 1534 1223 1598 tui,
1253 1535 1356 1605 qui
1383 1540 1469 1590 est
1501 1537 1762 1592 Christus
1788 1538 1853 1592 ﬁ-

195 1617 312 1673 lius
337 1619 439 1673 Dei
469 1635 506 1675 a
563 1619 831 1676 dominio
859 1620 920 1675 in
951 1636 1062 1676 nos
1120 1623 1416 1679 saevientis
1460 1624 1712 1696 eriperet
1741 1627 1852 1681 ini-

1973 463 2156 560 ﬂorea
2186 467 2509 539 voluptate.
2561 486 2695 542 quae
2725 472 2950 544 integra
3012 463 3394 551 permansisti
3449 489 3620 560 Virgo

1975 553 2210 611 Deifica.
2244 567 2310 616 Ra.
2343 561 2550 615 Amen.

2046 643 2151 698 Per
2181 645 2639 706 misericordiam
2671 653 2857 711 tuam.

2040 743 2102 800 ni.
2120 733 2338 791 Placuit
2369 737 2486 792 Deo
2502 740 2760 806 castitas,
2785 746 2842 798 et
2859 743 3254 808 Immaculata
3268 752 3578 824 virginitas
3592 797 3607 814 .

1971 821 2046 876 P.
2089 824 2330 894 Propter
2365 825 2478 880 hoc
2505 827 2565 881 in
2592 832 2759 884 utero
2789 831 2916 901 ejus
2949 833 3221 905 ingressa
3266 821 3614 903 est'sancta

1966 908 2152 979 pietas
2182 911 2256 966 de
2277 912 2457 968 verbo
2477 933 2488 982 ;
2511 919 2566 970 et
2586 922 2823 988 partum
2854 925 3613 992 ostenditadmirabilezGe-

1966 998 2164 1054 nuisse
2190 1000 2483 1069 virginem
2515 1006 2701 1062 Deum
2731 1013 2788 1064 et
2815 1010 3148 1070 hominem.
3178 1017 3239 1074 ἲν.
3291 1023 3619 1080 Annuntia-

1964 1093 2177 1181 verunt
2197 1090 2329 1144 cceli
2342 1091 2632 1160 justitiam
2661 1097 2844 1152 Deizet
2867 1100 3145 1158 viderunt
3174 1119 3384 1161 omnes
3410 1112 3618 1181 populi

1964 1173 2216 1242 gloriam
2248 1178 2396 1247 ejus.
2448 1180 2513 1232 P.
2548 1182 2792 1254 Propter
2820 1185 2953 1241 hoc.
3072 1189 3286 1258 Gloria,
3339 1199 3395 1251 et
3412 1173 3616 1253 lio-nor

1964 1263 2137 1329 Patri,
2173 1269 2280 1320 etc.
2324 1269 2644 1325 Reiteretur
2671 1284 2732 1338 Bg.
2769 1274 2995 1333 Placuit
3023 1276 3168 1336 Deo.

2035 1353 2256 1409 Oratio.
2290 1357 2332 1410 Ο
2367 1359 2771 1418 sacratissima
2803 1365 2976 1419 Verbi
3027 1368 3262 1433 ancilla,
3299 1374 3353 1426 et
3399 1376 3611 1442 mater,

1961 1457 2146 1513 quam
2177 1446 2430 1501 ostendit
2482 1451 2784 1517 generatio
2837 1454 3155 1523 Virginem,
3212 1462 3270 1514 et
3303 1459 3616 1531 virginitas

1963 1532 2675 1602 comprobatGenitricem
2697 1558 2713 1609 5
2735 1542 2942 1612 patulo
2963 1545 3197 1615 pietatis
3216 1547 3350 1604 sinu
3371 1565 3618 1607 concur-

1961 1624 2188 1676 rentem
2211 1623 2289 1677 ad
2315 1627 2368 1678 te
2400 1627 2686 1697 p0pulum
2719 1631 2959 1703 suscipe
2985 1649 2997 1699 ;
3023 1637 3085 1689 tu
3102 1636 3361 1706 profusis
3375 1639 3614 1709 pietatis

193 1705 356 1768 mlci,
387 1711 443 1760 et
468 1707 528 1762 in
560 1722 747 1777 regno
774 1714 991 1765 aeterno
1022 1715 1330 1767 consortes
1362 1711 1577 1769 faceret
1608 1714 1854 1772 sibime-
1883 1724 1925 1780 Β
1961 1710 2077 1762 ωδε
2099 1709 2426 1768 Visceribus
2448 1716 2678 1784 PaSCitO
2705 1732 2968 1788 gregem.
2997 1705 3180 1792 quem
3210 1741 3320 1780 SUO
3341 1705 3520 1781 Filius
3542 1743 3615 1783 ex

195 1793 368 1863 tipsi:
405 1794 657 1866 proinde
686 1801 740 1851 te
794 1813 1166 1869 quaesumus,
1225 1804 1398 1872 teque
1443 1809 1856 1872 rogamus;ut

198 1882 363 1936 adsis
393 1888 650 1954 patrona
703 1886 902 1958 nobis,
931 1891 994 1943 ut
1032 1891 1090 1943 et
1119 1889 1328 1945 merito
1386 1896 1489 1947 tuo
1509 1907 1622 1947 nos
1682 1894 1854 1949 Filius

201 1975 343 2025 tuus
373 1987 408 2026 a
436 1972 653 2029 delicto
683 1974 886 2030 exules
915 1977 1144 2042 reddat,
1179 1983 1235 2034 et
1270 1983 1408 2050 post
1428 1981 1488 2036 in
1532 1997 1718 2051 regno
1742 2001 1852 2042 suo

195 2061 540 2131 perenniter
566 2062 950 2121 habitaturos
980 2066 1338 2124 introducat.
1364 2079 1426 2137 nr.
1460 2073 1668 2126 Amen.

270 2148 379 2204 Per
416 2150 895 2209 misericordiam
925 2157 1110 2222 tuam,
1141 2160 1247 2212 etc.

265 2241 563 2296 Dominus
591 2243 664 2297 sit
693 2259 929 2316 semper
952 2245 1278 2302 vobiscum.
1301 2259 1366 2312 Βι.
1391 2250 1456 2303 Et
1482 2264 1619 2306 cum
1641 2251 1854 2322 spiritu

189 2334 311 2387 tuo.

257 2421 616 2491 Antiphona
638 2425 974 2492 2.Magnum
995 2424 1350 2481 miraculum
1361 2427 1491 2496 jam
1513 2428 1851 2487 vidimusin

184 2510 442 2580 Virginis
465 2512 863 2584 Conceptione
891 2518 1106 2578 ;utnec
1129 2515 1523 2585 virginitatem
1538 2519 1846 2592 amitteret,

181 2612 292 2653 nec
317 2599 626 2667 genitricis
647 2601 917 2672 pondera
963 2602 1282 2659 didicisset.
1339 2603 1404 2662 ir.
1453 2605 1589 2662 Sola
1635 2610 1856 2670 meruit

182 2687 373 2743 Deum
396 2688 552 2744 ferre
589 2693 724 2761 post
765 2690 944 2746 caelos
969 2708 982 2757 ;
1007 2692 1133 2748 sola
1183 2694 1398 2750 meruit
1443 2693 1615 2765 Virgo
1653 2699 1851 2756 venire

181 2781 315 2847 post
340 2783 607 2849 partum.
634 2779 695 2838 γ.
732 2780 966 2835 Domini
989 2785 1080 2836 est
1095 2785 1333 2846 terra,et
1349 2782 1658 2854 plenitudo
1681 2787 1808 2857 ejus
1833 2805 1850 2844 :

185 2867 351 2922 orbis
373 2873 694 2935 terrarum,
737 2873 792 2926 et
815 2870 1077 2925 universi
1114 2871 1219 2943 qui
1243 2871 1518 2929 habitant
1555 2875 1613 2930 in
1647 2891 1737 2932 eo.
1781 2878 1846 2934 P.

185 2953 326 3011 Sola
355 2959 576 3012 meruit
606 2961 815 3013 Deum.
844 2957 906 3016 ti’.
967 2957 1184 3026 Gloria,
1216 2965 1272 3016 et
1303 2961 1499 3017 honor
1527 2963 1700 3032 Patri,
1725 2971 1837 3023 etc.

185 3044 256 3096 P.
292 3045 423 3101 Sola
452 3046 690 3103 meruit.

258 3132 773 3204 Orationagnum
793 3135 968 3192 valde
986 3137 1338 3193 miraculum
1361 3139 1625 3196 vidimus
1654 3142 1713 3198 in
1728 3143 1848 3198 Vir-

185 3220 341 3289 ginis
373 3224 808 3295 Conceptione;
834 3230 896 3280 ut
936 3241 1046 3281 nec
1073 3229 1286 3282 decore
1323 3228 1571 3297 pudoris
1599 3236 1842 3298 careret,

189 3323 298 3364 nec
329 3311 688 3382 genitricum
716 3329 901 3370 onera
913 3315 1223 3370 sustineret
1247 3333 1263 3369 :
1278 3331 1384 3371 nec
1407 3319 1565 3372 enim
1586 3319 1675 3374 fas
1701 3325 1844 3384 erat,

180 3405 244 3456 ut
273 3401 374 3458 illa
393 3401 648 3458 haberet
678 3404 1093 3475 suspiriaque:
1116 3406 1388 3460 omnium
1412 3407 1637 3475 gaudia
1656 3410 1850 3479 parie'

175 3490 315 3546 bat:
346 3495 451 3546 aut
473 3492 646 3561 origo
694 3492 907 3548 laetitia;
941 3498 1227 3562 nosceret,
1285 3495 1408 3550 vim
1465 3495 1687 3552 doloris
1716 3515 1727 3553 :
1763 3499 1844 3554 sic

176 3581 396 3636 etenim
422 3581 551 3637 sola
572 3583 793 3638 meruit
815 3583 985 3652 virgo
1005 3584 1208 3640 venire
1233 3589 1366 3656 post
1391 3589 1652 3656 partum,
1668 3589 1840 3659 109

174 3671 322 3741 quia
351 3671 409 3725 in
433 3670 566 3742 ipsa
597 3671 847 3727 verbum
904 3677 992 3728 est
1043 3687 1182 3728 caro
1232 3673 1598 3730 factumzob
1630 3676 1744 3731 hoc
1787 3681 1840 3732 te

173 3761 660 3829 precamur,.lesu
689 3759 1040 3832 bone,quod
1071 3761 1224 3817 sicut
1249 3762 1521 3817 Genitrici
1563 3767 1677 3819 tuae
1695 3779 1836 3820 con-

169 3846 355 3903 tulisti
380 3848 495 3904 hoc
516 3849 859 3921 premium,
891 3850 969 3906 ita
998 3850 1175 3905 nobis
1223 3851 1457 3906 miseris
1488 3852 1652 3910 adsis
1701 3869 1838 3909 con-

169 3936 444 3993 cedendo
471 3938 827 3994 remedium.
853 3951 917 4000 Ην.
951 3943 1157 3995 Amen.

242 4031 354 4082 Per
372 4028 846 4085 misericordiam
869 4034 1033 4085 tuam
1066 4029 1220 4084 Deus
1260 4033 1485 4086 noster.

242 4117 600 4184 Antiphona
626 4122 674 4173 3.
711 4118 1054 4187 Magniﬁcat
1084 4119 1288 4175 anima
1318 4135 1455 4174 mea
1468 4119 1778 4176 Dominum
1810 4138 1825 4179 :

161 4212 229 4263 et
267 4205 550 4261 exultavit
579 4207 817 4278 spiritus
848 4223 1018 4263 meus
1039 4209 1099 4264 in
1124 4208 1243 4263 Deo
1273 4207 1519 4264 solutari
1562 4224 1720 4265 meo.
1746 4211 1818 4269 P.

160 4295 475 4362 Quoniam
539 4297 795 4368 respexit
855 4297 1248 4353 humilitatem
1280 4297 1513 4354 ancilla:
1569 4314 1711 4355 suae.
1761 4299 1823 4360 )7.

159 4384 470 4440 Eructavit
489 4401 592 4440 cor
613 4401 816 4440 meum
833 4385 1081 4440 verbum
1103 4385 1485 4442 bonumzdico
1507 4403 1617 4457 ego
1638 4403 1826 4459 opera

157 4490 302 4529 mea
331 4474 484 4543 regi.
511 4475 574 4528 P.
602 4474 900 4540 Quoniam
961 4474 1238 4546 respexit.
1266 4475 1329 4535 ἡ.
1359 4475 1572 4541 Gloria,
1619 4481 1676 4532 et
1715 4477 1823 4534 ho-

157 4579 276 4619 nor
313 4565 491 4626 Patri,
515 4569 626 4620 etc.
671 4566 748 4620 P.
782 4565 1077 4630 Quoniam
1116 4566 1394 4636 respexit.

233 4652 466 4709 Oratio.
500 4655 740 4718 Quanta
768 4653 872 4708 tibi
892 4653 1282 4710 Sanctissima
1305 4655 1476 4724 Virgo
1495 4655 1676 4720 Dei,et
1699 4658 1821 4714 la-

160 4747 265 4805 ter,
287 4741 503 4797 divina
523 4742 730 4813 pietas,
785 4757 1012 4811 magna
1036 4747 1092 4798 et
1129 4743 1425 4814 ampliora
1464 4743 1771 4801 distribuit
1805 4747 1816 4801 l

161 4837 380 4886 utcum
403 4847 571 4886 esses
600 4832 774 4900 Virgo
794 4830 1271 4900 terrigena,facta
1293 4849 1354 4886 es
1385 4833 1674 4888 Altissimi
1700 4835 1819 4889 Μᾶ-

163 4923 314 4974 teret
343 4919 641 4974 vernula:
669 4924 733 4974 ut
778 4920 882 4990 qui
915 4925 1188 4976 sanctum
1240 4921 1426 4992 ipsius
1495 4937 1718 4977 nomen
1757 4925 1819 4978 in

161 5010 320 5064 omni
353 5009 829 5079 generatione,et
851 5011 1134 5081 prosapia
1166 5011 1820 5082 nuntiasti,nobisinﬁr—

159 5099 269 5152 mis
290 5102 606 5153 succurrat
627 5098 864 5154 detersa
889 5098 1044 5152 male
1073 5099 1340 5153 rancoris
1387 5100 1765 5167 suggestione
1800 5119 1812 5156 :

159 5185 221 5239 Et
242 5186 342 5256 qui
372 5186 479 5242 tibi
512 5183 706 5240 afﬂuit
736 5185 1000 5252 optimus
1017 5185 1324 5254 habitator,
1350 5187 1408 5240 in
1465 5187 1637 5240 nobis
1670 5204 1816 5259 prae-

1962 1799 2016 1851 te
2041 1799 2429 1868 progrediens
2476 1808 2769 1859 mercatus
2808 1811 2900 1861 est
2941 1810 3482 1877 sanguinezsimus
3513 1818 3615 1869 tuo

1962 1887 2302 1955 priemuniti
2334 1889 2630 1960 praesidio,
2660 1893 2950 1963 quisuavi
2969 1896 3265 1954 servitutis
3296 1902 3412 1954 tuae
3443 1900 3611 1957 dele-

1964 1978 2197 2031 ctamur
2221 1976 2435 2048 perfrui
2459 1980 2635 2049 jugo:
2665 1985 2728 2036 ut
2745 1981 2840 2037 hic
2857 1998 2966 2039 nos
2994 1987 3054 2039 tu
3074 1986 3386 2059 multiplici
3398 1987 3615 2045 affectu

1962 2065 2182 2119 tuearis
2212 2067 2272 2120 in
2303 2067 2537 2139 saaculo,
2564 2074 2620 2125 et
2645 2075 2782 2141 post
2807 2087 2879 2127 ex
2904 2076 2959 2128 te
2987 2075 3226 2131 Genitus
3256 2082 3614 2146 regnaturos

1962 2153 2266 2226 possideat
2286 2156 2348 2211 in
2375 2161 2684 2216 aeternum.
2715 2173 2777 2222 Η.
2804 2166 3014 2219 Amen.

2032 2247 2137 2299 Per
2167 2245 2641 2306 misericordiam
2667 2256 2835 2308 tuam
2868 2257 3020 2310 Deus
3049 2258 3276 2312 noster.

2563 2340 2636 2395 In
2675 2341 3002 2399 Laudibus.

2030 2423 2129 2477 Ad
2152 2424 2486 2482 Canticum.
2513 2429 2870 2498 Antiphona.
2905 2432 3058 2488 Fecit
3082 2447 3308 2504 magna
3373 2434 3478 2508 qui
3508 2451 3616 2508 po-

1961 2512 2090 2565 tens
2120 2516 2207 2568 est
2239 2529 2250 2568 :
2281 2518 2336 2569 et
2363 2519 2636 2572 sanctum
2666 2533 2888 2574 nomen
2918 2521 3066 2589 ejus.
3109 2524 3175 2577 Et
3207 2523 3615 2583 misericordia

1961 2599 2089 2667 ejus
2115 2600 2176 2655 in
2206 2603 2371 2657 omni
2399 2605 2684 2673 progenie
2705 2610 2761 2661 et
2785 2609 3186 2675 generatione.

2034 2686 2367 2744 Canticum.
2403 2692 2737 2759 Magnificat
2763 2694 2966 2750 anima
2988 2711 3122 2752 mea
3140 2698 3484 2755 Dominum.
3507 2702 3614 2756 Re-

1961 2776 2130 2846 quire
2156 2778 2267 2846 fol.
2303 2782 2392 2834 50.

2028 2864 2093 2919 P.
2131 2866 2281 2920 Fecit
2305 2865 2449 2921 mihi
2474 2881 2696 2936 magna
2716 2869 2818 2938 qui
2853 2873 3064 2940 potens
3103 2874 3308 2928 estzet
3332 2877 3610 2931 sanctum

1958 2969 2177 3010 nomen
2201 2955 2627 3025 ejus.Gloria,et
2648 2956 2842 3013 honor
2880 2959 3054 3025 Patri,
3091 2964 3201 3016 etc.
3243 2964 3301 3016 P.
3344 2965 3411 3018 Et
3437 2962 3611 3019 mise-

1878 3077 1921 3134 ο
1957 3045 2212 3102 ricordia
2228 3045 2357 3116 ejus
2381 3045 2438 3100 in
2469 3046 2632 3101 omni
2656 3047 2938 3118 progenie
2966 3052 3022 3104 et
3041 3051 3447 3118 generatione.

2027 3136 2121 3190 Ad
2136 3136 2499 3192 Benedictus.
2523 3137 2569 3190 A
2581 3138 3045 3206 ntr‘phonaFilia
3073 3141 3213 3196 Sion
3228 3141 3480 3199 benedic
3500 3146 3612 3200 Do-

1958 3226 2122 3281 mino
2153 3227 2271 3281 Deo
2302 3227 2534 3282 excelso
2561 3227 2621 3282 in
2665 3229 2829 3282 omni
2868 3228 3280 3285 benedictione
3306 3237 3362 3286 et
3394 3232 3604 3290 laude.

2031 3315 2359 3370 Canticum.
2380 3314 2734 3371 Benedictus
2765 3331 2829 3370 es
2852 3315 3126 3372 Domine.
3155 3319 3406 3386 Require
3431 3321 3604 3386 fol.6.

2028 3404 2204 3459 Sono.
2249 3405 2539 3460 Dominus
2561 3407 2714 3459 Deus
2746 3403 2876 3458 caeli
2903 3403 3458 3469 benedicatoua’re
3479 3408 3595 3474 fol.

1960 3495 2081 3548 107.

2023 3582 2263 3640 Lauda.
2302 3581 2560 3638 Laudate
2609 3580 2927 3636 Dominum
2983 3580 3058 3634 de
3099 3579 3592 3641 coeliszAlleluia.

1954 3669 2216 3726 Laudate
2245 3685 2383 3726 eum
2410 3671 2470 3725 in
2497 3668 2762 3724 excelsis.
2790 3667 3338 3726 Alleluia.Psalmus
3369 3687 3596 3727 CXLVIII.

1948 3759 2146 3814 Lectio
2161 3759 2308 3813 libri
2319 3759 2555 3814 Cantici
2568 3758 2945 3813 Canticorum
2955 3759 3286 3816 Salomonis
3300 3761 3454 3832 (Cap
3465 3762 3570 3833 .lV)
3584 3803 3597 3818 .

2018 3860 2081 3916 Βι.
2108 3850 2228 3902 Deo
2251 3848 2499 3916 gratias.

2017 3939 2228 3992 Hortus
2259 3936 2577 3992 conclusus
2599 3951 2766 3991 soror
2794 3951 2949 4000 mea,
2996 3936 3204 3993 hortus
3255 3940 3592 4010 conclusus,

1943 4024 2077 4078 fons
2108 4025 2400 4095 signatus.
2422 4024 2784 4080 Emissiones
2813 4029 2930 4080 tuae
2954 4027 3274 4097 paradisus
3294 4029 3595 4085 malorum

1941 4114 2299 4183 punicorum
2322 4130 2459 4170 cum
2490 4129 2810 4186 pomorum
2841 4115 3314 4187 fructibus(Cap.
3338 4120 3442 4187 v1).
3467 4121 3594 4175 Una

1939 4208 2027 4258 est
2059 4203 2342 4258 columba
2368 4219 2521 4268 mea,
2547 4210 2604 4259 et
2629 4203 2888 4275 perfecta
2917 4220 3070 4268 mea,
3115 4221 3237 4261 una
3266 4211 3356 4262 est
3380 4208 3589 4264 matris

1937 4294 2292 4358 sure,e1ecta
2312 4292 2610 4362 genitricis
2632 4309 2776 4347 suae.
2805 4294 3087 4350 Viderunt
3123 4295 3288 4351 illam
3317 4296 3474 4366 ﬁliae,
3533 4301 3590 4352 et

1933 4382 2347 4438 beatissimam
2371 4381 2840 4452 praedicaverunt
2860 4400 2872 4448 ;
2890 4383 3112 4451 reginae
3133 4387 3190 4439 et
3209 4384 3583 4453 concubinas,

1933 4477 1988 4528 et
2016 4471 2409 4528 laudaverunt
2436 4487 2593 4528 eam.
2621 4473 2763 4536 Quae
2794 4476 2882 4526 est
2906 4472 3181 4544 ista,qute
3210 4474 3586 4544 progreditur

1930 4562 2102 4633 quasi
2129 4577 2347 4617 aurora
2372 4575 2757 4630 consurgens,
2791 4560 3042 4632 pulchra
3073 4561 3504 4627 utluna,electa
3521 4564 3586 4617 ut

1932 4652 2039 4714 sol,
2074 4652 2344 4707 terribilis
2365 4656 2426 4706 ut
2477 4656 2812 4706 castrorum
2843 4651 3004 4706 acies
3048 4650 3325 4706 ordinata
3353 4652 3380 4705 ‘?
3405 4651 3573 4720 (Cap.

1929 4741 2070 4809 V111).
2106 4742 2247 4806 Quae
2269 4739 2501 4807 estista,
2534 4754 2669 4810 quas
2701 4738 2972 4794 ascendit
2998 4739 3072 4794 de
3089 4739 3346 4806 deserto,
3369 4738 3580 4794 delitiis

1928 4829 2200 4894 afﬂuens,
2235 4829 2438 4884 innixa
2469 4843 2648 4900 super
2667 4827 2947 4883 dilectum
2982 4844 3159 4884 suum
3179 4829 3207 4883 ?
3231 4829 3391 4884 Pone
3404 4844 3499 4884 me
3520 4833 3579 4886 ut

1927 4919 2305 4987 signaculum
2334 4933 2512 4988 super
2541 4917 2855 4972 brachium
2887 4922 3079 4980 tuum,
3113 4921 3174 4972 ut
3198 4917 3576 4987 signaculum

1927 5023 2104 5079 super
2129 5023 2230 5062 cor
2259 5012 2428 5062 tuum
2457 5010 2546 5061 :et
2570 5022 2711 5062 vera
2745 5006 2844 5060 Dei
2874 5011 3189 5076 permanet
3211 5007 3466 5066 dilectio.
3497 5022 3566 5080 131.

1924 5103 2131 5152 Amen.

1993 5189 2284 5253 Hymnus.
2319 5187 2361 5239 Ο
2393 5185 2574 5240 decus
2605 5201 2839 5240 sacrum
2875 5185 3206 5256 Virginum.
3267 5192 3379 5259 fol.
3438 5189 3561 5239 107.

156 5289 282 5327 esse
314 5275 598 5340 dignetur
623 5275 973 5328 mitissimus
1005 5275 1322 5329 retributor
1347 5294 1358 5330 :
1381 5281 1442 5330 ut
1479 5292 1582 5346 per
1622 5293 1812 5333 unum
1920 5275 2314 5342 Supplicatio.
2339 5277 2585 5328 Oremus
2615 5274 3068 5348 Rcdemptorem
3099 5271 3569 5342 mundi.fol.l08.

157 5363 336 5417 Deum
372 5363 433 5418 in
461 5363 741 5418 Trinitate
774 5363 1179 5433 perfectum,et
1202 5364 1562 5419 credulitatis
1600 5367 1812 5422 merita

152 5451 410 5522 vigeant,
442 5457 500 5507 et
529 5451 965 5506 distributionis
991 5453 1214 5523 gaudia
1231 5453 1662 5512 coalescantzEt
1692 5456 1806 5511 im-

1993 5363 2282 5429 Capitula.
2319 5363 2612 5418 Matutinis
2643 5365 2921 5436 precibus
2944 5372 3018 5433 te,
3062 5366 3325 5422 Domine,
3360 5365 3568 5412 exora.-

1917 5471 2052 5510 mus
2079 5453 2442 5522 piissimum;
2467 5457 2532 5510 ut
2553 5454 2705 5511 sicut
2733 5455 2970 5510 illustris
2992 5447 3426 5522 gloriosissima
3449 5448 3566 5501 Vir-

155 5541 338 5600 meriti
367 5541 488 5596 hoc
514 5540 901 5610 deposcimus
929 5542 1216 5614 te,regina
1243 5546 1300 5598 et
1327 5541 1509 5599 Mater
1522 5543 1808 5601 Creatoris
1918 5557 1994 5614 go
2017 5543 2195 5599 Maria
2222 5541 2283 5598 in
2313 5541 2478 5599 caelis
2501 5547 2588 5599 est
2609 5542 3000 5605 coronata,ita
3012 5552 3118 5609 per
3140 5533 3419 5593 meritum
3440 5535 3567 5607 ejus
