4102 6176
474 274 582 332 215

485 503 618 543 mur
639 486 699 541 in
735 483 1070 540 cmlestibus
1101 481 1319 551 regnis.

556 579 725 631 Pater
752 579 977 631 uester.
1011 569 1260 627 Liberati
1290 585 1326 624 a
1355 567 1535 624 malo.
1551 567 1660 637 fol.
1685 569 1736 620 2.

555 663 784 720 Lauda.
817 661 986 718 Rami
1015 659 1156 716 mei.
1187 658 1548 716 Benedictio.
1617 650 1906 711 Dominus
1965 649 2132 703 Jesus

488 753 774 818 Christus,
805 749 909 823 qui
937 748 1106 806 olim.
1144 747 1352 815 Quaere
1364 747 1479 817 fol.
1523 746 1644 801 108.

555 840 619 896 1n
650 837 881 896 nomini
907 836 1161 894 Domini.

590 927 660 982 IN
689 927 1007 984 SECUNDO
1058 922 1394 981 DOMINICO
1441 923 1616 980 POST
1667 923 1991 980 OCTAVAM

1102 1011 1516 1066 EPIPHANIE.

1086 1099 1173 1154 Ad
1222 1101 1494 1168 Vesperos
1508 1140 1521 1154 .

555 1189 779 1248 Lauda.
818 1189 920 1244 Die
971 1187 1283 1244 mandavit
1323 1187 1611 1243 Dominus
1665 1186 2135 1244 misericordiam

487 1296 681 1350 suam,
723 1280 766 1348 1
785 1279 897 1348 10
927 1281 983 1332 et
1005 1281 1178 1332 nocte
1202 1275 1548 1332 declaravit.
1581 1274 1648 1335 ἲν.
1678 1277 1850 1347 Apud
1889 1292 1985 1332 me
2007 1291 2136 1332 ora-

487 1370 566 1426 tio
597 1373 714 1426 Deo
735 1370 868 1424 vitae
895 1383 1066 1431 mese,
1093 1367 1292 1422 dicam
1325 1369 1479 1421 Deo:
1507 1369 1822 1436 Susceptor
1866 1382 2130 1432 menses,

485 1460 562 1514 P.
605 1461 669 1512 Et
689 1462 860 1512 nocte
885 1455 1208 1510 declaravit

559 1546 783 1601 Oratio.
809 1545 979 1605 Deus,
1009 1543 1114 1614 qui
1141 1549 1297 1598 tuam
1324 1541 1385 1596 in
1411 1541 1506 1596 die
1541 1541 1796 1597 mandas
1808 1542 2136 1598 misericor-

485 1634 736 1702 diam,et
758 1633 819 1689 in
842 1637 1012 1688 nocte
1037 1631 1340 1688 declaras:
1367 1635 1808 1703 quaesumus,ut
1830 1631 1891 1686 in
1910 1631 2004 1687 die
2023 1647 2134 1687 nos

484 1727 766 1796 protegas
797 1721 876 1778 ad
897 1721 1150 1776 salutem
1180 1739 1195 1788 ;
1221 1723 1276 1776 et
1305 1720 1365 1775 in
1395 1723 1568 1776 nocte
1597 1717 1887 1776 defendas
1927 1720 2004 1776 ad
2038 1736 2127 1776 re-
2164 1723 2209 1778 Β

485 1811 709 1884 quiem.
741 1821 806 1880 Βι.
839 1815 1048 1864 Amen.

555 1899 665 1955 Per
701 1897 1172 1954 misericordiam
1196 1901 1385 1952 tuam.

552 1988 727 2044 Sono.
761 1986 838 2042 Te
867 1986 1035 2042 decet
1055 1986 1317 2057 hymnus
1338 1984 1399 2040 in
1433 1983 1610 2042 Sion:
1644 1987 1699 2040 et
1716 1983 1819 2040 tibi
1849 1983 2131 2041 reddetur

483 2080 712 2133 votum.
744 2078 805 2130 P.
839 2077 903 2130 In
934 2073 1318 2130 Hierusalem.
1345 2071 1610 2129 Alleluia.
1635 2072 1696 2133 γ.
1730 2072 1982 2138 Exaudi,
2014 2073 2132 2130 Do-

483 2162 1001 2232 mine,orationem
1022 2167 1295 2218 nostram
1311 2180 1331 2217 :
1356 2160 1434 2217 ad
1451 2165 1505 2218 te
1521 2160 1719 2218 omnis
1745 2175 1887 2218 caro
1916 2161 2130 2219 veniet.

482 2252 547 2307 P.
571 2253 634 2306 In
665 2250 1053 2308 Hierusalem.
1088 2249 1351 2305 Alleluia.

553 2341 841 2397 Dominus
879 2339 952 2395 sit
981 2353 1220 2411 semper
1247 2337 1578 2394 vobiscum.
1605 2348 1668 2407 ﬁ.
1699 2340 1765 2393 Et
1793 2353 1952 2394 cum.

551 2430 922 2499 Antiphona.
953 2427 1220 2484 Alleluia.
1249 2428 1403 2483 Deus
1438 2426 1679 2499 sapiens
1708 2426 1909 2496 corde,
1941 2431 1998 2484 et
2021 2426 2134 2484 for-

479 2518 553 2575 tis
575 2518 810 2574 robore.
829 2516 937 2582 Qui
963 2519 1305 2572 commovet
1329 2522 1546 2570 terram
1572 2514 1647 2570 de
1685 2513 1816 2570 loco
1847 2531 1978 2571 suo.
2022 2515 2130 2581 Qui

479 2605 755 2678 prohibet
780 2604 909 2670 soli,
942 2609 1000 2660 et
1042 2619 1164 2659 non
1230 2603 1492 2658 oriemur
1529 2607 1620 2670 ;et
1672 2602 1870 2658 stellas
1912 2603 2134 2660 claudit

477 2696 651 2767 quasi
673 2693 785 2749 sub
815 2692 1144 2763 signaculo.
1175 2691 1286 2758 Qui
1317 2691 1580 2748 extendit
1631 2691 1814 2747 ccelos
1847 2691 2034 2759 solus,
2078 2697 2133 2748 et

477 2783 747 2851 graditur
778 2797 960 2853 super
980 2781 1196 2837 ﬂuctus
1229 2779 1623 2845 maris.P.Qui
1655 2779 1794 2836 facit
1820 2785 2133 2850 magna,et

476 2869 789 2936 mirabilia,
817 2883 1078 2942 quorum
1110 2884 1234 2924 non
1278 2873 1365 2924 est
1420 2884 1726 2924 numerus.
1759 2868 1820 2928 ἲν.
1889 2872 2131 2940 Magnus

476 2959 765 3015 Dominus
797 2962 1081 3022 noster,et
1110 2971 1334 3026 magna
1356 2956 1542 3011 virtus
1559 2957 1721 3026 ejus:
1747 2963 1804 3012 et
1829 2958 2132 3028 sapientiae

1712 251 2164 317 BREVIARIUM
2201 251 2594 316 GOTHICUM.

481 393 1006 470 acceptabilissimi
1035 390 1255 449 favoris
1284 388 1450 462 apud
1478 393 1535 446 te
1565 381 1869 444 conlaetari
1900 392 2126 436 merea-
2155 375 2202 431 A

3783 267 3903 323 216

2804 384 3026 440 Vertice
3085 388 3308 442 nectar.

2487 471 2726 526 Praestet
2749 476 2810 526 ut
2834 477 3027 529 votum
3055 490 3068 538 ;
3091 472 3240 529 ferat
3269 478 3331 530 ut
3368 473 3699 542 medelam;

2419 562 2603 616 Donet
2630 566 2691 617 ut
2715 563 2935 618 nostris
2967 565 3205 618 veniam
3238 562 3494 632 delictis;

2419 643 2632 701 Firmet
2656 652 2719 702 ut
2749 661 2962 702 sensus
2988 646 3259 718 ;placida
3303 647 3501 719 quiete

2829 735 3075 792 Mulceat
3116 739 3298 792 artus.

2420 823 2487 878 Et
2513 821 2647 879 licet
2665 824 2856 880 noctis
2889 825 3147 882 subeant
3171 824 3476 897 profunda

2421 909 2682 967 Horridis
2711 913 2924 969 mundi
2955 913 3214 970 tenebris
3259 920 3502 986 operta;

2421 1001 2576 1055 Mens
2600 1003 2799 1058 tamen
2825 1007 3035 1058 nostra
3061 1001 3203 1058 ﬁdei
3232 1018 3508 1076 supernae

2819 1089 3137 1162 Splendeat
3174 1095 3326 1148 ortu.

2493 1177 2776 1234 Desinant
2793 1179 3005 1251 culpae,
3033 1179 3232 1250 vigilet
3256 1180 3538 1236 vicissim.

2419 1268 2622 1322 Noster
2650 1266 2920 1323 inlabens
2941 1267 3190 1324 animus
3215 1286 3227 1336 ;
3260 1283 3371 1324 nec
3393 1268 3511 1324 ulla

2419 1357 2636 1411 Sensus
2656 1356 2920 1412 involvat
2946 1357 3184 1425 gravior
3212 1362 3546 1427 vagantum

2811 1447 3135 1518 Spirituum
3178 1452 3394 1503 turma.

2491 1536 2602 1590 Cor
2639 1535 2797 1590 enim
2819 1541 3092 1591 nostrum
3114 1535 3316 1604 vigilet
3370 1550 3604 1608 30pore,

2420 1622 2671 1678 Somniet
2697 1623 3019 1692 Christum,
3051 1623 3493 1696 Dominumque
3545 1641 3786 1698 semper

2421 1713 2657 1767 lnsonet
2680 1710 2955 1780 Psalmis,
2981 1710 3300 1768 meditetur
3331 1712 3577 1784 Hymnis

2835 1803 3014 1856 Nocte
3081 1799 3322 1872 dieque.

2489 1887 2687 1944 Gloria
2711 1903 2951 1944 summo
2983 1887 3238 1944 celebret
3257 1889 3491 1945 Parenti

2420 1976 2611 2033 Gloria
2634 1977 2879 2039 Christo,
2916 1977 3254 2050 pariterque
3277 1978 3491 2033 Sancto
3520 1994 3534 2044 ;

2420 2065 2705 2122 Prmdicet
2731 2065 2973 2120 Trinum
2995 2066 3095 2138 pia
3123 2081 3270 2122 voce
3303 2080 3545 2122 nomen.

2827 2155 3015 2210 Omne
3040 2170 3147 2227 per
3177 2169 3390 2210 aevum.

2315 2243 2524 2298 Amen.

2313 2331 2706 2401 Supplicatio.
2740 2333 2988 2388 Oremus
3009 2331 3488 2404 Redemptorem.
3523 2332 3729 2398 Quaere
3763 2333 3890 2402 fol.

2247 2422 2372 2477 108.

2315 2509 2616 2578 Capitula.
2656 2511 2808 2565 Laus
2834 2510 2940 2566 tibi
2971 2509 3351 2581 omnipotens
3369 2511 3542 2575 Deus,
3601 2511 3901 2582 quoniam

2239 2597 2365 2668 jam
2395 2597 2526 2652 dies
2554 2599 2713 2654 tetris
2745 2598 2984 2654 molitur
3005 2599 3167 2654 horis
3186 2615 3198 2653 :
3219 2599 3348 2670 jam
3373 2614 3623 2655 occasus
3653 2600 3902 2656 metitur

2243 2688 2304 2743 in
2333 2702 2648 2759 vesperum
2674 2705 2686 2742 :
2701 2687 2831 2758 jam
2853 2687 3357 2760 soporiferaquies
3375 2688 3563 2744 fessos
3591 2687 3902 2745 refecitar-

2245 2780 2368 2834 tus:
2383 2777 2512 2846 jam
2539 2775 2775 2848 Olympi
2828 2778 3125 2832 tramitem
3157 2776 3276 2832 fere
3302 2777 3596 2833 curricula
3645 2777 3900 2834 laxant:

2240 2865 2368 2935 jam
2390 2865 2726 2935 vespertina
2746 2864 2994 2936 polifera
3018 2863 3272 2919 visibilia
3295 2863 3522 2932 lustrat,
3554 2866 3904 2936 pervigiles-

2243 2968 2361 3024 que
2391 2957 2617 3008 mentes
2641 2952 2978 3009 sobrietatis
2993 2953 3223 3008 cantica
3235 2953 3906 3025 psallantzutreciproco

476 3047 606 3115 ejus
630 3060 753 3100 non
775 3050 865 3099 est
918 3059 1223 3098 numerus.
1257 3046 1316 3097 P.
1348 3043 1458 3107 Qui
1486 3042 1645 3098 facit.
1714 3043 1780 3103 tl.
1831 3045 2044 3113 Gloria,
2077 3052 2133 3104 et
2166 3067 2210 3125 ρ
2244 3040 2391 3096 lucis
2411 3040 2624 3096 obortu
2656 3041 2960 3113 sospitatis
2981 3041 3398 3113 pudicitiseque
3427 3041 3680 3110 ﬂagrent
3705 3044 3904 3114 proti-

475 3133 692 3201 honor,
722 3136 832 3185 etc.
864 3131 927 3184 P.
953 3131 1062 3194 Qui
1088 3129 1244 3184 facit.

549 3216 836 3273 Dominus
871 3217 944 3271 sit
976 3231 1228 3288 semper.
1252 3227 1322 3285 ﬁ.
1356 3218 1422 3271 Et
1460 3231 1618 3272 cum.

545 3307 781 3363 Lauda.
809 3305 873 3360 In
899 3310 1019 3361 toto
1043 3305 1220 3360 corde
1240 3319 1376 3361 meo
1401 3305 1694 3375 exquisivi
1733 3311 1788 3363 te
1817 3325 1830 3363 :
1854 3307 2126 3367 Alleluia.

476 3399 533 3451 P.
563 3398 642 3452 Ne
661 3393 918 3466 repellas
939 3409 1037 3449 me
1068 3409 1106 3450 a
1134 3393 1438 3450 mandatis
1455 3394 2133 3466 tuis.Alleluia,alleluia,

476 3483 736 3540 alleluia.
777 3482 837 3543 )7.
865 3484 950 3540 Da
970 3483 1118 3539 mihi
1164 3483 1549 3549 intellectum,
1595 3488 1648 3539 et
1695 3487 2138 3556 praescrutabor

473 3573 669 3644 legem
691 3577 856 3628 tuam
885 3590 897 3627 :
931 3576 988 3628 et
1008 3572 1345 3629 custodiam
1366 3571 1531 3629 illam
1553 3571 1615 3628 in
1636 3577 1760 3630 toto
1783 3573 1962 3630 corde
1975 3589 2136 3644 meo,

476 3664 536 3717 P.
577 3663 657 3718 Ne
684 3661 943 3734 repellas
972 3677 1089 3718 me.
1113 3661 1175 3723 ἲν.
1201 3660 1416 3728 Gloria,
1446 3666 1501 3719 et
1529 3661 1725 3719 honor
1774 3662 1950 3731 Patri,
2010 3667 2126 3722 etc.

477 3753 537 3808 P.
570 3753 650 3808 Ne
679 3749 934 3824 repellas
963 3766 1082 3807 me.

1151 3841 1354 3909 Hymn
1369 3857 1453 3897 us.

727 3928 952 3986 Christe
971 3927 1072 3985 lux
1102 3929 1334 4000 mundi,
1369 3929 1552 3996 salus,
1585 3933 1642 3986 et
1678 3933 1967 4002 potestas.

657 4017 769 4086 Qui
801 4017 964 4075 diem
983 4016 1126 4074 solis
1153 4017 1337 4074 radiis
1383 4018 1701 4091 adimples,

655 4109 898 4164 Noctem
915 4109 973 4165 et
997 4105 1226 4164 fulvam
1259 4105 1482 4164 faciens
1511 4123 1780 4165 corusco.

1070 4195 1268 4254 Sidere
1308 4197 1533 4269 pingis.

727 4285 908 4342 Certis
932 4290 996 4342 ut
1017 4291 1208 4343 totum
1240 4286 1508 4343 moribus
1537 4293 1849 4359 peractum

664 4377 976 4446 Temperes
1004 4374 1305 4430 mundum
1321 4375 1554 4431 vicibus
1577 4376 1856 4448 recursis,

656 4467 846 4535 Atque
872 4462 1130 4520 resolvat
1153 4464 1426 4519 omnium
1465 4463 1702 4521 labores

1085 4554 1248 4608 Sorte
1290 4553 1526 4626 quietis.

727 4643 872 4698 Ecce
887 4646 1228 4713 vergentem
1256 4647 1408 4700 rotat
1433 4643 1582 4700 hora
1635 4642 1822 4700 solem

659 4729 928 4802 Vesperis
953 4746 1193 4787 rursum
1231 4733 1550 4788 remeantis
1571 4736 1792 4797 ortum,

657 4818 800 4875 Hinc
820 4823 878 4875 et
905 4823 1200 4877 astrorum
1223 4821 1442 4878 chorus
1469 4820 1664 4877 omnis
1691 4820 1811 4877 alto

1049 4911 1244 4980 Surgit
1281 4910 1563 4983 Olympo.

729 4998 844 5052 Nos
873 4997 973 5069 pio
990 4998 1151 5054 cultu
1172 4999 1276 5054 tibi
1303 5001 1716 5071 praecinentes.

657 5083 913 5139 Vocibus
949 5086 1133 5141 sacris
1158 5087 1544 5142 modulamus
1577 5087 1846 5160 Hymnis,

656 5171 939 5229 Sensibus
964 5175 1097 5231 totis
1129 5174 1309 5229 simul
1337 5175 1679 5247 excitamur,

1044 5265 1304 5330 Pangere
1351 5261 1562 5320 laudes

725 5352 923 5410 Thura
943 5351 1199 5408 libamus
1222 5348 1345 5419 tibi,
1378 5365 1598 5422 magne
1624 5359 1844 5421 rector,

657 5445 883 5498 Lumen
906 5443 963 5498 et
990 5452 1229 5496 sacrum
1251 5437 1505 5496 Domino
1546 5442 1923 5512 exhibemus,

653 5529 970 5588 Fervidum
997 5533 1258 5602 guttans,
1293 5528 1729 5603 madidumque
1759 5548 1998 5589 summo

2246 3145 2360 3184 nus
2380 3147 2392 3185 :
2412 3145 2737 3200 rursusque
2766 3145 2878 3184 nos
2905 3145 3087 3185 aurea
3115 3129 3466 3202 crepuscula
3493 3129 3775 3196 lustrant;
3812 3136 3903 3198 ut,

2246 3218 2435 3274 noctis
2465 3217 2744 3290 expoliati
2775 3217 3090 3284 velamine,
3123 3217 3249 3273 dies
3277 3233 3389 3274 nos
3440 3217 3672 3275 alterna
3719 3234 3903 3292 repo-

2247 3312 2400 3365 scat.

2317 3400 2484 3452 Pater
2512 3400 2731 3453 noster.
2764 3395 3017 3452 Liberati
3041 3413 3077 3452 a
3106 3396 3288 3454 malo.
3321 3398 3523 3464 Quare
3544 3396 3658 3464 fol.
3680 3401 3734 3452 2.

2317 3484 2632 3540 Humiliate
2663 3500 2767 3541 vos
2799 3485 3224 3542 benedictioni.

2317 3573 2607 3632 Dominus
2638 3573 2715 3630 sit
2740 3589 2993 3647 semper.
3022 3586 3087 3646 BI.
3114 3577 3182 3632 Et
3232 3590 3394 3631 cum.

2875 3665 3218 3722 Benedictio
3231 3705 3245 3719 .

2316 3754 2588 3808 Eternus
2615 3752 2924 3820 Dominus,
2949 3752 3054 3824 qui
3085 3751 3421 3808 humilitate
3449 3751 3648 3824 potius
3711 3768 3904 3825 quam

2245 3839 2538 3898 sacriﬁcio
2567 3840 2870 3913 placatur:
2893 3840 3025 3914 ipse
3045 3840 3213 3897 vobis
3239 3844 3485 3913 peccata
3531 3839 3817 3909 dimittat,
3849 3847 3907 3898 et

2243 3929 2572 3986 clementiae
2623 3945 2744 3986 suae
2800 3930 3106 3987 miseratio
3150 3945 3386 4002 semper
3424 3929 3762 3986 subveniat.
3823 3941 3897 3998 It.

2242 4020 2453 4074 Amen.
2482 4020 2690 4076 Vestra
2715 4019 3297 4092 vota,desideriaque
3323 4019 3589 4074 Christus
3611 4019 3906 4075 Dominus

2238 4107 2302 4165 in
2327 4107 2490 4164 bono
2517 4108 2870 4181 adimpleat,
2899 4114 2956 4165 et
2980 4109 3189 4165 salutis
3213 4110 3449 4180 c0piam
3467 4107 3907 4164 animabusve-

2241 4199 2376 4253 stris
2397 4197 2706 4254 concedat.
2741 4211 2804 4268 Βιν.
2833 4198 3161 4264 Amen.Qui
3175 4197 3344 4268 larga
3365 4197 3752 4253 miseratione
3765 4209 3906 4269 pec’

2239 4286 2540 4342 catoribus
2569 4287 2808 4343 veniam
2834 4287 3040 4353 donat,
3099 4287 3227 4358 ipse
3283 4285 3448 4342 vobis
3469 4285 3899 4343 misericordia:

2242 4390 2368 4430 suae
2398 4375 2560 4431 dona
2585 4375 2886 4432 attribuat.
2919 4388 2988 4446 Βι.
3031 4381 3245 4431 Amen.

2311 4462 2420 4518 Per
2449 4464 2926 4521 misericordiam
2955 4465 3144 4537 ipsius
3177 4463 3294 4520 Dei.

2313 4553 2541 4608 Lauda.
2573 4556 2656 4609 Tu
2681 4554 2981 4610 mandasti
3025 4553 3315 4610 mandata
3339 4556 3459 4610 tua.
3515 4551 3788 4608 Alleluia.
3814 4552 3890 4606 P.

2243 4640 2756 4698 Custodirinimis.
2784 4643 3052 4711 Alleluia,
3084 4642 3341 4707 alleluia,
3403 4639 3664 4698 alleluia.
3697 4641 3761 4699 ἲν.
3789 4641 3904 4696 Uti-

2240 4743 2384 4786 nam
2405 4729 2742 4800 dirigantur
2763 4731 2873 4788 viaa
2905 4731 3154 4795 meae,ad
3169 4729 3595 4786 custodiendas
3607 4729 3903 4798 justiﬁca-

2243 4819 2432 4875 tiones
2465 4826 2618 4878 tuas.
2662 4823 2746 4879 P.
2787 4821 3079 4878 Custodiri
3103 4820 3300 4876 nimis.
3359 4819 3417 4878 ῐὶτ.
3443 4817 3661 4888 Gloria,
3693 4822 3751 4874 et
3791 4817 3905 4873 ho-

2242 4923 2374 4973 nor,
2415 4912 2526 4965 etc.
2560 4911 2631 4966 P.
2662 4910 2930 4976 Alleluia,
2963 4908 3219 4973 alleluia,
3257 4907 3514 4965 alleluia.

2320 4998 2486 5067 111
2527 4998 2754 5055 Oratio.
2788 4997 3161 5054 Desiderium
3209 5003 3449 5054 tuorum
3495 4994 3772 5052 Domine.
3804 4998 3905 5052 Re-

2242 5090 2412 5156 quire
2430 5087 2598 5156 infra
2627 5088 2688 5143 in
2714 5087 3028 5144 Matutinis
3067 5088 3222 5143 istis.

2811 5179 2907 5234 Ad
2953 5179 3326 5234 Matutinum.

2312 5266 2598 5335 Hymnus.
2633 5269 2864 5323 Eterne
2892 5283 3092 5324 rerum
3118 5265 3694 5336 Conditor.ltequire
3723 5266 3906 5335 foi.3.

2315 5352 2541 5409 Oratio.
2571 5357 2873 5412 Aiternum
2899 5360 2954 5413 te
2981 5355 3324 5420 Dominum,
3370 5368 3722 5426 rerumque.
3788 5355 3901 5410 Re-

2241 5441 2413 5510 quire
2425 5441 2541 5510 fol.
2570 5445 2661 5498 14.

2310 5528 2670 5602 Antiphona.
2692 5531 2942 5594 Domine
2987 5533 3134 5614 quid
3164 5531 3538 5608 multiplicati
3577 5537 3738 5598 sunt,
3790 5530 3899 5604 qui
