4102 6176
223 286 335 342 217

1165 276 1513 335 DOMINICA
1551 275 1601 333 II
1637 271 1819 333 POST
1860 273 2201 335 OGTAVAM
2240 276 2664 337 ΕΡΙΡΗΑΝΙᾸΞ.

3532 287 3640 348 218

223 406 633 465 tribulantme
653 404 681 459 ?
702 406 765 459 tu
796 406 997 460 autem
1016 401 1594 473 Dominesusceptor
1608 414 1781 455 meus
1798 413 1885 454 es.
1916 399 1963 454 A
2069 402 2285 461 Oratio.
2318 404 2560 476 Respice
2575 407 2631 459 et
2650 403 2867 460 exaudi
2895 418 3006 461 nos
3046 405 3294 464 Domine
3350 408 3505 467 Deus
3532 425 3640 469 no-

224 498 521 555 Psatmus
546 510 629 549 III.

294 584 663 653 Antiphona.
696 579 856 647 Dele,
876 578 1147 646 Domine,
1163 578 1499 651 iniquitates
1511 592 1697 633 meas.
1722 576 1886 631 Psal-

220 691 348 731 mus
379 690 435 730 Ι..

295 761 668 833 Antiphona.
700 762 769 815 In
796 763 854 816 te
906 756 1151 814 conﬁdit
1177 757 1383 814 anima
1431 772 1586 813 mea.
1619 758 1881 814 Psalmus

222 870 342 915 ιη.

297 942 520 998 Oratio.
541 937 796 996 Domine
818 935 1165 1008 Deus,apud
1183 950 1373 1008 quem
1395 934 1747 993 conﬁtentes
1760 951 1881 992 me-

220 1031 422 1087 delam
441 1028 649 1085 salutis
678 1026 997 1082 inveniunt
1031 1023 1195 1080 :dele
1225 1024 1600 1096 piaculorum
1630 1023 1881 1081 vulnera

178 1157 190 1167 .
216 1118 296 1175 de
321 1117 607 1175 cordibus
634 1114 956 1171 hominum
990 1130 1004 1168 :
1041 1118 1098 1169 et
1135 1112 1383 1169 ostende
1421 1127 1599 1185 super
1629 1128 1740 1167 nos
1771 1112 1881 1169 cle-

215 1206 463 1263 mentia
479 1209 598 1260 tua
610 1202 1008 1259 clarissimum
1025 1200 1285 1266 vultum;
1306 1205 1594 1272 tuumque
1613 1200 1882 1255 clamori-

217 1294 343 1350 bus
364 1292 703 1365 supplicum
731 1289 954 1345 inclina
984 1293 1257 1345 sanctum
1288 1288 1557 1343 auditum
1594 1308 1604 1346 :
1636 1288 1882 1343 Effunde

226 1382 536 1439 mentibus
574 1378 789 1436 nostris
820 1383 937 1434 tua
969 1378 1171 1448 gratia
1220 1377 1447 1432 donum
1478 1394 1489 1431 :
1524 1383 1577 1432 et
1622 1376 1882 1432 concede

223 1466 1007 1543 postulantibusremedium
1022 1466 1335 1538 quasitum
1352 1482 1363 1520 :
1382 1482 1450 1521 ac
1465 1466 1558 1520 cui
1572 1464 1883 1536 adimpen-

218 1559 383 1615 dend
394 1574 497 1614 um
509 1556 781 1613 debitum
805 1560 1025 1611 nostra
1038 1555 1332 1610 servitutis
1345 1555 1765 1624 consurgimus
1790 1554 1886 1619 ;ef-

220 1647 409 1704 {unde
434 1644 871 1703 benedictionis
901 1648 957 1700 et
986 1643 1192 1699 salutis
1241 1642 1675 1699 abundantiam
1704 1659 1885 1714 super

1999 494 2116 547 ster
2146 509 2156 547 :
2186 494 2262 549 ad
2287 492 2903 565 placandumtimidos
2920 499 3169 551 conatus
3202 502 3440 554 nostros
3464 499 3639 571 adju-

1994 596 2071 636 va
2099 600 2109 638 :
2147 581 2226 638 da
2254 582 2437 639 ﬁnem
2453 582 2668 655 operis,
2692 583 2794 654 qui
2819 582 3033 639 dedisti
3054 584 3417 656 principium
3434 588 3641 644 volun-

1996 668 2126 724 tatis
2150 687 2163 725 :
2197 670 2295 738 da,
2325 676 2389 727 ut
2413 671 2717 743 possimus
2738 671 3004 744 implere,
3029 671 3135 744 qui
3163 672 3398 742 dedisti,
3422 680 3484 732 ut
3501 676 3637 733 veli-

1990 773 2125 813 mus
2162 758 2444 832 incipere.
2472 772 2537 831 ni.
2578 764 2793 817 Amen.

2059 850 2165 904 Per
2192 848 2660 906 misericordiam
2683 853 2870 906 tuam.

2060 948 2123 1006 BI.
2156 937 2445 1008 Habeant,
2478 938 2747 1004 Domine,
2788 938 2972 994 ﬁnem
2993 943 3243 1010 peccata
3263 944 3508 998 nostra:
3540 941 3643 998 de'

1990 1024 2180 1081 leatur
2209 1026 2516 1099 iniquitas,
2554 1031 2610 1083 et
2648 1026 2973 1084 induamur
3016 1028 3242 1097 justitia
3270 1033 3477 1088 sancta
3505 1035 3632 1089 tua.

1994 1114 2062 1170 P.
2102 1115 2168 1169 Ut
2206 1114 2436 1170 laetetur
2464 1115 2679 1170 iterum
2708 1115 3097 1171 Hierusalem.
3132 1116 3193 1176 ἲν.
3220 1120 3308 1173 Tu
3345 1132 3642 1188 exurgens

1991 1200 2364 1257 misereberis
2395 1202 2533 1258 Sion
2571 1220 2583 1257 :
2639 1203 2783 1274 quia
2824 1203 2985 1258 venit
3029 1208 3261 1274 tempus
3300 1205 3638 1262 miserendi.

1993 1292 2055 1343 P.
2106 1292 2173 1344 Ut
2213 1290 2460 1346 latetur.
2510 1291 2571 1351 Iv”.
2627 1290 2844 1357 Gloria,
2895 1296 2952 1347 et
2994 1292 3206 1361 honor,
3257 1298 3364 1350 etc.
3388 1295 3643 1351 Beitere-

1995 1384 2113 1433 tur.
2148 1390 2209 1437 Rv.

2617 1470 2681 1523 In
2696 1468 3017 1524 Laudibus.

2063 1556 2151 1610 Ad
2180 1556 2879 1627 Canticum.Antiphona.
2916 1556 3094 1624 Deus,
3134 1572 3278 1614 vera
3301 1561 3440 1614 sunt
3462 1572 3645 1630 opera

1994 1646 2114 1710 tua,
2144 1649 2200 1699 et
2236 1660 2447 1700 omnes
2480 1645 2589 1699 via
2610 1650 2722 1701 tua
2741 1645 2990 1717 judicio.

217 1734 518 1809 populum
541 1738 714 1789 tuum
741 1749 754 1787 :
785 1749 854 1789 ac
883 1731 1013 1788 dele
1044 1730 1381 1787 misericors
1412 1730 1603 1786 scelus
1649 1734 1882 1786 contra-
1913 1748 1957 1803 Β
2069 1732 2401 1788 Canticum.
2436 1732 2683 1788 Attende
2716 1732 2958 1788 calum.
2997 1734 3252 1804 Require
3266 1734 3378 1803 fot.
3410 1737 3462 1788 4.

221 1829 385 1881 ctum
416 1840 429 1878 :
464 1826 522 1879 et
550 1821 646 1878 fac
675 1836 790 1877 nos
812 1835 943 1877 esse
971 1819 1191 1875 liberos
1219 1835 1255 1874 a
1297 1822 1467 1875 reatu
1493 1819 1826 1875 facinorum
1866 1836 1879 1874 :

218 1913 367 1969 audi
388 1912 647 1982 gemitus
669 1909 1082 1982 panitentium
1103 1907 1347 1976 :largire
1364 1906 1747 1978 indulgentia
1765 1907 1883 1962 fru-

217 2007 385 2057 ctum
417 2019 431 2068 ;
462 2004 518 2056 et
547 1997 917 2055 clamoribus
943 1996 1291 2069 pulsantum
1322 1995 1592 2051 ﬁdelium
1626 1996 1885 2052 concede

216 2089 477 2159 singulis
511 2086 870 2157 suffragium
893 2086 1287 2158 postulatum.
1321 2096 1367 2145 Ri
1420 2084 1633 2140 Amen.

288 2179 404 2234 Per
433 2175 915 2233 misericordiam
949 2179 1133 2230 tuam.

286 2248 647 2335 Antiphonti.
698 2270 746 2319 1.
783 2261 1159 2318 Desiderium
1203 2276 1543 2333 pauperum
1584 2261 1888 2322 exaudivit

222 2356 525 2413 Dominus
557 2372 571 2410 :
600 2352 1070 2426 praparationes
1124 2350 1320 2406 cordis
1364 2366 1572 2406 eorum
1611 2345 1886 2407 exaudiet

217 2444 384 2501 auris
418 2449 538 2499 tua.
562 2440 842 2497 Judicare
858 2438 1087 2512 pupillo
1110 2443 1167 2494 et
1189 2436 1420 2493 humili.
1447 2438 1514 2492 P.
1544 2440 1613 2493 Ut
1634 2453 1757 2493 non
1783 2454 1885 2510 ap-

213 2539 405 2608 ponat
430 2533 587 2588 ultra
613 2530 1001 2601 magniﬁcare
1032 2544 1096 2583 se
1125 2527 1309 2584 homo
1341 2542 1520 2599 super
1550 2531 1788 2583 terram.
1820 2527 1881 2587 it.

217 2625 455 2693 Exurge
486 2622 759 2684 Domine,
780 2635 904 2675 non
929 2617 1246 2691 pravaleat
1289 2616 1474 2672 homo
1507 2635 1519 2671 :
1540 2616 1885 2686 judicentur

217 2718 428 2783 gentes
460 2711 522 2766 in
550 2713 879 2781 conspectu
907 2713 1029 2763 tuo.
1048 2709 1113 2764 P.
1146 2708 1215 2762 Ut
1235 2720 1355 2761 non
1378 2709 1665 2777 apponat.
1683 2704 1884 2764 ἴβιο-

214 2804 326 2869 ria,
364 2807 422 2857 et
446 2801 666 2864 honor,
692 2804 801 2854 etc.
835 2799 899 2853 P.
937 2800 1005 2853 Ut
1035 2811 1156 2851 non
1182 2799 1480 2868 apponat.

292 2892 519 2947 Oratio.
536 2887 904 2944 Desiderium
918 2891 1156 2942 tuorum
1174 2883 1423 2939 Domine
1448 2898 1777 2954 pauperum
1799 2882 1882 2938 sic

215 2979 459 3039 intende
488 2978 804 3051 propitius,
837 2980 901 3031 ut
932 2980 989 3031 et
1011 2973 1312 3029 donorum
1354 2971 1681 3028 caelestium
1708 2972 1882 3028 nobis

219 3069 457 3141 copiam
486 3067 744 3135 tribuas;
773 3068 830 3121 et
860 3069 1156 3120 tumorem
1177 3062 1661 3134 praetereuntium
1682 3077 1881 3117 rerum

220 3174 259 3223 a
287 3157 464 3214 nobis
481 3159 719 3212 avertas
749 3172 761 3209 :
780 3153 952 3209 Auris
973 3166 1211 3223 quoque
1228 3155 1331 3206 tua
1352 3154 1622 3205 nostram
1646 3150 1727 3205 ita
1747 3166 1884 3206 ora-

217 3248 461 3305 tionum
476 3242 997 3310 intendat,utdum
1011 3240 1239 3313 pupillo
1250 3239 1581 3311 humilique
1590 3238 1884 3309 judicium

215 3337 449 3404 feceris,
469 3340 724 3407 paterna
734 3332 912 3388 nobis
929 3329 1300 3399 indulgentia
1319 3328 1680 3395 blandiaris;
1703 3333 1760 3383 et
1781 3344 1885 3400 pro

217 3425 640 3482 humiliatione
665 3421 1047 3496 prasentium
1065 3419 1288 3489 gaudia
1310 3417 1607 3473 retribuas
1633 3421 1886 3473 aterno-

218 3532 375 3572 rum.
415 3526 478 3584 Bp.
508 3519 719 3568 Arnen.

297 3607 402 3658 Per
422 3600 898 3657 misericordiam
924 3603 1115 3654 tuam.

298 3690 648 3760 Antiphona
675 3692 731 3745 2.
759 3687 1002 3758 Propter
1023 3683 1299 3740 miserias
1331 3682 1601 3753 inopum,
1626 3688 1681 3737 et
1699 3682 1888 3751 gemi-

226 3786 352 3838 tum
376 3792 747 3851 pauperum.
788 3777 846 3829 P.
882 3777 1046 3830 Nunc
1064 3786 1376 3840 exurgam,
1406 3770 1550 3825 dicit
1578 3770 1884 3825 Dominus.

224 3868 285 3927 ῒ.
316 3867 566 3941 Eloquia
592 3863 848 3932 Domini,
889 3862 1129 3934 eloquia
1153 3865 1316 3916 casta
1349 3876 1361 3914 :
1412 3865 1723 3928 argentum
1752 3859 1888 3926 igne

219 3958 659 4023 examinatum,
691 3958 860 4009 terra
896 3954 1218 4024 purgatum
1246 3948 1612 4020 septuplum.
1645 3947 1702 3999 Ρ.
1724 3949 1889 4001 Nunc

218 4061 537 4118 exurgam.
566 4043 627 4103 ir.
660 4041 880 4109 Gloria,
911 4044 967 4095 et
1012 4039 1226 4105 honor,
1259 4042 1368 4092 etc.
1416 4036 1478 4091 Ρ.
1526 4038 1691 4090 Nunc
1721 4050 1888 4090 exur-

304 4152 393 4192 m.

304 4152 393 4192 m.

218 4152 526 4279 8.30ratio.
571 4224 739 4286 Deus,
774 4218 882 4291 qui
912 4216 1190 4289 superbis
1228 4212 1467 4283 resistis,
1514 4216 1571 4268 et
1619 4210 1887 4284 linguam

2069 1821 2296 1877 Oratio.
2330 1820 2663 1877 Descendat
2706 1820 2979 1886 Domine,
3016 1826 3081 1877 ut
3112 1821 3339 1893 pluvia.
3392 1822 3645 1892 Require

1990 1909 2105 1978 fol.
2141 1910 2232 1965 93.

2066 1998 2159 2053 Ad
2187 1998 2561 2055 Benedictus.
2616 1999 2974 2069 Antiphona.
3013 1998 3394 2055 Benedictum
3424 2013 3645 2055 nomen

1996 2086 2199 2155 gloria
2232 2091 2346 2142 tua
2379 2092 2654 2143 sanctum
2690 2088 2749 2143 in
2782 2087 2988 2144 omnia
3018 2087 3240 2144 sacula
3261 2088 3641 2145 saculorum.

2069 2176 2400 2233 Canticum.
2435 2176 2782 2234 Benedictus
2813 2192 2875 2233 es
2916 2177 3163 2234 Domine
3192 2180 3366 2234 Deus.
3398 2177 3646 2249 Require

1992 2265 2105 2334 fol.
2130 2270 2189 2321 6.

2069 2353 2290 2410 Oratio.
2312 2352 2563 2409 Domine
2581 2355 2866 2427 Deus,qui
2892 2370 3068 2427 super
3083 2353 3397 2411 Cherubim
3411 2351 3642 2417 sedens,

1993 2441 2171 2498 laude
2195 2442 2604 2511 magniﬁcaris
2625 2448 2911 2499 creatura
2933 2443 3213 2516 subjecta
3239 2454 3255 2504 :
3278 2446 3341 2499 ut
3360 2443 3506 2498 dum
3523 2457 3646 2498 ma-

1995 2545 2115 2599 gna
2133 2530 3039 2602 condideris,incomparabiliter
3054 2537 3115 2587 tu
3128 2531 3647 2603 magniﬁcentissi-

1996 2634 2131 2672 mus
2161 2617 2471 2673 astimeris
2501 2617 2633 2673 :tibi
2646 2619 2725 2673 ad
2739 2625 2953 2673 nutum
2971 2618 3387 2689 obtemperant
3412 2624 3644 2687 cuncta,

1995 2721 2126 2776 qua
2147 2709 2203 2759 te
2221 2710 2461 2760 auctore
2486 2704 2819 2760 subsistunt
2840 2722 2853 2769 ;
2873 2710 2929 2759 et
2944 2704 3058 2759 hoc
3076 2704 3190 2758 illis
3213 2711 3301 2759 est
3318 2706 3379 2759 in
3397 2706 3643 2772 honore,

2003 2795 2173 2864 112
2204 2794 2370 2864 quod
2401 2798 2541 2848 sunt
2588 2797 2623 2848 ὲ.
2654 2797 2707 2847 te
2747 2792 3008 2859 condita,
3049 2798 3105 2847 et
3147 2797 3286 2847 sunt
3328 2792 3641 2862 subjecta:

1995 2881 2249 2938 Proinde
2280 2882 2362 2937 ita
2387 2879 2672 2953 proﬁcere
2702 2884 2938 2952 prasta,
2972 2883 3034 2935 ut
3071 2878 3217 2935 dum
3255 2878 3418 2934 labia
3441 2879 3502 2934 in
3533 2880 3646 2934 tuis

1995 2969 2509 3026 benedictionibus
2531 2968 2877 3040 pandimus,
2899 2967 3378 3025 benedictionem
3395 2966 3647 3024 caelestis

1996 3060 2200 3129 gratia
2230 3059 2643 3130 impetremus.
2678 3069 2739 3127 av.
2771 3062 2985 3113 Amen.

2065 3149 2243 3203 Sono.
2278 3147 2485 3203 Emitte
2516 3146 2709 3201 lucem
2738 3150 2927 3210 tuam,
2967 3145 3236 3208 Domine,
3258 3148 3315 3201 et
3337 3144 3649 3200 veritatem

1996 3240 2185 3293 tuam.
2217 3235 2481 3291 Alleluia.
2511 3234 2573 3295 Ψ.
2604 3235 2813 3291 Judica
2865 3250 2961 3289 me
2987 3233 3253 3297 Domine,
3301 3236 3356 3288 et
3379 3232 3649 3287 discerne

1998 3341 2245 3381 causam
2276 3340 2475 3380 meam
2504 3324 2578 3379 de
2609 3328 2780 3392 gente
2820 3337 2941 3377 non
2968 3325 3199 3376 sancta.
3239 3319 3506 3373 Alleluia.

2068 3414 2295 3469 Lauda.
2355 3411 2615 3468 Laudate
2663 3409 2980 3465 Dominum
3024 3406 3098 3460 de
3143 3405 3343 3460 caelis:
3379 3404 3645 3461 Alleluia.

2001 3502 2260 3558 Laudate
2287 3517 2425 3555 eum
2457 3500 2515 3554 in
2543 3497 2815 3555 excelsis.
2849 3494 3393 3550 AlleluiaPsalmus
3418 3508 3644 3548 CXLVIII.

2105 3590 2295 3646 Lectio
2325 3590 2467 3644 libri
2492 3588 2834 3642 Ectesiastes
2860 3582 3196 3641 Salomonis
3237 3582 3400 3653 (Cap.
3437 3582 3537 3653 In).

2070 3690 2133 3745 Rv.
2172 3677 2287 3731 Deo
2320 3675 2561 3745 gratias.

2071 3764 2193 3829 Fili,
2219 3763 2446 3819 homini
2485 3762 2647 3817 bono
2677 3761 2736 3816 in
2768 3763 3090 3831 conspectu
3134 3773 3245 3813 suo
3292 3757 3455 3814 dedit
3495 3760 3647 3813 Deus

1998 3853 2367 3924 sapientiam,
2390 3855 2446 3906 et
2468 3848 2935 3920 intelligentiam,
2961 3846 3321 3903 etlatitiam:
3350 3845 3648 3917 peccatori

1998 3947 2198 3999 autem
2224 3939 2388 3995 dedit
2412 3938 2814 4001 afﬂictiouem,
2849 3942 2905 3991 et
2942 3951 3148 3991 curam
3177 3933 3566 4004 superﬂuam,
3589 3936 3652 3988 ut

1999 4030 2201 4095 addat,
2228 4031 2285 4084 et
2313 4029 2649 4097 congreget,
2684 4029 2741 4081 et
2770 4024 2967 4081 tradat
2999 4023 3051 4079 ei
3080 4023 3184 4094 qui
3213 4022 3434 4093 placuit
3484 4023 3600 4077 Deo
3632 4036 3647 4076 :

2000 4118 2107 4174 sed
2132 4118 2246 4173 hoc
2268 4117 2500 4172 vanitas
2535 4120 2591 4171 et
2620 4130 2805 4170 causa
2834 4111 3146 4169 solicitudo
3170 4110 3406 4166 mentis.
3437 4110 3653 4166 Omnia

1996 4215 2237 4279 tempus
2276 4206 2522 4275 habent,
2564 4210 2621 4261 et
2649 4203 2773 4259 suis
2808 4202 3011 4275 spatiis
3040 4203 3351 4257 transeunt
3376 4199 3653 4255 universa

217 4310 678 4382 magniloquam
710 4283 1009 4379 labiaque-
1034 4305 1248 4361 dolosa
1275 4300 1610 4374 disperdis;
1647 4283 1739 4356 fac
1778 4316 1890 4357 nos
1920 4379 1951 4382 _
1999 4296 2112 4351 sub
2143 4294 2283 4350 sole.
2316 4283 2573 4365 Tempus
2622 4290 2927 4355 nascendi,
2963 4294 3019 4346 et
3050 4294 3281 4382 tempus
3324 4286 3643 4382 moriendi.

217 4374 1078 4472 fast;eloquia,tua,qua-velut
1093 4397 1406 4463 argentum
1425 4391 1562 4459 igne
1578 4389 1887 4461 probatum
1920 4379 1964 4432 D
1997 4387 2256 4456 Tempus
2269 4381 2664 4454 plantandi,et
2688 4386 2926 4472 tempus
2941 4375 3409 4448 evellendiquod
3421 4374 3652 4472 planta-

223 4496 363 4546 sunt
398 4488 769 4553 examinata,
811 4486 1113 4557 percipere
1150 4501 1160 4540 :
1209 4487 1291 4547 ut,
1336 4479 1500 4536 omni
1531 4478 1888 4548 arrogantia

222 4586 461 4635 tumore
503 4577 760 4647 dejecto,
796 4573 1186 4645 expositoque
1232 4568 1624 4639 corruptionis
1673 4571 1887 4623 nostra

224 4668 524 4737 contagio,
555 4666 813 4735 gemina
833 4660 1137 4733 dignitatis
1166 4659 1543 4731 splendorem
1568 4658 1717 4711 sicut
1761 4672 1798 4710 a
1834 4661 1888 4710 te

226 4757 484 4813 inditum
505 4756 570 4811 in
592 4758 800 4810 nostra
825 4751 1162 4808 conditione
1180 4747 1573 4819 suscepimus,
1602 4745 1679 4799 ita
1703 4758 1810 4815 per
1833 4748 1888 4798 te

225 4850 589 4902 renovatum
620 4858 729 4914 per
753 4840 959 4896 omnia
990 4837 1375 4895 retineamus.
1406 4847 1466 4903 av.
1501 4840 1708 4889 Amen.

293 4936 397 4990 Per
424 4930 906 4989 misericordiam
930 4933 1117 4985 tuam.

291 5024 646 5091 Antiphona
676 5023 726 5075 3.
764 5010 1755 5089 Usquequo,Domine,oblivisceris
1776 5023 1888 5064 nos

224 5112 283 5167 in
308 5114 488 5168 ﬁnem
506 5112 536 5166 ?
558 5123 881 5182 quousque
905 5106 1121 5162 avertis
1143 5104 1356 5159 faciem
1390 5106 1553 5157 tuam
1595 5114 1630 5152 a
1663 5096 1838 5151 nobis
1862 5098 1889 5152 ?

227 5200 289 5255 P.
320 5203 588 5273 Respice,
633 5204 691 5254 et
715 5195 936 5253 exaudi
982 5210 1098 5250 nos
1150 5192 1398 5249 Domine
1455 5188 1609 5242 Deus
1662 5190 1883 5241 noster.

225 5290 580 5356 7.0uandiu
606 5301 837 5359 ponam
858 5283 1107 5341 consilia
1124 5282 1184 5337 in
1215 5280 1423 5336 anima
1448 5292 1603 5339 mea,
1622 5273 1887 5330 dolorem

220 5377 281 5435 in
315 5379 495 5435 corde
526 5391 668 5433 meo
694 5389 800 5446 per
815 5373 973 5429 diem
995 5373 1023 5427 ‘?
1054 5374 1374 5442 Usquequo
1396 5362 1758 5423 cxaltabitur
1776 5361 1887 5417 ini-

220 5466 405 5528 micus
422 5481 602 5523 meus
618 5477 800 5535 super
818 5462 951 5517 me?
975 5462 1038 5515 P.
1063 5459 1329 5532 Respice.
1363 5456 1424 5515 Ψ.
1452 5453 1666 5519 Gloria,
1700 5455 1757 5507 et
1779 5450 1887 5506 hoe

224 5570 353 5624 nor,
379 5562 496 5614 etc.
524 5554 589 5609 P.
615 5551 880 5625 Respice.

1998 4478 2124 4528 tum
2154 4480 2261 4529 est.
2310 4475 2567 4542 Tempus
2615 4467 2946 4533 occidendi,
2989 4472 3046 4523 et
3095 4471 3332 4536 tempus
3375 4461 3646 4519 sanandi.

1998 4563 2253 4633 Tempus
2279 4558 2650 4623 destruendi,
2676 4562 2733 4613 et
2757 4560 2993 4627 tempus
3010 4551 3367 4609 adiﬁcandi.
3390 4554 3649 4621 Tempus

1943 4668 1949 4679 ί
1998 4651 2200 4715 ﬂendi,
2238 4654 2291 4704 et
2322 4654 2560 4718 tempus
2613 4643 2870 4700 ridendi.
2912 4643 3174 4714 Tempus
3216 4638 3562 4712 plangendi,
3595 4640 3652 4693 et

1998 4744 2235 4808 tempus
2258 4734 2537 4790 saltandi.
2558 4735 2815 4803 Tempus
2832 4730 3154 4803 spargendi
3170 4727 3482 4800 lapides,et
3502 4732 3650 4782 tem-

1997 4841 2111 4898 pus
2123 4822 2725 4894 colligendi.Tempus
2739 4818 3147 4891 amplexandi,
3163 4822 3464 4886 ettempus
3476 4814 3654 4885 longe

1996 4914 2122 4969 ﬁeri
2146 4929 2182 4968 a
2211 4909 2647 4983 complexibus.
2676 4912 2931 4980 Tempus
2951 4904 3316 4978 acquirendi,
3342 4910 3398 4961 et
3416 4910 3654 4978 tempus

1996 5000 2308 5074 perdendi.
2348 5003 2605 5070 Tempus
2658 4996 3051 5063 custodiendi,
3105 4998 3162 5050 et
3219 4998 3460 5067 tempus
3502 4994 3652 5063 abji-

1997 5088 2213 5145 ciendi.
2245 5091 2500 5157 Tempus
2550 5084 2883 5150 scindendi,
2932 5088 2988 5139 et
3028 5087 3264 5155 tempus
3302 5079 3649 5140 consuendi.

1995 5183 2249 5249 Tempus
2283 5174 2537 5238 tacendi,
2572 5180 2628 5231 et
2658 5179 2894 5245 tempus
2914 5172 3218 5245 loquendi.
3238 5176 3495 5242 Tempus
3512 5164 3653 5220 dile-

1996 5268 2231 5334 ctionis,
2288 5267 2344 5319 et
2379 5267 2616 5333 tempus
2663 5261 2804 5318 odii.
2837 5265 3095 5334 Tempus
3134 5260 3292 5327 belli,
3326 5263 3381 5312 et
3411 5260 3645 5320 tempus

1995 5355 2183 5428 pacis.
2218 5352 2371 5419 Quid
2400 5350 2582 5408 habet
2614 5352 2875 5424 amplius
2902 5353 3085 5408 homo
3131 5349 3205 5403 de
3251 5344 3465 5428 labore
3486 5352 3595 5393 suo
3619 5337 3647 5392 ?

1995 5424 2131 5500 Vidi
2154 5440 2556 5507 afﬂictionem,
2581 5456 2769 5513 quam
2793 5440 2956 5497 dedit
2973 5440 3125 5493 Deus
3150 5430 3282 5486 ﬁliis
3302 5424 3645 5496 hominum,

1994 5539 2061 5594 ut
2089 5529 2501 5589 distendantur
2525 5530 2587 5589 in
2608 5545 2696 5588 ea.
2723 5532 2945 5587 Cuncta
2964 5521 3095 5580 fecit
3116 5519 3279 5575 bona
3292 5516 3356 5573 in
3380 5519 3649 5590 tempore
