4102 6176
438 281 548 348 919
1698 264 2149 329 BREVIARIIM
2187 264 2580 327 GO'FHICUM.
3732 267 3841 325 220

441 423 577 477 suo,
603 399 969 463 etmundum
989 395 1229 458 tradidit
1244 393 1638 469 disputationi
1650 397 1951 464 eorum,ut
1968 409 2093 452 non
2125 392 2173 449 A
2278 393 2567 451 Dominus
2612 390 2688 449 sit
2716 401 2955 464 semper
2980 388 3313 447 vobiscum.
3344 398 3412 460 ir.
3460 390 3526 448 Et
3562 402 3698 449 cum
3731 394 3862 466 spi-

439 496 704 556 inveniat
728 494 910 551 homo
941 506 1112 562 opus,
1137 488 1303 561 quod
1320 490 1602 559 operatus
1620 491 1707 543 est
1733 489 1885 542 Deus
1902 485 1976 542 ab
1988 485 2092 542 ini'

441 588 525 645 tio
560 599 754 657 usque
775 582 853 639 ad
869 580 1074 637 ﬁnem.
1098 580 1163 634 Et
1191 576 1443 645 cognovi
1466 575 1629 649 quod
1654 590 1777 632 non
1797 578 1951 631 esset
1972 589 2091 631 me-

443 676 558 733 lius
586 674 698 731 nisi
726 672 945 735 laetare,
994 672 1052 725 et
1097 666 1290 725 facere
1330 664 1563 723 bonum
1608 664 1668 721 in
1714 663 1835 721 vita
1865 679 1993 721 sua.
2023 674 2087 733 Βι.

442 766 793 921 Atilii/inus.
826 844 1117 919 Splendor
1142 846 1405 917 paterna:
1435 840 1661 913 gloriae.
1699 839 1951 914 Require
1972 840 2083 911 fol.

441 945 909 1098 67S2tpplicatio.
955 1025 1205 1081 Oremus
1228 1022 1680 1093 Redemptorem
1710 1017 1942 1076 mundi.
1984 1020 2087 1075 Re~

476 1118 602 1173 utre
632 1116 746 1185 fol.
767 1118 855 1169 66.

440 1134 602 1189 quire
632 1134 746 1185 [οι.
767 1134 873 1193 ουκ

515 1204 819 1275 Capitula.
842 1201 1123 1259 Decantet
1138 1198 1243 1256 tibi
1270 1198 1529 1257 Ecclesia
1548 1200 1671 1263 tua,
1694 1196 1961 1267 Domine,
1984 1211 2089 1253 no-

438 1308 581 1349 vum
609 1292 909 1348 canticum
926 1290 986 1346 in
1007 1290 1189 1345 choro
1214 1287 1503 1357 ﬁdeliter;
1530 1291 1704 1359 teque
1729 1286 1941 1342 crebra
1968 1300 2089 1341 me-

440 1380 726 1438 ditatione
755 1380 815 1434 in
846 1377 1152 1451 tympanis
1178 1375 1454 1432 concinat
1480 1375 1864 1431 conﬁdenter.
1884 1378 1966 1432 Tu
1985 1375 2089 1431 ita-

440 1485 557 1541 que
581 1468 842 1523 clemens
865 1466 1077 1531 tribue,
1096 1470 1161 1521 ut
1181 1464 1267 1519 sic
1279 1464 1386 1520 tibi
1406 1463 1796 1536 beneplaceat
1814 1463 1875 1518 in
1898 1478 2091 1535 popu-

437 1556 533 1622 lis,
556 1555 1076 1628 quemadmodum
1098 1553 1352 1623 gloriose
1371 1552 1721 1623 jocundaris
1741 1552 1801 1607 in
1813 1550 2048 1622 Angelis
2073 1568 2085 1606 :

438 1649 496 1700 et
524 1644 833 1716 quomodo
854 1648 908 1699 te
926 1644 987 1698 in
1013 1641 1304 1698 Matutinis
1324 1640 1628 1697 diversitas
1647 1640 2089 1711 redemptorum

440 1732 835 1797 concelebrat,
864 1731 949 1787 sic
977 1730 1085 1787 tibi
1110 1730 1171 1785 in
1186 1729 1409 1785 lumine
1429 1729 1713 1800 placitum
1730 1728 2086 1784 famulatum
2116 1748 2167 1807 Β

437 1820 531 1879 sui
561 1819 739 1876 ofﬁcii
766 1822 1163 1891 repraesentet.
1188 1817 1277 1873 Da
1305 1817 1484 1887 igitur
1510 1816 1735 1890 populo
1753 1821 1877 1881 tuo,
1900 1817 2089 1872 omni-

437 1912 652 1981 potens
681 1910 858 1978 Deus,
879 1908 987 1964 tibi
1017 1908 1244 1965 aifatim
1275 1906 1648 1979 complacere
1679 1926 1693 1964 :
1724 1905 2088 1975 laudemque

438 2001 606 2054 tuam
635 1996 815 2068 plena
844 1998 1152 2053 sanctitate
1189 1996 1449 2069 proferre
1479 2013 1493 2051 :
1526 1995 1739 2067 Sicque
1768 2010 1881 2050 nos
1902 1993 2087 2049 facias

436 2085 621 2155 hujus
644 2085 761 2141 diei
790 2090 1099 2142 momenta
1126 2090 1548 2150 transcurrere,
1567 2099 1644 2140 ne
1668 2098 1910 2155 gressus
1930 2083 2008 2138 ad
2032 2086 2086 2138 te

436 2173 892 2245 properantium
921 2173 1295 2230 adversarius
1332 2188 1475 2229 suus
1500 2172 1657 2229 valet
1702 2172 1764 2227 in
1802 2169 2087 2241 compede

435 2261 768 2334 praepedire
803 2278 813 2317 :
842 2266 909 2317 ut
926 2278 1080 2333 quos
1098 2266 1392 2318 mercatus
1413 2278 1475 2317 es
1497 2258 2089 2331 sanguine,salvasti—

438 2366 557 2423 que
581 2365 689 2422 per
703 2366 962 2419 crucem,
982 2355 1039 2407 et
1059 2351 1384 2407 sublevasti
1408 2366 1515 2423 per
1532 2350 1716 2406 ﬁdem
1736 2347 2086 2417 ;resuscites

438 2440 501 2495 in
524 2438 737 2496 virtute
763 2444 851 2506 ;et
868 2441 946 2497 ad
958 2441 1175 2497 caelum
1201 2440 1493 2511 provehas
1504 2437 1887 2495 inenarrabili
1906 2437 2023 2508 maj
2033 2451 2086 2492 e-

440 2531 588 2585 state
616 2547 630 2588 :
660 2529 890 2601 Quique
920 2533 973 2585 te
992 2545 1154 2585 nunc
1181 2534 1398 2586 moesto
1426 2526 1651 2584 lumine
1676 2529 2019 2598 suspectant
2057 2540 2089 2581 e

439 2617 631 2683 terris,
673 2621 731 2673 et
772 2617 1168 2689 gemebundis
1204 2616 1490 2673 cordibus
1527 2618 1972 2689 prosequuntur
2008 2612 2087 2669 ab

439 2703 609 2770 imis;
640 2704 884 2761 dextera
900 2710 1003 2762 tua
1040 2705 1431 2761 adtrahantur
1446 2705 1508 2760 in
1533 2704 1809 2774 supernis
1838 2717 1851 2757 :
1882 2705 1940 2758 et
1959 2701 2087 2771 glo-

439 2792 542 2848 rise
568 2793 767 2848 amicti
799 2794 984 2863 stolis,
1015 2798 1070 2849 te
1099 2794 1160 2849 in
1194 2797 1426 2865 Hymno
1452 2807 1613 2849 novo
1633 2790 1965 2861 gloriﬁcent
1987 2804 2087 2862 pe-

437 2880 609 2936 renni
634 2881 1003 2951 jocunditate
1033 2898 1172 2938 cum
1201 2881 1454 2939 Sanctis.

508 2969 677 3025 Pater
713 2975 933 3027 noster.
961 2972 1212 3029 Liberati
1240 2987 1277 3027 a
1306 2971 1488 3026 malo.
1524 2970 1727 3036 Quare
1747 2970 1861 3039 fol.
1886 2972 1943 3024 2.

2203 484 2317 540 ritu
2346 488 2466 540 tuo.

2272 574 2502 631 Lauda.
2531 576 2595 629 In
2616 570 2794 629 corde
2810 584 2946 627 meo
2964 567 3255 626 abscondi
3276 567 3517 641 eloquia
3538 572 3646 628 tua
3667 590 3679 631 :
3705 570 3860 628 Alle-

2200 661 2344 719 luia.
2376 663 2448 717 P.
2478 664 2546 718 Ut
2575 676 2698 717 non
2728 674 2970 733 peccem
2997 657 3126 713 tibi.
3177 656 3443 713 Alleluia.
3478 657 3543 718 Ψ.
3578 659 3862 717 Benedic-

2199 755 2295 810 tus
2340 768 2403 809 es
2433 751 2679 808 Domine
2710 768 2725 818 ;
2774 750 2923 806 doce
2957 764 3055 805 me
3094 747 3547 819 justiﬁcationes
3584 752 3745 808 tuas.
3770 750 3851 806 P.

2203 845 2269 898 Ut
2286 857 2407 898 non
2435 856 2700 914 peccem.
2732 837 2793 900 ἲν.
2828 836 3044 901 Gloria,
3085 840 3143 893 et
3180 836 3375 894 honor
3412 837 3588 904 Patri,
3630 841 3747 897 etc.
3782 838 3850 901 1.

2201 934 2267 989 Ut
2286 946 2409 989 non
2440 945 2703 1003 peccem.

2761 1029 2803 1097 ι
2822 1028 2865 1096 ι
2880 1025 2932 1097 3
2965 1024 3256 1097 Hymnus.

2456 1126 2499 1181 Ο
2531 1126 2650 1180 Lux
2682 1123 2861 1179 beata
2885 1122 3133 1179 Trinitas
3166 1137 3182 1179 :

2373 1216 2441 1271 Et
2467 1212 2810 1285 principalis
2838 1211 3041 1267 Unitas
3076 1222 3094 1271 ε

2372 1305 2501 1359 Jam
2532 1301 2619 1356 sol
2644 1300 2865 1357 recedit
2892 1300 3125 1369 igneus,

2375 1390 2620 1449 Infunde
2645 1389 2848 1445 lumen
2881 1387 3189 1445 cordibus.

2445 1482 2473 1535 J
2481 1496 2579 1536 am
2608 1479 2798 1535 noctis
2821 1482 3058 1550 tempus
3082 1476 3321 1534 advenit
3346 1493 3361 1532 :

2378 1569 2644 1636 Quietem
2670 1567 2841 1624 nobis
2864 1566 3073 1631 tribue,

2377 1658 2641 1715 Diluculo
2671 1674 2782 1713 nos
2810 1656 3041 1728 respice

2376 1752 2454 1805 De
2481 1748 2630 1803 coelo
2660 1745 3145 1803 clementissime.

2444 1840 2527 1893 Tu
2557 1836 2777 1892 Christe
2800 1835 2961 1892 solve
2990 1834 3252 1904 vincula,

2372 1926 2654 1995 Absterge
2678 1927 2882 1980 nostra
2917 1922 3082 1993 vitia,

2372 2015 2593 2071 Relaxa
2616 2013 2781 2085 prius
2803 2012 3073 2083 crimina,

2373 2107 2440 2159 Et
2462 2102 2705 2172 indulge
2742 2100 3007 2157 facinora
3020 2142 3033 2155 .

2446 2194 2722 2255 Oramus,
2756 2193 2818 2245 ut
2847 2186 3136 2245 exaudias
3165 2204 3179 2243 :

2372 2283 2709 2343 Precamur,
2740 2282 2804 2334 ut
2834 2276 3175 2342 subvenias,

2375 2368 2599 2426 Christe
2624 2370 2761 2423 Jesu
2790 2366 3183 2437 omnipotens,

2373 2459 2457 2513 Tu
2486 2471 2599 2512 nos
2630 2472 2667 2511 a
2686 2440 2848 2510 malo
2878 2454 3085 2509 libera.

2444 2548 2518 2601 Te
2542 2559 2721 2600 mane
2741 2542 2991 2599 laudum
3017 2541 3302 2607 carmine,

2372 2637 2447 2691 Te
2472 2632 2872 2707 prmdicamus
2899 2646 3143 2703 vespere
3167 2652 3182 2701 ;

2371 2726 2444 2779 Te
2466 2726 2673 2779 nostra
2703 2720 2954 2794 supplex
2988 2721 3176 2791 gloria

2370 2812 2476 2868 Per
2503 2813 2718 2867 cuncta
2752 2809 2955 2866 laudet
2985 2810 3230 2866 saecula.

2367 2904 2576 2955 Amen.

2260 2989 2653 3059 Supplicatio.
2706 2989 2954 3045 Oremus
2977 2987 3440 3063 Redemptorem
3473 2988 3708 3045 mundi.
3733 2990 3857 3047 Re-

504 3059 737 3151 ζιιιιίιίαζ
767 3062 1009 3117 Cantate
1033 3060 1287 3151 Domino
1317 3059 1616 3151 canticum
1643 3073 1910 3151 novum“:
1935 3057 2085 3151 Alle—
2113 3096 2153 3151 ρ
2189 3057 2359 3151 quin;
2381 3057 2491 3149 fol,
2523 3082 2610 3133 66,

432 3145 575 3204 luia.
604 3147 675 3203 P.
706 3149 860 3205 Laus
890 3151 1022 3219 ejus
1052 3149 1113 3204 in
1134 3148 1393 3204 Ecclesia
1422 3150 1784 3203 sanctorum.
1810 3147 2076 3215 Alleluia,

432 3234 686 3292 alleluia.
714 3236 777 3296 Ψ.
805 3239 1054 3293 Laetetur
1097 3236 1277 3293 Israel
1316 3236 1377 3291 in
1398 3251 1491 3301 eo,
1530 3235 1635 3307 qui
1662 3234 1797 3291 fecit
1833 3235 2032 3307 ipsum
2061 3254 2075 3289 :

431 3328 488 3379 et
505 3323 639 3379 ﬁliae
667 3324 806 3381 Sion
835 3327 1099 3382 exultent
1119 3324 1312 3397 |super
1338 3339 1541 3394 regem
1574 3339 1770 3379 suum.
1810 3324 1883 3379 P.
1924 3326 2077 3380 Laus

430 3412 578 3483 ejus.
601 3412 662 3473 V.
697 3412 895 3471 Gloria
923 3419 979 3470 et
998 3414 1210 3481 honor,
1243 3416 1352 3469 etc.
1386 3415 1451 3467 P.
1480 3415 1631 3469 Laus
1660 3412 1807 3482 ejus.

499 3503 860 3559 Benedictio.
908 3502 1186 3559 Eternus
1227 3502 1538 3569 Dominus,
1568 3502 1776 3568 Quaere
1800 3501 1912 3570 fol.
1957 3504 2077 3556 110.

500 3590 564 3643 In
591 3591 835 3646 nomine
866 3593 1119 3648 Domini.

501 3677 1115 3736 Commemorationes.
1156 3682 1367 3748 Quare
1392 3681 1503 3750 fol.
1538 3682 1625 3735 94.

497 3764 776 3823 Exeunte
813 3768 1066 3836 Vespera
1096 3770 1322 3825 Lauda.
1352 3767 1623 3824 lllumina
1660 3766 1864 3824 oculos
1888 3782 2075 3835 meos,

430 3853 697 3918 Domine,
738 3870 814 3910 ne
860 3870 1129 3927 unquam
1172 3855 1569 3913 obdormiam.
1628 3858 1694 3912 P.
1744 3859 1807 3912 ln
1854 3864 2069 3914 morte.

426 3942 488 4001 ῒ.
518 3942 783 4014 Respice,
820 3947 877 4000 et
902 3944 1120 3999 exaudi
1156 3960 1273 4014 me,
1304 3944 1549 4000 Domine
1580 3946 1734 4001 Deus
1755 3961 1926 4002 meus
1960 3964 1973 4002 :
2000 3962 2077 4002 ne

427 4032 674 4103 quando
713 4032 869 4090 dicat
895 4032 1171 4088 inimicus
1196 4048 1368 4089 meus
1405 4050 1416 4088 :
1464 4034 1755 4089 Praevalui
1785 4035 2075 4092 adversus

429 4135 586 4176 eum.
613 4121 683 4178 P.
722 4122 788 4177 In
817 4126 1027 4178 morte.

498 4210 789 4265 Dominus
820 4210 893 4267 sit
918 4225 1155 4283 semper
1181 4210 1519 4269 vobiscum.
1551 4222 1615 4279 nr.
1645 4213 1711 4267 Et
1739 4228 1895 4269 cum.

496 4297 673 4353 Sono.
698 4300 870 4365 Deus,
897 4300 961 4357 in
984 4304 1039 4356 te
1066 4299 1584 4371 speraviDomine,
1600 4315 1722 4356 non
1743 4302 2077 4360 confundar

425 4386 489 4440 in
513 4389 849 4444 aeternum:
899 4388 961 4443 in
987 4392 1091 4444 tua
1132 4388 1361 4459 justitia
1406 4388 1594 4445 libera
1640 4404 1757 4445 me.
1804 4390 2069 4449 Alleluia.

424 4473 487 4533 ἲν.
521 4477 656 4532 Esto
702 4477 849 4533 mihi
902 4477 965 4533 in
991 4480 1177 4533 Deum
1224 4481 1639 4549 protectorem,
1686 4482 1742 4534 et
1780 4478 1840 4535 in
1877 4480 2078 4535 locum

424 4566 743 4637 munitum,
787 4571 850 4623 ut
870 4566 1105 4623 salvum
1131 4582 1227 4623 me
1246 4566 1448 4637 facias,
1478 4568 1652 4623 Deus.
1688 4567 1839 4633 Quia
1879 4568 2079 4624 ﬁrma-

423 4658 694 4711 mentum
730 4670 958 4725 meum,
1011 4659 1067 4712 et
1110 4655 1407 4727 refugium
1461 4672 1665 4714 meum
1720 4672 1784 4713 es
1815 4661 1901 4713 tu.
1930 4656 2078 4713 Alle-

422 4741 564 4800 luia.

496 4832 783 4892 Dominus
809 4834 883 4893 sit
902 4851 1137 4909 semper
1161 4835 1498 4894 vobiscum.
1528 4846 1591 4907 1),.
1620 4838 1843 4890 Etcum
1866 4834 2073 4907 spiritu

423 4922 544 4977 tuo.

492 5011 860 5079 Antiphona.
893 5017 1022 5071 Non
1053 5021 1137 5073 est
1162 5017 1314 5073 alius
1360 5018 1513 5071 Deus
1550 5017 1764 5086 praeter
1787 5028 1883 5068 me
1914 5030 1926 5068 :
1959 5028 2071 5085 ego

420 5096 669 5154 fundavi
708 5105 945 5169 terram,
969 5108 1025 5159 et
1076 5105 1382 5159 hominem
1428 5118 1609 5173 super
1639 5118 1772 5157 eam
1802 5118 1814 5155 :
1853 5102 1917 5155 P.
1946 5103 2069 5171 Ego

417 5186 655 5244 ﬁrmavi
684 5190 884 5257 caelos,
926 5198 985 5249 et
1024 5207 1242 5261 omnes
1275 5190 1490 5255 stellas,
1536 5191 1732 5246 lucem
1764 5190 2064 5246 mandavi.

415 5276 478 5335 ἲν.
514 5279 758 5336 Domine
786 5284 938 5338 Deus
967 5282 1250 5337 virtutum
1275 5284 1549 5335 converte
1572 5296 1682 5335 nos
1709 5297 1719 5336 :
1748 5285 1803 5335 et
1824 5280 2067 5336 ostende

415 5364 631 5425 faciem
661 5378 829 5427 tuam
859 5387 871 5426 :
897 5373 953 5425 et
986 5368 1131 5425 salvi
1154 5368 1393 5423 erimus.
1429 5368 1493 5423 P.
1528 5371 1650 5438 Ego
1691 5370 1928 5425 ﬁrmavi
1951 5385 2067 5424 coe-

414 5453 527 5595 losi
555 5457 617 5515 w.
659 5458 869 5526 Gloria,
902 5461 959 5513 et
986 5457 1180 5514 honor
1207 5456 1379 5525 Patri,
1412 5462 1522 5515 etc.
1566 5459 1629 5514 P.
1673 5462 1791 5529 Ego
1829 5457 2066 5513 ﬁrmavi

418 5555 507 5594 cce
531 5556 622 5595 os.

418 5555 597 5597 003108
608 5585 622 5599 .

2260 3169 2455 3241 Kyrie,
2491 3168 2730 3223 eleison.
2760 3178 2822 3237 ag.
2850 3167 3099 3233 Christe,
3120 3167 3358 3235 eleison,
3380 3169 3572 3241 Kyrie,
3598 3167 3855 3224 eleison-

2264 3255 2925 3327 CapitulaJlluminatio
2949 3256 3233 3329 salusque
3250 3257 3559 3313 nostra.Et
3579 3257 3856 3313 Benedic-

2190 3348 2267 3403 tio
2280 3390 2293 3403 .
2335 3346 2607 3418 Dignare,
2623 3344 2892 3415 Domine,
2910 3345 3064 3401 hanc
3088 3344 3379 3402 familiam
3396 3354 3580 3403 tuam.
3600 3345 3859 3416 Require

2185 3436 2301 3507 fol.
2332 3434 2420 3489 97.

2264 3524 2374 3579 Per
2393 3520 2868 3577 misericordiam
2896 3524 3084 3577 tuam.

2261 3610 2550 3667 Dominus
2576 3609 2651 3665 sit
2670 3625 2905 3681 semper
2929 3609 3262 3667 vobiscum.
3282 3621 3347 3681 13:.
3372 3612 3438 3667 Et
3462 3624 3601 3666 cum
3628 3610 3851 3683 spiritu

2190 3702 2312 3756 tuo.

2260 3788 2489 3845 Lauda.
2524 3786 2856 3843 Cantabiles
2882 3791 3049 3843 erant
3074 3788 3247 3857 mihi,
3279 3788 3548 3854 Domine,
3570 3788 3643 3844 P.
3670 3789 3852 3845 Justi-

2188 3878 2493 3934 ﬁcationes
2524 3881 2657 3933 tuae.
2700 3876 2968 3946 Alleluia,
3010 3877 3262 3934 alleluia.
3304 3878 3366 3937 1⁷.
3400 3881 3533 3934 Haec
3573 3878 3733 3935 facta
3763 3894 3827 3935 es

2188 3966 2335 4022 mihi
2366 3965 3009 4038 :quiajustiﬁcationes
3049 3971 3183 4022 tuas
3209 3966 3524 4039 exquisivi.
3562 3967 3625 4021 P.
3665 3966 3847 4023 Justi-

2185 4055 2494 4111 ﬁcationes
2522 4058 2657 4110 tuae.
2692 4054 2755 4114 ἲν.
2789 4054 3003 4121 Gloria,
3038 4059 3093 4111 et
3120 4055 3333 4120 honor,
3375 4059 3489 4112 etc.
3528 4055 3846 4112 P.1ustiﬁ-

2187 4144 2464 4208 cationes,

2261 4232 2485 4288 Oratio.
2520 4230 2885 4287 Desiderium
2911 4235 3150 4287 tuorum
3173 4232 3446 4288 Domine.
3476 4232 3734 4303 Require
3755 4244 3850 4288 re“

2190 4326 2281 4377 tro
2306 4321 2419 4390 fol.
2456 4321 2576 4374 111.
2613 4320 3201 4377 Commemoratz'ones
3227 4321 3331 4392 fol.
3363 4322 3450 4376 94.

2350 4428 2419 4482 ΙΝ
2457 4426 2711 4482 TERTIO
2752 4428 3085 4484 DOMINICO
3126 4429 3299 4485 POST
3338 4428 3668 4485 OCTAVAM

2802 4535 3215 4592 EPIPHANl/E.

2679 4638 2938 4697 Sabbato
3003 4642 3331 4711 Vesperum.

2253 4747 2482 4803 Lauda.
2516 4746 2789 4803 lllumina
2814 4748 3022 4803 oculos
3051 4763 3235 4819 meos,
3288 4748 3555 4815 Domine,
3584 4762 3662 4804 ne
3703 4764 3840 4804 um-

2182 4851 2368 4908 quam
2397 4836 2798 4892 obdormiam.
2828 4839 2885 4891 P.
2910 4838 2973 4891 In
3002 4841 3213 4892 morte.
3239 4837 3303 4897 ἵ.
3340 4838 3609 4909 Respice,
3644 4841 3701 4893 et
3728 4846 3838 4893 ex-

2182 4924 2325 4983 audi
2354 4940 2449 4980 me
2482 4924 2732 4980 Domine
2764 4928 2915 4980 Deus
2943 4940 3107 4980 meus
3139 4943 3152 4980 :
3187 4924 3514 4997 nequando
3536 4925 3697 4982 dicat
3725 4926 3840 4982 ini-

2179 5015 2371 5071 micus
2437 5028 2607 5069 meus
2672 5030 2684 5069 :
2745 5014 3031 5069 Prmvalui
3095 5014 3387 5070 adversus
3443 5030 3601 5070 eum.
3650 5014 3709 5072 P.
3768 5018 3836 5071 In

2179 5109 2389 5161 morte.

2252 5194 2473 5248 Oratio.
2500 5192 2772 5247 lllumina
2794 5191 3001 5247 oculos
3022 5195 3256 5248 nostros
3277 5192 3527 5247 Domine
3559 5208 3572 5246 :
3602 5196 3669 5247 ut
3698 5192 3759 5247 in
3776 5196 3837 5249 te

2177 5280 2317 5335 ﬁdei
2360 5285 2580 5334 nostrae
2619 5280 2817 5335 deﬁxo
2881 5280 3118 5349 obtutu,
3169 5285 3223 5336 et
3267 5280 3581 5336 consilium
3624 5282 3837 5338 anima

2177 5374 2381 5423 ucstra
2410 5367 2629 5420 amoris
2659 5369 2742 5422 tui
2771 5368 3085 5424 dulcedine
3110 5371 3327 5441 capiat,
3367 5375 3424 5427 et
3466 5369 3738 5426 dolorem
3769 5371 3835 5425 in

2178 5455 2355 5510 corde
2380 5459 2583 5510 nostro
2604 5455 2827 5511 timoris
2857 5458 2937 5512 tui
2968 5458 3373 5515 recordatione
3393 5458 3733 5515 concludat.
3760 5470 3831 5518 η.

2176 5545 2383 5601 Amen.
2417 5546 2521 5600 Per
2548 5544 3039 5603 misericordiam.
