4102 6176
195 282 303 339 221

1149 272 1500 332 DOMINICA
1537 271 1612 329 III
1651 268 1836 329 POST
1873 267 2227 330 OCTAVAM
2262 273 2686 336 EPIPHANUE.

3518 288 3626 348 222

269 408 454 470 Sono,
476 400 916 471 etAntiphona,
932 398 1166 471 Lauda,
1179 401 1456 472 Hymnus
1469 401 1770 463 dicantur,
1797 403 1865 454 ut
1892 399 1940 453 A
1971 397 2124 454 riam
2163 399 2283 466 Dei,
2318 405 2375 459 et
2403 419 2587 476 opera
2616 417 2908 462 manuum
2937 403 3068 476 ejus
3092 410 3403 468 annuntiat
3424 411 3624 471 ﬁrma.

200 497 266 552 in
285 498 563 553 Exeunte
585 494 658 549 de
669 491 925 550 secundo
947 491 1257 546 Dominico
1276 492 1583 559 praeterito
1600 491 1713 558 fol.
1743 491 1861 543 110.

270 583 674 654 Supplicatio.
694 583 934 638 Oremus
949 579 1399 652 Redemptorem
1414 578 1634 636 mundi.
1657 578 1866 646 Quaere

195 675 313 744 fol.
339 678 431 729 66.

278 763 588 831 Capitula.
625 762 806 825 Deus,
826 759 931 831 qui
950 757 1422 814 vicissitudinem
1450 757 1586 824 diei,
1606 761 1662 812 et
1677 755 1868 812 noctis

206 867 339 908 esse
366 851 612 922 jussisti,
665 853 730 904 ut
759 848 1005 919 fatigata
1052 847 1265 903 mundi
1298 847 1526 903 actibus
1573 846 1863 909 membra,

205 941 403 1013 spatio
444 938 894 1003 interveniente,
936 936 1414 1007 requiescerent:
1448 938 1669 1008 praesta
1691 934 1868 989 nobis

209 1035 449 1086 noctem
479 1028 772 1099 quietam,
806 1029 872 1080 ut
908 1024 985 1080 ad
1024 1025 1461 1081 confessionem
1491 1023 1749 1080 nominis
1786 1022 1868 1078 tui

209 1119 337 1173 sine
351 1118 468 1173 ullo
481 1120 731 1189 peccato
747 1113 1010 1170 diluculo
1023 1129 1462 1183 consurgamus
1481 1132 1493 1168 :
1509 1117 1564 1169 et
1577 1111 1868 1169 auxilium

201 1207 496 1263 virtutum
514 1210 776 1271 tuarum,
797 1207 962 1260 tuam
979 1203 1358 1260 clementiam
1376 1204 1782 1276 deprecemur,
1805 1205 1869 1256 ut

203 1296 539 1351 conﬁrmes
570 1310 679 1350 nos
707 1293 764 1348 in
793 1293 1107 1365 praeceptis
1157 1293 1294 1355 tuis,
1327 1296 1383 1348 et
1420 1291 1718 1363 sapientiae
1752 1294 1867 1345 tua;

207 1383 536 1456 splendore
557 1398 784 1455 semper
801 1381 1134 1452 illumines;
1163 1396 1275 1437 nec
1291 1381 1414 1437 ulla
1433 1381 1710 1436 vitiorum
1733 1378 1869 1435 cali-

206 1473 372 1544 gine,
404 1475 634 1526 mentes
659 1474 893 1526 nostras
923 1485 1206 1526 enervare
1231 1471 1559 1542 permittas.

277 1562 449 1615 Pater
488 1564 708 1615 noster.
757 1562 820 1615 Et
849 1574 945 1617 ne.
976 1559 1225 1615 Liberati
1258 1562 1294 1615 a
1324 1558 1507 1629 malo,
1537 1561 1647 1614 etc.
1675 1557 1783 1627 fol.
1812 1563 1863 1613 2.

277 1648 599 1704 Humiljate
628 1665 737 1704 vos
768 1647 1190 1705 benedictioni.

277 1737 572 1792 Dominus
611 1737 680 1792 sit
716 1753 954 1808 semper
980 1737 1318 1792 vobiscum.
1351 1748 1417 1807 Bt.
1443 1739 1510 1792 Et
1540 1752 1698 1792 cum.

275 1827 641 1882 Benedictio.
665 1826 929 1882 Christus
951 1827 1238 1881 Dominus
1253 1827 1355 1899 qui
1368 1827 1678 1882 erraticam
1691 1842 1866 1882 ovem

200 1915 474 1970 humeris
497 1916 624 1970 suis
646 1916 708 1970 in
730 1914 945 1971 ccelum
967 1916 1220 1980 reduxit,
1250 1915 1380 1987 ipse
1401 1931 1508 1971 vos
1529 1932 1565 1972 a
1587 1916 1865 1972 sordibus

200 2009 595 2075 peccatorum
627 2009 935 2076 expurget.
960 2016 1025 2068 ny.
1057 2009 1263 2060 Amen.
1298 2005 1408 2070 Qui
1436 2004 1649 2060 latroni
1683 2004 1864 2060 afﬁxo

197 2099 450 2164 peccata
463 2094 708 2150 donavit
727 2113 738 2164 ;
756 2110 1016 2166 eumque
1033 2095 1316 2166 paradiso
1329 2096 1600 2161 restituit,
1614 2095 1744 2166 ipse
1757 2111 1862 2150 vos

197 2185 236 2237 a
258 2183 490 2237 cunctis
510 2183 767 2254 peccatis
792 2183 1059 2248 mundet,
1090 2188 1144 2239 et
1172 2185 1492 2255 praesentia
1525 2200 1648 2239 suae
1696 2183 1865 2239 clari-

200 2273 338 2327 tatis
374 2271 652 2328 illustret.
687 2272 748 2331 ἲν.
807 2277 1011 2328 Amen.
1047 2271 1363 2341 Abstergat
1393 2275 1428 2327 a
1465 2271 1633 2326 vobis
1684 2285 1864 2325 omne

200 2360 404 2414 scelus
443 2360 892 2432 peccaminum,
924 2364 979 2417 et
1015 2360 1076 2415 in
1106 2364 1257 2416 cuitu
1283 2359 1548 2416 conlocet
1590 2358 1863 2415 omnium

196 2450 542 2504 Beatorum.
580 2461 646 2517 ἢ.
688 2449 898 2504 Amen.

270 2538 383 2592 Per
409 2537 914 2594 misericordiam.

266 2626 510 2681 Lauda.
532 2626 885 2699 Concupivit
901 2625 1101 2682 anima
1113 2641 1249 2682 mea
1269 2625 1608 2681 desiderare
1633 2624 1863 2696 judicia

194 2720 318 2770 tua.
357 2715 420 2768 P.
473 2717 534 2770 In
567 2717 733 2770 omni
775 2719 1039 2786 tempore
1072 2733 1084 2770 :
1119 2714 1387 2782 Alleluia,
1440 2714 1694 2776 alleluia,
1729 2714 1863 2769 alle-

198 2803 344 2860 luia.
374 2804 441 2861 1’.
479 2806 770 2859 Memento
798 2803 965 2859 verbi
994 2804 1080 2860 tui
1120 2820 1292 2859 servo
1321 2808 1443 2868 tuo,
1478 2804 1539 2858 in
1567 2818 1688 2874 quo
1714 2802 1862 2857 mihi

201 2907 376 2965 spem
403 2893 643 2948 dedisti.
675 2893 738 2948 P.
768 2895 830 2948 In
852 2894 1017 2948 omni
1043 2898 1329 2966 tempore.
1357 2893 1420 2953 ἲν.
1449 2893 1662 2958 Gloria,
1687 2897 1743 2948 et
1761 2892 1865 2948 ho-

203 2996 344 3036 nor.
386 2981 450 3035 P.
483 2980 754 3047 Alleluia,
790 2981 1045 3048 alleluia,
1075 2982 1328 3037 alleluia.

289 3069 511 3125 Oratio.
545 3069 636 3124 Ab
666 3070 911 3124 occultis
939 3070 1174 3126 nostris.
1207 3069 1460 3141 Bequire
1487 3067 1675 3139 infra.

783 3159 883 3213 Ad
905 3161 1286 3214 matutinum.

278 3248 578 3317 Hymnus.
600 3250 828 3303 xEterne
851 3264 1047 3303 rerum
1073 3249 1370 3304 Conditor.
1419 3246 1790 3318 chuirefol.
1810 3249 1862 3302 3.

278 3338 509 3392 Oratio.
525 3339 600 3392 Te
614 3338 1085 3408 omnipotentem
1108 3337 1450 3402 Dominum,
1470 3337 1865 3406 omniumque

198 3442 400 3482 rerum
418 3427 870 3483 Dominatorem
902 3450 913 3479 :
939 3432 991 3482 te
1005 3427 1254 3483 humani
1269 3427 1498 3497 generis
1515 3426 1864 3498 Redempto-

192 3531 345 3579 rem,
378 3521 599 3571 cuncta
633 3516 857 3587 ubique
886 3515 1104 3572 diﬂ‘usa
1124 3516 1435 3572 conﬁtetur
1464 3515 1741 3580 Ecclesia,
1770 3514 1863 3569 ﬁr-

189 3605 470 3659 missime
489 3619 674 3675 supra
690 3610 919 3676 petram
943 3604 1192 3659 fundata
1222 3621 1234 3658 :
1263 3605 1323 3658 in
1341 3619 1463 3676 qua
1482 3608 1538 3658 te
1551 3607 1862 3675 precantes

190 3692 470 3759 exaudis,
500 3700 556 3747 et
584 3692 856 3748 ﬂentium
880 3692 1087 3764 culpas
1110 3692 1327 3761 abluis,
1350 3691 1696 3764 luctumque
1718 3707 1862 3746 mce-

191 3781 453 3836 rentium
472 3782 534 3836 in
560 3781 850 3851 gaudium
871 3781 1049 3836 vertis
1087 3798 1099 3836 :
1130 3781 1213 3835 sic
1239 3779 1394 3849 gallo
1421 3784 1669 3836 canente
1691 3795 1860 3851 spem

195 3869 409 3924 tribuis
441 3870 671 3925 cunctis
698 3887 709 3924 :
745 3869 827 3924 sic
854 3869 1195 3925 valetudine
1224 3874 1607 3941 peccatorum
1636 3869 1861 3923 detem-

195 3967 358 4031 ptos,
378 3959 526 4015 facis
549 3959 900 4014 ﬁducialiter
920 3959 1332 4014 convalescere
1349 3973 1540 4027 aegros
1566 3974 1578 4012 :
1606 3957 1859 4028 proinde

194 4063 512 4117 rogamus,
545 4052 608 4104 ut
637 4052 908 4119 respectu
936 4047 1171 4118 pietatis
1209 4051 1347 4114 tuae,
1378 4049 1641 4101 errantes
1674 4049 1711 4101 a
1739 4045 1858 4100 ﬁde

194 4137 482 4208 placatus
513 4137 788 4207 corrigas,
807 4152 875 4192 ac
888 4136 1114 4191 cunctis
1141 4135 1252 4190 tuis
1270 4133 1644 4206 supplicibus
1667 4133 1860 4188 indul-

198 4226 476 4294 gentiam
520 4225 828 4298 culparum
860 4224 1158 4281 concedas
1186 4241 1199 4279 :
1227 4227 1282 4279 et
1304 4227 1370 4279 ut
1398 4238 1513 4278 vox
1566 4227 1774 4279 nostra
1802 4227 1857 4279 te

194 4314 491 4386 primum,
522 4329 876 4386 semperque
907 4312 1206 4369 excelsum
1241 4315 1519 4385 personet
1546 4310 1856 4366 matutinis

192 4401 434 4469 ofﬁciis,
469 4407 524 4458 te
552 4419 761 4458 verum
787 4403 970 4458 Deum
1004 4401 1410 4474 prtedicando,
1444 4404 1500 4457 et
1527 4399 1853 4465 laudando,

190 4491 526 4563 pervigilet.
568 4503 633 4552 ἢ.
675 4494 864 4546 Amen
878 4534 890 4546 .

269 4580 378 4634 Per
409 4581 904 4636 misericordiam.

277 4671 316 4739 ι
337 4671 380 4739 1
395 4668 450 4741 4
477 4671 524 4724 Α
538 4670 852 4739 ntiphona.
879 4668 1035 4724 Multi
1056 4667 1261 4723 dicunt
1281 4666 1496 4723 anima“:
1515 4681 1663 4723 mea:
1690 4684 1702 4722 :
1734 4681 1857 4723 non

199 4764 288 4812 est
316 4759 480 4813 salus
508 4759 625 4829 ipsi
655 4757 715 4813 in
735 4759 853 4813 Deo
883 4758 1030 4828 ejus.
1053 4758 1323 4812 Psalmus
1350 4772 1429 4812 ιιι.

268 4847 647 4916 Antiphona.
666 4849 821 4902 Lava
833 4861 930 4901 me
945 4846 1022 4902 ab
1040 4845 1097 4900 in
1101 4845 1120 4914 j
1130 4845 1328 4900 ustitia
1339 4860 1474 4900 mea
1486 4845 1639 4900 Deus
1655 4859 1854 4901 meus:

202 4939 253 4990 et
280 4939 314 4990 εὶ
344 4939 600 5007 peccato
630 4950 767 4990 meo
798 4933 1031 4990 munda
1056 4948 1157 4988 cor
1181 4948 1405 4989 meum.
1438 4933 1709 4988 Psalmus
1733 4949 1786 4987 L.

271 5025 648 5094 Antiphona.
680 5023 947 5079 Exaltare
969 5038 1150 5094 super
1174 5021 1355 5078 caelos
1377 5023 1530 5077 Deus
1561 5041 1574 5079 :
1605 5029 1661 5078 et
1682 5037 1860 5093 super

197 5127 434 5169 omnem
467 5118 693 5170 terram
726 5113 915 5182 gloria
943 5116 1065 5168 tua.
1099 5111 1374 5166 Psalmus
1402 5127 1511 5166 va.

270 5203 496 5257 Oratio.
541 5201 1015 5258 Clementissime
1065 5199 1340 5265 Domine,
1386 5198 1489 5270 qui
1518 5214 1582 5254 es
1632 5197 1858 5254 anima-

188 5304 342 5354 rum,
371 5295 481 5346 etc.
519 5291 753 5358 Quaere.
782 5292 894 5358 fol.
937 5293 1015 5346 14.

261 5381 616 5448 Antiphonti
656 5385 703 5433 l.
731 5379 946 5434 Delicta
965 5382 1170 5434 nostra
1196 5385 1259 5435 tu
1289 5380 1449 5436 solus
1474 5377 1748 5446 intelligis
1778 5399 1789 5429 :
1820 5393 1856 5433 a

194 5469 449 5538 peccatis
467 5468 689 5524 nostris
706 5467 935 5522 munda
956 5482 1067 5522 nos
1085 5469 1355 5524 Domine.
1373 5469 1431 5524 P.
1467 5470 1532 5523 Et
1551 5467 1628 5523 ab
1646 5465 1855 5522 alienis

197 5571 373 5626 parce
415 5557 602 5612 servis
645 5555 779 5626 tuis,
819 5555 1091 5612 Domine.
1129 5556 1197 5614 ν.
1239 5556 1377 5614 Coeli
1423 5559 1703 5614 enarrant
1733 5553 1854 5625 glo-

1888 4444 1936 4498 D

1975 491 2262 545 mentum.
2295 491 2353 546 P.
2397 495 2460 548 Et
2490 492 2567 549 ab
2596 493 2820 550 alienis.
2847 493 2910 554 ἡ.
2945 494 3155 562 Gloria,
3201 502 3257 554 et
3284 499 3478 557 honor
3521 504 3624 560 Pa-

1973 576 2066 643 tri,
2099 582 2208 636 etc.
2242 581 2300 634 P.
2334 583 2398 636 Et
2427 581 2504 636 ab
2531 582 2762 641 alienis.

2048 666 2270 723 Oratio.
2304 669 2392 724 Ab
2432 670 2674 726 occultis
2707 671 2923 728 nostris
2952 672 3183 729 munda
3213 689 3324 731 nos
3373 678 3622 736 Domine

1973 757 2292 826 purgando
2330 761 2774 825 conscientiam,
2794 777 2980 833 quam
3006 762 3251 819 internis
3272 781 3342 820 ac
3371 769 3625 840 propriis

1973 841 2273 901 inﬁcimus
2298 848 2550 903 maculis
2580 865 2590 903 :
2617 849 2694 904 ab
2725 849 2932 905 alienis
2956 866 3196 923 quoque
3221 869 3400 926 parce
3443 857 3626 912 servis

1973 932 2107 1003 tuis,
2140 939 2301 991 utea
2329 936 2662 1009 indulgeas,
2704 955 2839 1010 quae
2868 940 2958 995 vel
3000 940 3298 997 malorum
3337 944 3629 1017 exemplis

1975 1020 2363 1091 addiscimus,
2381 1024 2476 1080 vel
2490 1025 2693 1096 pravis
2708 1027 2901 1082 inlecti
2914 1029 3410 1099 persuasionibus
3421 1048 3629 1106 perpe-

1974 1112 2203 1165 tramus
2229 1129 2241 1165 :
2266 1115 2330 1167 ut
2349 1113 2454 1184 qui
2478 1118 2533 1168 te
2555 1116 2858 1186 propriam
2881 1117 3264 1185 agnoscimus
3285 1120 3624 1186 Dominum,

1974 1203 2353 1270 peccatorum
2368 1216 2751 1278 nequaquam
2767 1204 3093 1261 sentiamus
3105 1205 3346 1262 ulterius
3359 1207 3629 1266 domina-

1973 1290 2122 1342 tum.
2155 1300 2226 1357 ἢ.
2257 1293 2471 1349 Amen.

2044 1377 2152 1431 Per
2181 1377 2675 1438 misericordiam.

2044 1463 2332 1521 Dominus
2373 1468 2465 1523 sit.
2500 1480 2566 1537 BI.
2591 1472 2656 1524 Et
2685 1485 2843 1525 cum.

2043 1572 2392 1642 Antiphona
2437 1580 2488 1631 2.
2521 1577 2671 1632 Mitte
2718 1577 2894 1634 nobis
2941 1578 3190 1634 Domine
3225 1579 3510 1636 auxilium
3550 1581 3626 1637 de

1976 1666 2181 1717 sancto
2209 1680 2222 1717 :
2255 1664 2315 1717 P.
2350 1667 2416 1720 Et
2436 1665 2510 1720 de
2544 1666 2683 1721 Sion
2710 1670 2873 1722 tuere
2903 1683 3015 1722 nos
3042 1668 3313 1725 Domine.
3343 1668 3405 1728 ἲν.
3441 1672 3628 1725 Exau-

1901 1753 1946 1808 B
1974 1750 2097 1806 diat
2126 1755 2180 1806 te
2213 1751 2503 1808 Dominus
2543 1755 2603 1809 in
2633 1754 2729 1809 die
2780 1755 3176 1810 tribulationis
3206 1773 3218 1809 :
3251 1760 3523 1826 protegat
3573 1760 3626 1812 te

1972 1853 2195 1894 nomen
2228 1841 2327 1895 Dei
2355 1842 2556 1898 Jacob.
2584 1845 2645 1901 P.
2682 1845 2748 1899 Et
2776 1843 2846 1898 de
2892 1844 3054 1900 Sion.
3089 1843 3154 1903 14'.
3184 1843 3395 1912 Gloria,
3427 1849 3485 1901 et
3522 1845 3627 1901 ho-

1971 1943 2087 1987 nor
2114 1930 2291 1987 Patri.
2331 1932 2394 1986 P.
2431 1935 2496 1988 Et
2525 1933 2599 1988 de
2632 1933 2794 1989 Sion.

2046 2019 2272 2074 Oratio.
2301 2020 2484 2092 Imple
2502 2022 2749 2078 Domine
2763 2037 2972 2078 omnes
2984 2022 3293 2094 petitiones
3305 2025 3544 2078 nostras
3556 2038 3626 2079 ac

1972 2106 2137 2163 mitte
2157 2108 2332 2163 nobis
2354 2110 2644 2166 auxilium
2661 2111 2736 2166 de
2754 2116 2961 2167 sancto
2996 2129 3008 2166 :
3036 2126 3269 2166 memor
3289 2114 3414 2167 esto
3430 2112 3626 2167 omnis

1972 2196 2243 2252 sacriﬁcii
2268 2199 2470 2264 nostri,
2499 2199 2664 2272 quod
2680 2199 2787 2255 tibi
2807 2215 2931 2256 non
2955 2200 3149 2255 solum
3173 2199 3502 2269 oblatione,
3521 2200 3627 2255 sed

1971 2285 2151 2342 etiam
2180 2287 2469 2353 oratione,
2515 2293 2694 2360 atque
2725 2288 3045 2345 afﬂictione
3073 2289 3392 2344 dicamus:
3421 2293 3484 2344 ut
3515 2304 3625 2344 nos

1970 2373 2075 2429 tibi
2102 2374 2359 2431 humiles
2397 2391 2634 2450 semper
2671 2376 2881 2443 iacias,
2905 2383 2962 2434 et
2991 2377 3275 2434 contritos
3308 2377 3621 2434 adtendas.

1970 2472 2035 2526 Rt.
2067 2465 2281 2520 Amen.

2042 2552 2153 2606 Per
2181 2553 2680 2610 misericordiam.

2041 2657 2388 2726 Antiphona
2411 2663 2461 2714 3.
2482 2659 2852 2714 Desiderium
2866 2660 3080 2714 animm
3099 2662 3316 2715 nostra:
3338 2660 3500 2717 dona
3517 2677 3619 2717 no-

1969 2746 2064 2802 bis
2087 2747 2352 2802 Domine.
2372 2748 2435 2805 P.
2475 2748 2756 2802 Praevenit
2780 2747 2962 2802 nosin
2983 2747 3399 2802 benedictione
3424 2749 3622 2804 dulce-

1971 2834 2145 2891 dinis.
2173 2834 2234 2895 tr.
2267 2835 2456 2890 Vitam
2485 2835 2653 2906 petiit
2688 2853 2700 2890 :
2730 2840 2784 2890 et
2809 2834 3017 2889 dedisti
3050 2835 3100 2888 ei
3136 2835 3196 2888 in
3248 2835 3619 2902 longitudine

1971 2922 2206 2978 dierum
2234 2923 2296 2978 in
2328 2928 2634 2992 aeternum,
2669 2927 2724 2979 et
2748 2923 2802 2977 in
2821 2922 3105 2977 saeculum
3126 2922 3349 2978 saeculi.
3376 2923 3438 2976 P.
3467 2923 3619 2977 Prte-

1971 3012 2108 3066 veni
2136 3027 2246 3067 nos
2274 3030 2287 3067 :
2316 3011 2375 3071 v.
2415 3011 2626 3076 Gloria,
2661 3015 2715 3068 et
2744 3012 2938 3068 honor
2978 3011 3159 3078 Patri,
3219 3015 3327 3067 etc.
3356 3014 3414 3066 P.
3475 3012 3620 3066 Prte-

1895 3099 1936 3154 C
1975 3101 2108 3155 veni
2142 3116 2251 3156 nos
2280 3101 2363 3156 in.

2048 3207 2269 3264 Oratio.
2307 3208 2575 3274 Domine,
2608 3209 2713 3283 qui
2753 3225 2864 3266 nos
2895 3208 3219 3281 praevenire
3247 3207 3527 3277 dignatus
3556 3223 3620 3262 es

1975 3297 2164 3365 gratia
2188 3296 2632 3368 redemptionis,
2666 3297 2929 3369 prceveni
2950 3298 3089 3351 item
3118 3296 3177 3349 in
3207 3295 3621 3350 benedictione

1973 3383 2306 3440 dulcedinis
2333 3403 2348 3439 :
2371 3387 2539 3457 etqui
2553 3386 2732 3440 vitam
2748 3383 3137 3455 temporalem
3159 3382 3385 3436 cunctis
3407 3388 3621 3434 morta-

1971 3471 2128 3529 libus
2157 3475 2385 3544 tribuis,
2417 3475 2603 3530 vitam
2634 3472 2970 3545 petentibus
2990 3475 3275 3526 aeternam
3297 3468 3470 3524 nobis
3495 3484 3622 3523 om-

1970 3567 2150 3623 nibus
2186 3563 2481 3634 largiaris.
2513 3575 2579 3630 Re.
2601 3566 2812 3619 Amen.

2042 3658 2146 3710 Per
2170 3655 2661 3710 misericordiam.

2040 3745 2315 3802 t".Bonus
2339 3748 2422 3798 est
2443 3743 2731 3798 Dominus
2744 3737 3172 3796 sustinentibus
3196 3751 3335 3792 eum
3361 3752 3374 3791 :
3403 3735 3619 3792 animae

1969 3848 2106 3905 quin
2135 3831 2381 3903 inquirit
2409 3846 2566 3885 eum.
2601 3832 2828 3885 Bonum
2856 3831 2942 3883 est
2973 3825 3273 3882 conﬁdere
3300 3830 3355 3879 et
3381 3840 3620 3896 sperare

1968 3921 2030 3978 in
2063 3921 2322 3977 salutare
2345 3920 2594 3976 Domini.
2631 3922 2857 3974 Bonum
2875 3921 2960 3972 est
2987 3916 3128 3971 viro.
3159 3914 3222 3969 P.
3251 3916 3399 3969 Cum
3425 3912 3624 3997 tulerit

1963 4011 2178 4081 jugum
2205 4024 2385 4078 grave
2417 4012 2453 4064 ὰ
2478 4010 2787 4078 juventute
2837 4022 2963 4062 sua.
2992 4005 3056 4064 if.
3103 4007 3314 4059 Beatus
3365 4002 3470 4066 vir,
3512 3999 3623 4072 qul

1967 4097 2225 4154 conﬁdet
2240 4097 2300 4152 in
2323 4097 2596 4161 Domino,
2618 4104 2673 4150 et
2697 4096 2804 4152 erit
2824 4094 3112 4150 Dominus
3133 4092 3358 4147 ﬁducia
3378 4091 3531 4163 ejus.
3551 4089 3615 4143 P.

1969 4191 2115 4245 Cum
2145 4187 2357 4244 tulerit.
2387 4187 2448 4247 ἲν.
2474 4186 2669 4242 Gloria
2702 4190 2810 4241 etc.
2836 4186 3169 4242 Reiteretur
3199 4193 3262 4250 11v.

2556 4293 2630 4347 In
2667 4291 2971 4347 Laudibus
3008 4330 3021 4342 .

2036 4399 2134 4455 Ad
2154 4399 2474 4456 Canticum.
2494 4398 2862 4468 Antiphona.
2881 4393 3258 4460 Deusﬁdelis,
3279 4391 3474 4464 inquo
3494 4405 3616 4448 non

1967 4494 2053 4545 est
2081 4489 2362 4561 iniquitas
2392 4507 2405 4544 :
2424 4491 2623 4560 justus
2650 4493 2707 4544 et
2736 4490 2975 4542 sanctus
3002 4484 3288 4540 Dominus
3313 4483 3486 4536 Deus.

2039 4577 2377 4634 Canticum.
2416 4576 2662 4632 Attende
2694 4575 2939 4631 Caelum.
2972 4573 3080 4642 fol.
3113 4573 3166 4626 4.

2040 4666 2263 4723 Oratio.
2292 4664 2742 4731 Deusﬁdelis,in
2766 4679 2887 4735 quo
2911 4660 3077 4717 nulla
3101 4664 3190 4716 est
3207 4658 3484 4730 iniquitas
3511 4672 3522 4710 :
3550 4661 3613 4710 tu

1960 4756 2155 4828 justus
2200 4760 2256 4811 et
2305 4759 2568 4822 sanctus,
2615 4758 2670 4808 et
2720 4752 3006 4808 Dominus
3039 4767 3052 4803 :
3080 4749 3183 4821 qui
3221 4752 3278 4803 et
3306 4746 3351 4800 si
3398 4745 3613 4800 nostris

1967 4845 2246 4917 operibus
2269 4843 2514 4916 provide
2543 4841 2786 4898 irritaris
2812 4860 2824 4909 ;
2857 4855 2979 4895 non
3009 4844 3230 4903 tamen,
3254 4839 3318 4890 ut
3346 4833 3616 4906 peccavi-

1965 4949 2123 5002 mus,
2141 4933 2464 4988 vindictam
2492 4945 2880 4998 exerces;nec
2909 4927 3211 4996 condigna
3230 4924 3614 4980 retributione

1964 5021 2426 5094 praevaricantes
2457 5020 2707 5092 corripis
2733 5036 2746 5074 :
2772 5018 3059 5074 admones
3085 5020 3336 5082 terrore;
3371 5017 3428 5069 et
3455 5013 3615 5069 adlo-

1966 5111 2163 5182 queris
2193 5111 2450 5181 pietate:
2483 5112 2550 5163 ut
2591 5112 2646 5163 et
2681 5106 2974 5178 justitiam
3021 5107 3250 5171 teneas,
3284 5107 3340 5159 et
3383 5099 3614 5158 miseri-

1966 5198 2232 5253 cordiam
2271 5212 2393 5252 non
2416 5196 2654 5251 omittas
2682 5212 2694 5250 :
2719 5196 2890 5250 Porta
2931 5208 3072 5263 ergo
3101 5209 3212 5248 nos
3239 5192 3346 5248 alis
3379 5189 3511 5250 tuis,
3549 5187 3614 5238 ut

1965 5285 2257 5360 pupillos;
2286 5290 2340 5340 et
2370 5289 2612 5357 protege
2644 5301 2712 5340 ac
2748 5283 2902 5340 ﬁlios
2925 5289 3057 5341 tuos
3086 5301 3096 5339 :
3127 5299 3248 5355 quo
3295 5294 3422 5340 nos,
3449 5278 3505 5327 et
3550 5272 3609 5326 in

1964 5373 2366 5431 fortitudinem
2381 5377 2546 5428 terrae
2560 5373 2823 5430 deducas
2847 5393 2859 5442 ;
2881 5379 2934 5429 et
2952 5369 3315 5446 plenitudine
3327 5363 3609 5418 virtutum

1964 5480 2034 5523 ac
2059 5463 2298 5532 frugum
2337 5462 2620 5519 enutrias.
2650 5475 2719 5530 Ii.
2749 5467 2956 5519 Amen.

2034 5554 2140 5608 Per
2163 5550 2650 5609 misericordiam.
