4102 6176
433 277 541 343 22⁸7

1685 237 2140 319 ΒΒΕἾΙΑΒΗΙΠ
2180 241 2571 311 GOTHICUM.

3731 246 3847 312 228

509 403 742 465 Lauda.
807 395 1064 457 Laudato
1090 391 1409 451 Dominum
1439 389 1514 447 de
1538 387 1708 445 Calis
1734 401 1748 443 :
1772 383 2018 442 Alleluia
2059 395 2073 434 :
2102 376 2152 430 Α
2255 378 2450 451 Kyrie,
2474 377 2716 437 eleison.
2750 388 2814 451 11.
2872 375 3114 444 Christe,
3170 375 3415 434 eleison.
3447 375 3644 448 Kyrie,
3705 373 3847 436 elei-

437 493 678 554 laudate
708 505 846 548 eum
875 489 938 544 in
966 483 1236 542 excelsis.
1261 479 1528 549 Alleluia,
1583 475 1848 536 alleluia.
1895 470 2074 532 Psal-

436 601 559 642 mus
583 593 816 641 CXLVIII.

542 673 739 730 Lectio
763 663 903 724 libri
937 663 1254 735 Sapientia
1294 659 1634 718 Salomonis
1669 656 1836 726 (Cap.
1868 665 1967 724 vr).

509 773 571 833 Bg.
616 761 733 816 Deo
761 755 1004 827 gratias.

507 851 692 920 Reges
714 843 942 918 populi,
965 840 1187 909 diligite
1211 835 1526 909 justitiam,
1548 838 1614 892 ut
1631 834 1692 890 in
1717 833 2077 920 perpetuum

434 917 693 1008 regnetis
718 917 737 990 ξ
763 931 910 1006 quid
931 933 1018 986 est
1045 931 1248 985 autem
1263 923 1576 997 sapientia,
1597 928 1655 978 et
1675 917 2078 1008 quemadmo-

435 1003 583 1083 dum
608 1024 765 1080 facta
782 1003 888 1084 sit,
919 1017 1172 1073 referam
1197 1018 1282 1070 :et
1305 1027 1428 1069 non
1449 1009 1824 1067 abscondam
1843 1021 1880 1062 a
1906 1003 2078 1060 vobis

435 1113 873 1171 sacramentum
899 1105 1022 1170 Dei,
1055 1102 1163 1158 sed
1193 1101 1269 1157 ab
1301 1097 1468 1156 initio
1490 1095 1816 1154 nativitatis
1841 1091 2078 1149 investi-

438 1199 679 1272 gabo,et
706 1210 932 1269 ponam
945 1194 1006 1249 in
1033 1191 1162 1248 luce
1184 1188 1494 1245 scientiam
1518 1185 1692 1248 illius,
1726 1188 1918 1240 etnon
1933 1195 2081 1252 pra-

439 1269 628 1347 teribo
679 1285 1246 1352 veritatemzneque
1305 1291 1444 1333 cum
1472 1273 1697 1331 invidia
1737 1269 2081 1328 tabescente

436 1376 668 1434 iterabo
694 1395 706 1434 :
727 1371 1017 1446 quoniam
1044 1369 1176 1426 talis
1203 1367 1387 1422 homo
1410 1379 1534 1420 non
1551 1362 1658 1418 erit
1672 1362 1968 1434 particeps
1985 1373 2080 1414 sa-

437 1465 697 1538 pientia.
727 1459 1032 1518 Multitudo
1089 1459 1290 1513 autem
1341 1451 1699 1524 sapientium
1742 1447 1968 1504 sanitas
1996 1450 2084 1502 est

440 1556 602 1614 orbis
621 1555 996 1611 terrarumzet
1014 1561 1116 1606 rex
1133 1545 1376 1620 sapiens
1387 1541 1595 1618 populi
1615 1539 2083 1599 stabilimentum

439 1648 545 1702 est.
574 1646 725 1714 Ergo
755 1639 1002 1712 accipite
1026 1634 1408 1708 disciplinam
1425 1647 1530 1705 per
1550 1644 1855 1687 sermones
1892 1641 2079 1690 meos,

2183 483 2311 524 SOD.

2255 557 2560 626 Capitula.
2583 556 2939 630 Vespertinis
2993 554 3276 629 precibus
3301 558 3356 611 te
3385 554 3709 614 Dominum
3739 556 3848 614 de-

2182 657 2499 718 precamur
2548 651 2905 719 perpetuum
2932 649 3031 715 ;ut
3082 644 3245 701 mala
3317 642 3589 702 facinora
3632 651 3848 706 nostra

2181 733 2440 801 omittas,
2469 734 2817 792 criminibus
2845 733 3401 807 parcas,ﬂammam
3431 733 3606 790 mala
3619 749 3847 792 concu-

2181 822 2480 894 piscentia
2494 823 2792 896 benignus
2811 823 3122 895 extinguas
3145 835 3159 876 :
3183 825 3241 877 et
3261 818 3430 877 illum
3483 820 3688 893 ignem
3714 824 3848 896 Spi-

2181 911 2329 968 ritus
2350 912 2431 968 tui
2459 913 2743 978 Sancti,in
2764 911 2940 968 nobis
2959 910 3404 982 accendas,quo
3418 913 3520 967 tua
3532 911 3846 982 possimus

2184 1001 2472 1057 mandata
2497 1017 2751 1057 servare.
2776 1003 3015 1057 Mortem
3047 999 3264 1071 eﬁuga,
3294 1000 3481 1056 vitam
3505 999 3688 1067 dona,
3729 1002 3852 1058 vir-

2184 1093 2371 1144 tutem
2390 1088 2649 1155 insinua,
2677 1093 2735 1144 et
2784 1089 3046 1144 clemens
3082 1089 3223 1144 vitia
3275 1091 3848 1147 reseca:orationes

2185 1176 2434 1248 suscipe,
2459 1180 2516 1232 et
2545 1176 2955 1233 miserationes
2972 1176 3248 1241 concede;
3263 1177 3306 1246 ι
3325 1175 3437 1246 18
3455 1182 3515 1232 ut
3529 1179 3720 1234 noctis
3733 1180 3852 1236 hu-

2182 1265 2281 1336 jus
2307 1264 2622 1335 caliginem
2647 1279 3025 1337 superemus:
3055 1269 3114 1321 et
3141 1264 3556 1336 pervenientes
3572 1267 3652 1322 ad
3678 1267 3850 1325 diem

2186 1353 2248 1408 in
2266 1352 2491 1408 lumine
2516 1353 2921 1422 ambulemus,
2943 1369 3018 1409 ne
3045 1367 3080 1410 a
3107 1351 3209 1409 via
3234 1352 3499 1410 veritatis
3539 1367 3840 1416 erremus.

2189 1445 2249 1498 In
2270 1445 2324 1498 te
2362 1458 2712 1515 quasumus
2735 1442 2997 1516 piissime
3029 1446 3198 1500 Pater
3219 1456 3555 1512 surgamus,
3625 1450 3681 1502 et
3738 1451 3849 1504 tuo

2191 1532 2406 1588 Sancto
2444 1532 2663 1604 Spiritu
2715 1532 3082 1603 animemur;
3107 1537 3287 1604 atque
3343 1532 3406 1588 in
3434 1533 3657 1592 Christo
3710 1533 3846 1592 ﬁlio

2189 1623 2312 1685 tuo,
2346 1621 2578 1678 aternis
2608 1619 3027 1694 splendoribus
3059 1621 3418 1691 fulgeamus.

441 1737 498 1790 et
524 1709 790 1805 proderit
807 1709 998 1785 vobis.
1039 1722 1365 1797 (Cap.vu.)
1397 1723 1541 1778 Sum
1596 1717 1844 1792 quidem
1886 1720 1943 1774 et
1970 1729 2082 1785 ego
2112 1721 2158 1779 Β
2207 1799 2226 1805 Α
2259 1712 2429 1805 Dater
2449 1715 2665 1768 noster.
2699 1713 2766 1768 Et
2797 1727 2873 1768 ne
2912 1727 3044 1768 nos.
3092 1709 3347 1769 Liberali
3394 1725 3431 1768 a
3473 1712 3654 1781 malo,
3717 1715 3838 1772 etc.

438 1819 711 1878 mortalis
741 1818 946 1882 homo,
971 1813 1180 1870 similis
1205 1809 1510 1877 omnibus,
1537 1810 1596 1865 et
1618 1821 1692 1864 ex
1716 1819 1930 1877 genere
1973 1808 2084 1861 ter-

438 1924 584 1966 reno
608 1907 780 1974 illius,
799 1905 902 1978 qui
922 1903 1085 1976 prius
1113 1901 1305 1958 factus
1323 1903 1428 1964 est,
1453 1901 1510 1954 et
1534 1897 1595 1952 in
1625 1898 1830 1952 ventre
1873 1892 2083 1949 matris

440 1998 732 2068 ﬁguratus
759 2007 897 2050 sum
922 2005 1085 2058 caro,
1112 2004 1332 2046 novem
1352 1986 1652 2044 mensium
1663 1988 1930 2055 tempore
1947 1996 2082 2039 coa-

441 2085 680 2158 gulatus
707 2084 770 2140 in
790 2081 1103 2153 sanguine,
1125 2081 1183 2136 et
1207 2076 1433 2135 semine
1461 2073 1746 2139 hominis,
1767 2069 2082 2158 etdelectaf

440 2157 644 2232 mento
667 2170 898 2229 homini
921 2166 1328 2226 conveniente.
1375 2167 1441 2222 Et
1490 2178 1602 2234 ego
1649 2166 1827 2219 natus
1882 2157 2086 2231 accepi

443 2277 830 2320 communem
853 2273 1074 2324 aerem,
1115 2261 1172 2313 et
1218 2252 1490 2312 similiter
1521 2251 1584 2308 in
1621 2250 1842 2308 factam
1893 2246 2088 2304 decidi

441 2357 679 2417 terram,
710 2350 970 2424 primam
1011 2361 1223 2403 vocem
1283 2341 1540 2400 similem
1584 2337 1866 2398 omnibus
1918 2335 2088 2392 emisi

440 2439 778 2514 plorans.ln
806 2434 1161 2496 volumentis
1188 2432 1443 2490 nutritus
1479 2445 1632 2495 sum,
1697 2432 1754 2485 et
1801 2427 1865 2483 in
1913 2425 2086 2514 cunis

441 2513 717 2600 vagiens.
743 2528 928 2584 Nemo
949 2525 1109 2582 enim
1134 2537 1207 2579 ex
1231 2520 1472 2593 regibus
1495 2515 1659 2575 aliud
1709 2514 1920 2573 habuit
1942 2513 2090 2570 nati-

443 2618 637 2675 vitatis
663 2617 921 2672 initium.
963 2617 1122 2670 Unus
1141 2625 1283 2680 ergo
1339 2606 1622 2666 omnibus
1681 2607 1769 2661 est
1814 2603 2090 2660 introitus

445 2706 525 2763 ad
555 2705 761 2769 vitam,
789 2706 847 2759 et
875 2699 1085 2758 similis
1124 2698 1334 2756 exitus.
1353 2697 1599 2768 Propter
1623 2693 1737 2750 hoc
1781 2692 2008 2765 optavi,
2038 2694 2096 2748 et

444 2794 625 2850 datus
654 2795 740 2848 est
764 2790 914 2847 mihi
940 2801 1154 2845 sensus
1183 2791 1239 2844 et
1266 2783 1560 2855 invocavi,
1589 2785 1645 2840 et
1671 2779 1833 2840 venit
1879 2782 1942 2838 in
1997 2793 2096 2837 me

448 2881 692 2954 spiritus
718 2879 1040 2952 sapientia.
1070 2889 1136 2949 Βι.
1157 2877 1344 2932 Amen
1359 2917 1372 2930 .

514 2971 813 3039 Hymnus.
866 2965 1159 3039 Splendor
1207 2967 1470 3036 paterna
1528 2959 1760 3032 gloria.
1812 2958 1927 3029 fol.
1995 2959 2092 3014 67.

513 3057 904 3125 Supplicatio.
987 3055 1238 3110 Oremus
1313 3050 1770 3121 Redemptorem
1846 3041 2098 3119 ,mundi.
2135 3067 2179 3130 ο

451 3145 654 3210 Quare
677 3145 794 3213 fol.
833 3146 919 3198 66.

519 3230 814 3303 Capitula.
844 3229 1052 3287 Emitte
1101 3227 1347 3285 Domine
1373 3225 1569 3283 lucem
1594 3229 1761 3282 tuam
1802 3233 1860 3281 et
1890 3223 2106 3281 verita-

447 3323 572 3379 tem
600 3325 765 3377 tuam
782 3320 844 3376 in
855 3318 1049 3376 reditu
1077 3318 1393 3381 dierum,et
1415 3315 1476 3372 in
1494 3313 1681 3372 corda
1699 3311 2096 3378 credentium;

447 3411 509 3468 in
538 3409 746 3466 ordine
777 3411 1198 3480 temporum,et
1214 3405 1276 3460 in
1307 3404 1622 3460 devotione
1635 3399 1998 3475 populorum
2017 3400 2099 3470 ;in

450 3512 697 3555 munere
719 3497 939 3567 gratia,
965 3500 1022 3552 et
1039 3495 1101 3551 in
1123 3493 1448 3550 ministerio
1468 3495 1845 3550 creaturazut
1861 3487 1966 3547 lux
1993 3493 2098 3547 tua

451 3586 682 3658 aperiat
709 3590 1039 3656 aspectum,
1063 3590 1119 3641 et
1147 3582 1362 3640 veritas
1391 3581 1771 3638 intellectum:
1794 3580 1970 3636 utlux
1992 3584 2097 3636 tua

445 3671 754 3739 illuminat,
790 3675 847 3730 et
871 3673 1086 3730 veritas
1111 3672 1391 3729 informet
1421 3673 1519 3727 :ut
1550 3670 1653 3727 lux
1678 3674 1779 3726 tua
1815 3667 2096 3726 discutiat

446 3763 744 3832 tenebras,
793 3767 850 3819 et
871 3762 1088 3818 veritas
1117 3777 1376 3818 errorem
1403 3774 1506 3818 :ac
1527 3773 1634 3832 per
1670 3757 1980 3831 utriusque
2008 3754 2094 3814 rei

444 3850 844 3912 efficientiam,
876 3865 987 3905 nec
1004 3848 1245 3905 interior
1268 3847 1452 3904 homo
1503 3849 1704 3904 noster
1746 3844 1980 3903 vacillet
2006 3843 2094 3901 lu-

442 3939 610 3997 brico
637 3937 1006 4005 ﬂuctuandi;
1038 3953 1148 3994 nec
1173 3936 1418 3994 exterior
1463 3935 1703 3994 sordeat
1735 3934 2091 4004 contagione

440 4028 707 4102 peccati;
737 4025 843 4084 sed
865 4027 983 4083 sint
1007 4039 1193 4100 opera
1209 4025 1271 4081 in
1292 4041 1406 4082 nos
1445 4023 1613 4091 lucis,
1670 4028 1850 4098 atque
1907 4037 2091 4095 opera

439 4119 703 4176 veritatis
737 4136 750 4174 :
778 4121 844 4175 Ut
863 4118 967 4174 lux
987 4121 1090 4174 tua
1107 4119 1387 4190 procuret
1405 4115 1467 4172 in
1493 4121 1780 4189 tempore,
1805 4113 2090 4172 etveritas

441 4207 754 4266 conﬁrmet
777 4207 837 4264 in
876 4222 1150 4264 munere.

510 4299 676 4354 Pater
698 4301 921 4354 noster.
946 4293 1199 4352 Liberati
1228 4309 1264 4352 a
1289 4293 1470 4352 malo.
1498 4293 1616 4365 fol.
1655 4296 1708 4349 2.

507 4385 741 4443 Lauda.
765 4387 1006 4444 Cantate
1033 4384 1286 4442 Domino
1302 4384 1604 4441 canticum
1626 4397 1855 4440 novum
1892 4398 1906 4438 :
1939 4379 2089 4439 Alle-

435 4469 579 4537 luia.
612 4474 866 4533 alleluia.
893 4485 957 4548 13;.
986 4474 1142 4532 Laus
1164 4476 1295 4544 ejus
1323 4471 1386 4530 in
1408 4471 1669 4529 Ecclesia
1707 4474 2077 4529 sanctorum.

434 4561 703 4622 Alleluia.

509 4653 736 4711 Oratio.
776 4651 902 4709 Tibi
929 4649 1177 4709 Domine
1197 4649 1255 4708 in
1284 4648 1547 4708 Ecclesia
1578 4650 1930 4707 Sanctorum
1951 4661 2089 4705 can-

438 4745 664 4811 tamus;
695 4741 919 4816 tibique
936 4739 1187 4814 gratiam
1209 4756 1625 4815 praconamus
1648 4759 1662 4794 :
1682 4738 1873 4795 tribue
1890 4737 2083 4808 nobis,

437 4827 646 4888 laudes
679 4835 812 4890 tuas
838 4847 1112 4906 promere
1141 4847 1154 4900 ;
1177 4831 1238 4888 in
1259 4847 1381 4906 quo
1406 4835 1891 4888 coaternumnos
1907 4828 2090 4885 credi-

439 4931 578 4976 mus
605 4922 921 4994 pramium
949 4921 1238 4980 obtinere.
1271 4931 1336 4994 ΕΙ.
1381 4923 1587 4978 Amen.

509 5011 618 5065 Per
654 5009 1143 5068 misericordiam.

511 5097 576 5154 In
603 5098 848 5155 nomine
871 5099 1128 5166 Domini,
1169 5100 1279 5156 etc.

511 5191 1098 5247 Commemorationes
1114 5189 1420 5252 dicantur,
1441 5192 1506 5243 ut
1528 5189 1590 5244 in
1611 5183 1823 5260 fol.94.
1851 5185 2002 5244 Item
2025 5184 2090 5243 in

439 5275 691 5336 exeunte
725 5278 996 5349 Vespera,
1030 5277 1229 5334 omnia
1271 5275 1574 5348 dicantur,
1625 5283 1688 5333 ut
1741 5277 1805 5332 in
1839 5281 2092 5332 exeunte

448 5365 700 5438 Vespera
729 5368 802 5424 de
826 5369 1022 5438 primo
1048 5364 1357 5420 Dominico
1387 5369 1512 5435 post
1530 5367 1811 5422 Octavam
1829 5363 2092 5436 Epipha-

439 5456 556 5510 niae
579 5455 690 5525 fol.
719 5457 806 5513 94.
839 5460 1101 5526 excepto,
1154 5451 1313 5526 quod
1340 5451 1626 5512 dicantur
1677 5454 1980 5526 Capitula,
2036 5458 2091 5510 et

441 5543 777 5619 Benedictio
806 5545 1242 5619 subsequentes.

2188 1799 2306 1868 fol.
2341 1803 2394 1854 2.

2261 1886 2573 1944 Humiliate
2601 1901 2710 1944 vos
2739 1886 3167 1946 benedictioni.

2261 1975 2551 2032 Dominus
2581 1976 2670 2032 sit.
2706 1986 2768 2047 ne.
2799 1979 2861 2034 Et
2891 1992 3030 2034 cum
3064 1977 3269 2049 spiritu
3299 1981 3416 2035 tuo.

2262 2064 2721 2121 Benedictio.Ad
2741 2065 3061 2122 Dominum
3087 2066 3375 2123 ascendat
3402 2067 3745 2126 orationum
3757 2083 3861 2126 ve-

2195 2159 2453 2211 strarum
2481 2152 2616 2211 fusa
2643 2154 2867 2228 petitio.
2894 2165 2956 2226 ﬁ.
2999 2160 3208 2212 Amen.
3237 2155 3536 2228 Quicquid
3556 2156 3635 2214 ab
3657 2173 3728 2215 eo
3749 2173 3859 2231 po-

2194 2243 2376 2310 scitis,
2400 2242 2910 2300 Clementissimus
2933 2245 3136 2300 Pastor
3163 2244 3484 2302 adtribuat.
3518 2257 3582 2317 Βί.
3625 2249 3846 2304 Amen.

2194 2335 2379 2402 Regat
2397 2337 2627 2390 mentes
2656 2337 2884 2390 vestras
2914 2331 3160 2391 consilio
3199 2333 3492 2402 salutaris,
3527 2338 3584 2392 et
3608 2337 3850 2395 animas

2193 2425 2424 2479 vestras
2478 2421 2541 2478 in
2587 2423 2978 2481 tentationem
3023 2437 3149 2481 non
3191 2423 3450 2496 patiatur
3495 2423 3716 2482 induci.
3767 2437 3840 2497 ﬁ.

2194 2514 2404 2567 Amen.
3479 2514 3484 2526 ‘

2269 2601 2372 2654 Per
2394 2598 2891 2657 misericordiam.

2270 2686 2476 2746 Lauda
2490 2688 2726 2745 dicatur
2745 2694 2812 2745 ut
2838 2689 2898 2746 in
2918 2687 3185 2746 Exeunte
3211 2687 3284 2747 de
3311 2691 3498 2760 primo
3518 2692 3848 2750 Dominico.

2199 2787 2329 2848 post
2359 2777 2636 2835 Octavam
2664 2777 3052 2850 Epiphania;
3075 2785 3130 2836 et
3158 2779 3436 2836 similiter
3485 2779 3708 2838 Oratio.
3743 2785 3844 2839 94.

2205 2905 2275 2959 ΙΝ
2301 2902 2562 2969 QUINTO
2591 2904 2930 2961 DOMINICO
2979 2904 3156 2962 POST
3204 2905 3529 2963 OCTAVA]!
3579 2907 3868 2964 EPIPHA-

2951 2993 3116 3050 NIIE.

2654 3098 2912 3156 Sabbato
2936 3099 3018 3158 ad
3073 3100 3400 3172 Vesperum.

2281 3224 2504 3282 Lauda.
2535 3223 2625 3280 Ad
2654 3225 2979 3296 Vesperum
3009 3225 3419 3283 demorabitur
3453 3223 3626 3283 ﬂetus
3647 3241 3660 3294 ;
3684 3227 3747 3282 P.
3798 3227 3870 3285 Et

2207 3311 2288 3371 ad
2343 3311 2690 3370 Matutinum
2747 3311 2968 3370 latitia.
3017 3312 3079 3374 ιν.
3139 3313 3486 3371 Convertisti
3549 3314 3868 3387 planctum

2205 3418 2410 3459 meum
2431 3402 2490 3458 in
2504 3401 2792 3472 gaudium
2813 3402 2989 3458 mihi:
3009 3403 3351 3460 conscidisti
3368 3419 3612 3460 saccum
3629 3419 3863 3471 meum,

2204 3495 2260 3549 et
2295 3489 2649 3564 pracinxisti
2664 3505 2762 3547 me
2789 3490 3012 3549 latitia.
3041 3491 3101 3547 P.
3125 3489 3192 3550 Et
3228 3491 3302 3549 ad
3361 3491 3715 3550 Matutinum
3761 3493 3865 3550 la-

2203 3580 2352 3639 titia.

2276 3669 2499 3726 Oratio.
2533 3669 2689 3726 Sana
2715 3685 2840 3738 nos,
2860 3667 3126 3738 Domine,
3156 3671 3298 3726 dum
3320 3669 3652 3728 clamamus
3673 3671 3754 3728 ad
3768 3675 3855 3729 te:

2201 3762 2256 3815 et
2280 3763 2344 3816 ut
2365 3758 2534 3815 ﬂetus
2564 3763 2804 3815 nostros
2834 3761 3202 3833 vespertinos
3232 3759 3294 3816 in
3326 3761 3856 3830 gaudiumvertas,

2198 3848 2491 3904 matutina
2512 3847 2714 3905 latitia
2740 3847 2942 3921 nobis,
2987 3852 3041 3907 te
3067 3848 3417 3923 opitulante,
3456 3849 3631 3907 citius
3652 3865 3864 3908 occur-

2197 3940 2307 3994 rat.
2337 3947 2408 4008 Βι.
2448 3940 2656 3994 Amen.

2268 4025 2379 4082 Per
2417 4023 2912 4084 misericordiam.

2265 4113 2442 4171 Sono.
2469 4118 2685 4172 Intrate
2712 4120 2918 4187 portas
2931 4113 3188 4182 Domini,
3215 4113 3277 4173 in
3302 4115 3867 4176 confessionezatria

2197 4199 2324 4274 ejus
2351 4200 2414 4259 in
2434 4204 2674 4275 hymnis
2700 4204 3173 4262 confessionum.
3206 4203 3477 4263 Alleluia.
3510 4204 3574 4267 ῒ.
3598 4205 3864 4264 Laudate

2194 4307 2419 4348 nomen
2444 4292 2494 4363 ej
2507 4309 2595 4359 us,
2619 4293 2912 4365 quoniam
2933 4310 3116 4351 suave
3141 4298 3229 4351 est
3254 4315 3266 4350 :
3297 4294 3358 4350 in
3381 4299 3672 4351 aternum
3687 4296 3867 4354 mise-

2193 4379 2451 4437 ricordia
2481 4381 2630 4452 ejus,
2655 4386 2710 4439 et
2734 4396 2926 4455 usque
2953 4381 3016 4439 in
3060 4382 3346 4440 saculum
3403 4383 3610 4441 saculi
3644 4385 3863 4445 veritas

2194 4469 2245 4542 ej
2256 4485 2341 4525 us.
2373 4468 2646 4527 Alleluia.

2267 4559 2564 4617 Dominus
2594 4559 2666 4616 sit
2693 4576 2954 4633 semper.
2974 4571 3036 4633 nt.
3071 4561 3312 4619 Etcum.

2264 4649 2634 4719 Antiphona.
2668 4649 3022 4707 Benedicam
3045 4656 3099 4708 te
3138 4651 3386 4708 Domine
3429 4651 3583 4709 Deus
3633 4669 3807 4711 meus
3843 4671 3859 4714 :

2194 4738 2258 4792 P.
2289 4739 2355 4793 Et
2375 4737 2640 4796 laudabo
2669 4754 2890 4795 nomen
2917 4744 3087 4796 tuum
3108 4741 3252 4814 quia
3275 4746 3336 4797 tu
3359 4757 3441 4806 es,
3478 4741 3734 4811 quifacis
3747 4743 3861 4801 mi-

2193 4825 2428 4882 rabilia.
2457 4825 2520 4888 lt.
2545 4826 2829 4884 Exaltabo
2861 4833 2914 4884 te
2946 4829 3194 4886 Domine
3225 4830 3380 4886 Deus
3443 4846 3636 4898 meus,
3672 4837 3728 4890 et
3752 4848 3863 4890 rex

2195 4930 2367 4972 meus
2391 4931 2404 4972 :
2429 4921 2486 4972 et
2507 4914 2864 4974 benedicam
2886 4933 3110 4975 nomen
3132 4922 3305 4976 tuum
3322 4921 3382 4976 in
3403 4923 3781 4988 aternum,et
3798 4921 3865 4978 in

2197 5006 2493 5064 saculum
2525 5006 2744 5062 saculi.
2774 5005 2840 5063 P.
2861 5009 2928 5064 Et
2968 5005 3252 5067 laudabo.
3305 5008 3368 5072 il.
3398 5009 3618 5082 Gloria,
3670 5014 3728 5070 et
3755 5010 3867 5069 ho-

2195 5107 2329 5151 nor.
2363 5097 2423 5151 P.
2454 5097 2521 5152 Et
2547 5093 2831 5153 laudabo.

2269 5184 2560 5240 Dominus
2593 5183 2666 5242 sit
2692 5201 2948 5259 semper.
2987 5195 3052 5258 Ij'.
3075 5188 3141 5243 Et
3171 5203 3330 5244 cum.

2269 5274 2510 5332 Lauda.
2540 5271 2810 5332 Alleluia.
2838 5276 3183 5344 Bonitatem,
3237 5281 3294 5334 et
3336 5275 3744 5351 disciplinam,
3809 5275 3869 5336 et

2198 5363 2506 5419 scientiam
2530 5362 2678 5418 doce
2708 5379 2825 5430 me,
2855 5365 3010 5421 Deus
3033 5365 3336 5423 :Alleluia.
3368 5367 3432 5426 P.
3467 5367 3618 5433 Quia
3686 5383 3861 5426 man-

2198 5451 2353 5509 datis
2385 5451 2501 5507 tuis
2521 5451 2766 5509 credidi.
2809 5453 3072 5522 Alleluia,
3102 5453 3632 5524 alleluia,alleluia.
3663 5457 3727 5520 Ῡ.
3758 5457 3866 5514 Bo-

2197 5531 2447 5605 nitatem
2481 5539 2669 5606 fecisti
2701 5557 2841 5606 cum
2861 5559 3034 5609 servo
3051 5548 3152 5608 tuo
3178 5541 3449 5623 Domine,
3512 5541 3855 5607 secundum
