4102 6176
205 222 313 279 229

1171 225 1520 285 DOMINICA
1559 229 1607 286 ν
1643 206 1829 288 posr
1870 213 2211 293 DCTAVAM
2249 211 2689 304 El’lPHANL/E.

3517 263 3626 329 230

199 347 458 404 verbum
489 348 683 403 tuum.
719 344 788 403 P.
822 348 971 454 Quia
1001 350 1320 449 mandatis.
1345 352 1407 416 ἲν.
1429 353 1644 424 Gloria,
1680 360 1737 414 et
1758 356 1862 416 ho-
1891 358 1940 412 A
1973 358 2088 426 bis,
2123 362 2327 423 etfacti
2347 383 2554 428 sumus
2574 373 2910 434 turbati.Ad
2926 380 2981 436 te
3001 380 3250 442 Domine
3265 388 3617 454 clamamus.

196 452 324 504 nor,
355 441 466 493 etc.
500 438 575 493 P.
614 438 766 502 Quia
791 437 1112 497 mandatis.

1973 451 2029 502 et
2049 451 2102 504 te
2133 453 2318 542 Deum
2358 465 2629 518 nostrum
2668 463 3084 537 deprecamur.
3131 475 3196 531 P.
3226 478 3292 534 Ut
3338 451 3620 542 exaudias

268 526 551 596 Hymn-us.
590 525 933 582 Christelux
974 528 1206 584 mundi.
1242 532 1560 603 Qumrefol.
1600 536 1864 610 Hasup.
1972 542 2106 599 nos,
2130 535 2186 588 et
2205 536 2539 595 miserearis
2570 525 2766 600 nobis:
2797 544 2858 608 ὴ.
2888 548 2978 604 Ad
3008 525 3616 621 te‘iéeaiﬁuE'BZEiSQ

195 616 462 685 plicat-io.
497 616 773 670 Oremus.
804 617 1003 682 φα(ωέ
1021 618 1129 686 fol.
1154 623 1238 675 66.

273 705 578 774 Capitula.
613 707 764 759 Deus
801 704 1201 777 omnipotens,
1235 710 1338 781 qui
1365 711 1492 768 sine
1514 717 1860 787 exceptione

198 794 363 849 horae
396 793 672 863 alicujus,
709 809 781 849 ac
809 796 1096 865 temporis
1156 813 1324 868 spem
1347 801 1860 862 nobisinvocandi

202 887 279 946 te,
308 882 520 938 tribuis
542 900 554 937 :
576 884 999 939 convenientes
1025 899 1186 941 nunc
1207 903 1317 944 nos
1330 889 1406 945 ad
1421 895 1757 964 vespertina
1770 914 1860 953 so-

203 969 450 1036 lemnia,
480 975 535 1026 et
562 977 810 1040 agentes
832 971 1014 1027 divini
1056 990 1275 1030 munus
1307 977 1510 1043 Ofﬁcii,
1567 985 1859 1055 propitius

204 1058 489 1114 exaudire
514 1058 802 1128 digneris,
844 1063 899 1115 et
947 1065 1280 1132 praestazut
1323 1064 1504 1136 hujus
1555 1070 1671 1126 diei
1719 1077 1853 1144 acti,

193 1145 414 1202 nullius
439 1146 929 1218 peccaminisrei,
977 1149 1198 1205 nullius
1232 1153 1500 1211 criminis
1544 1162 1856 1220 teneamur

191 1234 470 1304 obnoxii,
495 1241 550 1292 et
577 1236 771 1310 siquid
801 1234 948 1292 illud
971 1241 1253 1311 est,quod
1283 1243 1614 1314 fragilitatis
1635 1257 1851 1310 nostra:

189 1342 365 1383 error
388 1325 765 1391 admisit,tuze
793 1327 1192 1385 miserationis
1234 1331 1546 1392 clementia
1571 1343 1847 1410 tergatur.

269 1416 446 1471 Pater
475 1421 686 1472 noster.
714 1419 779 1472 Et
804 1433 878 1472 ne
902 1434 1030 1473 nos.
1060 1419 1309 1478 Liberati
1331 1439 1368 1480 a
1399 1425 1576 1483 malo.
1595 1431 1708 1499 fol.
1733 1436 1784 1487 2.

264 1504 581 1561 Humiliate
609 1523 715 1562 vos
737 1506 1160 1565 benedictioni.

260 1593 550 1649 Dominus
579 1594 674 1649 sit.
713 1606 778 1665 13;.
805 1597 1046 1661 Etcum,
1084 1601 1192 1652 etc.

1970 624 2229 710 nostros,
2260 627 2364 695 qui
2388 629 2625 686 habitas
2650 632 2710 688 in
2749 636 2927 692 coelis.
2962 637 3029 695 P.
3058 642 3124 696 Ut
3155 647 3440 706 exaudias
3478 667 3614 710 nos.

1969 707 2033 768 ἵ.
2057 707 2266 781 Gloria,
2292 719 2348 769 et
2366 716 2559 773 honor
2589 722 2757 777 Patri.
2792 724 2848 778 P.
2885 728 2953 783 Ut
2981 731 3269 789 exaudias
3299 751 3433 792 nos.

2043 798 2257 856 Oratio.
2289 804 2629 864 Exaltamus
2654 814 2708 865 te
2739 813 3003 884 Domine,
3034 822 3612 890 magniﬁcantesno-

1969 893 2317 960 meutuum;
2350 898 2556 952 utnon
2586 905 2817 958 avertas
2839 903 3052 962 faciem
3086 913 3302 969 tuama
3325 915 3502 971 nobis
3527 919 3614 986 ;et

1968 989 2042 1029 ne
2068 979 2384 1035 conturbes
2419 999 2523 1038 nos
2540 986 2599 1041 in
2630 987 2716 1044 ira
2747 994 2880 1058 tua;
2909 995 3052 1065 quia
3072 995 3150 1052 ad
3183 1003 3236 1054 te
3268 1003 3454 1060 Deum
3509 979 3613 1064 no-

1970 1067 2157 1121 strum
2172 1067 2520 1138 clamamus,
2538 1078 2592 1129 et
2615 1080 2666 1130 te
2688 1075 3173 1151 deprecamur,ut
3189 1102 3299 1142 n03
3321 1092 3609 1151 exaudias

1967 1158 2021 1209 et
2047 1159 2110 1210 ut
2147 1157 2712 1221 ucstrimiserearis:
2751 1176 3023 1227 converte
3039 1189 3141 1229 cor
3157 1182 3430 1234 nostrum
3457 1181 3536 1236 ad
3552 1187 3608 1238 te

1962 1242 2025 1298 in
2043 1243 2340 1302 bonitate:
2383 1253 2445 1305 ut
2486 1250 2804 1311 laudemus
2839 1273 3060 1317 nomen
3093 1267 3294 1334 tuum;
3335 1271 3392 1325 et
3432 1284 3610 1329 enar-

1962 1349 2098 1390 mus
2129 1337 2416 1394 instanter
2443 1341 2870 1405 mirabiliatua.
2905 1361 2968 1422 131.
2995 1356 3204 1410 Amen.

2032 1423 2143 1479 Per
2173 1426 2644 1489 misericordiam
2667 1439 2843 1506 tuam,
2879 1443 2990 1498 etc.

2029 1513 2139 1569 Ant
2148 1513 2533 1583 iphona.Ecce
2551 1523 2706 1579 oculi
2721 1526 2955 1584 Domini
2971 1547 3148 1604 super
3160 1529 3431 1593 timentes
3444 1553 3601 1596 eum:

1959 1603 2014 1656 et
2042 1600 2103 1657 in
2140 1619 2260 1672 eos,
2293 1607 2397 1678 qui
2426 1616 2668 1680 sperant
2694 1613 2757 1669 in
2805 1600 3207 1679 misericordia
3239 1626 3384 1696 ejus.
3411 1627 3476 1682 P.
3535 1631 3604 1686 Ut

260 1682 627 1738 Benedictio.
660 1684 904 1755 Repleat
935 1701 1041 1741 vos
1063 1685 1352 1744 Dominus
1372 1689 1548 1749 donis
1579 1696 1850 1767 spiritua—
1877 1707 1924 1763 B
1958 1688 2170 1762 eripiat
2198 1709 2234 1748 δ-
2258 1700 2447 1752 morte
2473 1699 2708 1756 animas
2735 1718 2954 1762 eorum.
2976 1707 3036 1768 ἲν.
3061 1682 3484 1770 Αοὶωῖίᾶυῐθω
3499 1731 3603 1773 no-

182 1768 374 1838 libus,
401 1776 456 1826 et
478 1772 794 1843 participes
816 1773 996 1829 faciat
1022 1777 1190 1847 regni
1219 1777 1521 1840 caelorum.
1555 1786 1838 1854 mAmen.

184 1860 446 1915 Carnem
465 1866 730 1916 vestram
761 1862 1203 1920 mortiﬁcetﬁne
1229 1867 1592 1939 vitiorum,et
1613 1876 1848 1935 animas

181 1946 449 2002 viviﬁcet
477 1948 866 2006 inchoatione
896 1951 1202 2010 virtutum.
1233 1963 1297 2024 Ην.
1331 1959 1540 2016 Amen.
1565 1961 1848 2034 Atqueita

179 2051 298 2090 vos
327 2037 700 2107 plenitudine
717 2039 923 2109 gratiae
947 2057 1069 2096 suae
1094 2041 1429 2115 locupletet,
1460 2052 1522 2103 ut
1551 2049 1613 2105 in
1636 2055 1847 2112 vestris

178 2139 426 2197 semper
484 2124 1104 2186 delecteturcordibus
1151 2130 1530 2208 habitarem
1561 2142 1771 2200 Amen.

255 2213 378 2269 Per.

245 2303 488 2362 Lauda.
511 2305 747 2363 Bonum
779 2307 928 2364 mihi
955 2311 1042 2366 est
1067 2305 1336 2369 Alleluia.
1358 2314 1435 2369 P.
1465 2315 1580 2372 Lex
1610 2320 1728 2375 oris
1758 2321 1839 2377 tui

164 2391 446 2464 Alleluia,
468 2395 725 2463 alleluia,
751 2395 1002 2454 alleluia.
1050 2399 1112 2461 )7.
1160 2402 1505 2476 Bonitatem,
1557 2411 1614 2464 et
1663 2407 1839 2467 disci-

167 2481 410 2553 plinam
441 2491 498 2540 et
528 2486 838 2542 scientiam
883 2487 1030 2544 doce
1060 2505 1157 2545 me
1183 2511 1195 2549 :
1221 2492 1364 2564 quia
1389 2496 1691 2553 mandatis
1723 2500 1836 2556 tuis

166 2574 422 2630 credidi.
459 2575 534 2630 P.
567 2577 680 2632 Lex
738 2576 859 2634 oris
885 2578 987 2634 tui.
1016 2575 1080 2641 il.
1110 2579 1330 2648 Gloria,
1377 2584 1661 2659 ethonor,
1723 2593 1832 2647 etc.

164 2663 240 2718 P.
267 2663 394 2718 Lex
424 2663 545 2720 oris
565 2665 670 2720 tui.

235 2779 472 2834 Oratio.
511 2780 634 2837 Fiat
658 2782 1067 2842 misericordia
1088 2789 1190 2842 tua
1213 2788 1465 2845 Domine
1492 2806 1672 2862 super
1698 2807 1830 2849 nos.

173 2869 246 2925 In
274 2869 485 2927 eodem
519 2870 635 2939 fol.
661 2871 1270 2943 Commemorationes,
1319 2884 1385 2934 ut
1409 2893 1594 2949 supra
1619 2881 1719 2952 fol.
1742 2885 1830 2941 94.

786 2982 873 3036 Ad
887 2979 1263 3039 Matii-unum.

241 3082 526 3155 Hymnus.
557 3088 784 3142 Eterne
811 3103 1011 3144 rerum
1035 3091 1331 3147 Conditor.
1360 3093 1614 3165 Require
1631 3097 1746 3165 fol.
1777 3101 1828 3154 3.
1864 3063 1906 3122 Ε

227 3172 816 3246 0ratio.Deus,quem
838 3177 1014 3233 totius
1032 3179 1301 3251 Opiﬁcem
1327 3182 1519 3252 operis
1535 3182 1831 3243 laudando

161 3263 548 3320 concelebrat
569 3267 802 3322 condita
814 3267 1488 3343 magnitudo,cujusque
1503 3275 1831 3345 potentiam

166 3351 564 3424 intelligibilis
597 3360 868 3411 creatura
894 3357 1170 3417 miratur:
1194 3359 1302 3414 tibi
1326 3361 1828 3434 suppliceshono-

155 3457 284 3498 rem
301 3441 711 3512 deferimus,te
727 3443 1586 3518 cordisvocibusinvocamus;
1621 3456 1685 3508 ut
1726 3453 1831 3526 qui

154 3545 266 3586 nos
283 3533 360 3588 ad
380 3533 728 3588 Matutinum
741 3533 1022 3602 Ofﬁcium,
1031 3537 1188 3608 gallo
1206 3543 1832 3610 praeconante,exusci-

155 3624 264 3687 tas,
295 3621 523 3693 placita
543 3621 650 3677 tibi
674 3625 860 3679 nostri
895 3623 1221 3681 famulatus
1264 3635 1405 3686 vota
1463 3630 1704 3699 efﬁcias,
1767 3635 1830 3688 ut

153 3714 257 3766 tuo
277 3711 411 3766 fulti
443 3709 1169 3787 priesidio,delinquendo
1198 3717 1544 3774 sorduimus
1579 3719 1825 3789 abluas;

157 3799 461 3871 etjugiter
491 3815 673 3873 prece
722 3803 1162 3874 justiﬂcationis
1196 3811 1312 3864 tuae
1361 3808 1612 3878 gratiam
1655 3809 1828 3867 nobis

155 3888 490 3962 impertias.
522 3901 587 3960 pg.
621 3894 833 3948 Amen.

225 3976 342 4032 Per
372 3977 858 4036 misericordiam
888 3984 1056 4038 tuam
1087 3983 1241 4039 Deus
1286 3988 1511 4050 noster,
1537 3989 1644 4042 etc.

223 4067 603 4134 Antiphona.
634 4067 808 4125 Salus
848 4073 960 4126 'tua
1022 4071 1271 4128 Domine
1320 4089 1499 4145 super
1534 4073 1824 4146 populum

147 4158 342 4210 tuum
373 4160 468 4220 ;et
496 4155 846 4215 benedictio.
880 4159 1146 4217 Psalmus
1181 4177 1259 4217 in.

224 4243 590 4315 Antiphona.
619 4247 748 4304 Dele
784 4249 1036 4306 Domine
1065 4250 1407 4324 iniquitates
1433 4267 1619 4311 meas.
1647 4255 1822 4313 Psal-

143 4348 308 4389 mus.
346 4349 400 4389 ι.

218 4422 896 4493 Antiphona.Clamabo
911 4427 988 4486 ad
1016 4430 1204 4486 Deum
1228 4429 1618 4489 altissimum:
1639 4433 1824 4492 Deum
1855 4415 1899 4471 D

143 4513 534 4572 conditorem
579 4517 880 4585 omnium,
931 4519 1036 4592 qui
1080 4519 1373 4578 benefecit
1415 4523 1581 4580 mihi.
1657 4525 1823 4583 Psal-

141 4620 303 4660 mus.
340 4618 456 4661 LVI.

227 4723 271 4791 1
292 4723 336 4792 ι
349 4721 762 4793 9.0ratio.Do
772 4723 932 4780 mine
946 4725 1225 4794 Deus,cui
1240 4724 1318 4783 ad
1351 4726 1821 4800 impendendum

143 4808 425 4867 debitum
451 4816 674 4868 nostrae
736 4814 1030 4871 servitutis
1064 4816 1520 4890 consurgimus;
1582 4818 1820 4875 effunde

143 4896 592 4958 benedictionis
605 4906 660 4958 et
677 4902 884 4959 salutis
901 4903 1331 4962 abundantiam
1346 4922 1524 4978 super
1534 4908 1820 4981 populum

143 4989 350 5043 tuum:
372 4987 505 5044 dele
531 4989 871 5047 misericors
888 4991 1082 5048 scelus
1101 4998 1494 5062 contractum;
1518 5000 1574 5052 et
1592 4995 1688 5052 fac
1704 5012 1817 5053 nos

143 5091 280 5133 esse
307 5078 531 5137 liberos
561 5096 600 5138 a
623 5085 795 5138 reatu
813 5081 1150 5140 facinorum
1181 5099 1194 5140 :
1222 5083 1377 5140 Audi
1415 5087 1670 5156 gemitus
1697 5102 1819 5158 pce-

136 5166 464 5225 nitentium
486 5173 573 5236 get
603 5169 821 5242 largire
869 5171 1253 5244 indulgentiae
1291 5173 1586 5230 fructum:
1615 5178 1672 5230 et
1703 5174 1820 5231 cla-

136 5257 419 5315 moribus
451 5260 732 5333 pulsatus
762 5261 1050 5335 ﬁdelium,
1076 5263 1336 5321 concede
1361 5263 1611 5336 singulis
1631 5281 1818 5323 reme-

135 5345 319 5403 dium
347 5350 749 5421 postulatum.
777 5362 840 5423 Βρ.
864 5353 1078 5410 Amen.

211 5435 334 5492 Per
362 5439 848 5498 misericordiam
879 5445 1044 5498 tuam
1064 5443 1238 5509 Deus,
1283 5446 1390 5508 etc.

212 5527 661 5600 Antiphona.i.
689 5531 966 5590 Avertisti
989 5531 1468 5597 Domineiaciem
1503 5535 1672 5598 tuam
1710 5549 1816 5596 no-

1959 1783 2079 1836 stra
2105 1781 2335 1851 patiens
2349 1789 2435 1841 est
2466 1788 3031 1863 Domino,quoniam
3063 1798 3390 1868 adjutor,et
3411 1811 3603 1874 prote-

1958 1871 2082 1922 ctor
2096 1875 2322 1928 noster.
2354 1873 2416 1927 P.
2446 1876 2514 1929 Ut
2559 1878 2790 1948 eripiat.
2835 1880 2896 1942 Ψ.
2923 1883 3136 1954 Gloria,
3173 1891 3230 1944 et
3266 1871 3461 1947 honor
3499 1892 3602 1951 Pa-

1957 1955 2045 2022 tri,
2079 1961 2133 2011 et
2164 1958 2322 2015 Filio.
2348 1959 2408 2015 P.
2443 1961 2511 2018 Ut
2540 1963 2749 2036 eripiat
2770 1983 2807 2023 a
2840 1976 3052 2030 morte.

2028 2044 2383 2105 0ratio.Fiat
2406 2050 2813 2114 misericordia
2837 2061 2939 2117 tua
2977 2061 3227 2121 Domine
3257 2083 3436 2140 super
3456 2086 3593 2128 nos:

1953 2136 2018 2190 ut
2036 2135 2140 2206 qui
2154 2135 2496 2227 singillatim
2518 2143 2700 2200 corda
2719 2144 3032 2206 hominum
3050 2152 3228 2219 ﬁngis
3253 2174 3267 2223 ;
3284 2135 3596 2227 specialius

1951 2237 2020 2279 ea
2037 2223 2403 2286 sanctiﬁces:
2441 2234 2495 2284 et
2532 2232 2675 2303 quia
2706 2238 3013 2294 suntoculi
3037 2242 3122 2297 tui
3146 2223 3332 2316 super:
3360 2249 3597 2320 eos,qui

1949 2313 2004 2366 te
2025 2317 2298 2401 metuunt
2323 2334 2340 2384 ;
2363 2317 2591 2374 timoris
2621 2319 2704 2378 tui
2730 2323 2810 2380 da
2834 2327 3010 2383 nobis
3037 2313 3476 2401 plenitudinem,
3500 2313 3596 2395 z-ut

1947 2400 2268 2496 agnitionis
2287 2407 2400 2496 tuae
2418 2406 2596 2464 nobis
2627 2412 2898 2472 conferas
2916 2400 3275 2489 largitatem.
3300 2425 3595 2496 BaAmen.

2016 2491 2122 2544 Per
2151 2492 2645 2556 misericordiam.

2016 2579 2360 2670 Antipliona
2381 2585 2617 2643 3.Juxta
2646 2592 2733 2645 est
2753 2592 3043 2649 Dominus
3067 2595 3291 2670 his,qui
3312 2601 3592 2663 tribulato

1946 2671 2086 2722 sunt
2110 2667 2288 2724 corde
2313 2687 2325 2725 :
2354 2676 2409 2726 et
2434 2672 2690 2730 humiles
2729 2667 3593 2762 salvabit.P.Necderelinquat

1943 2770 2172 2824 omnes,
2202 2758 2306 2829 qui
2344 2767 2583 2830 sperant
2602 2763 2664 2818 in
2689 2780 2847 2820 eum.
2875 2767 2936 2828 ὴ.
2965 2770 3155 2825 Multae
3183 2758 3590 2835 tribulationes

1938 2844 2239 2915 justorum
2270 2863 2280 2900 :
2306 2847 2445 2903 etde
2458 2849 2548 2904 his
2569 2853 2853 2909 omnibus
2873 2855 3260 2916 liberabiteos
3278 2865 3588 2924 Dominus.

1942 2935 2002 2991 P.
2029 2939 2143 3025 Nec
2185 2935 2574 3010 derelinquet.
2599 2940 2659 3002 ὴ.
2696 2941 2913 3000 Gloria.
2949 2945 3014 3002 P.
3039 2950 3154 3004 Nec
3194 2949 3586 3025 derelinquet.

2016 3024 2242 3081 Oratio.
2257 3026 2623 3098 lnquirentes
2638 3032 2982 3102 te,Domine,
3006 3033 3318 3106 dignanter
3337 3024 3587 3111 exaudi;

1942 3117 2120 3187 atque
2151 3119 2214 3170 ut
2241 3115 2302 3170 in
2329 3122 2381 3171 te
2402 3118 2664 3187 gaudeat
2682 3122 2886 3180 anima
2928 3130 3132 3184 nostra
3154 3128 3456 3202 'propitius
3504 3131 3591 3190 in-

1941 3202 2134 3259 dultor
2156 3203 2393 3276 imperti
2425 3223 2438 3261 :
2460 3211 2514 3262 et
2537 3207 2637 3279 qui
2644 3210 2663 3280 j
2676 3215 2816 3267 uxta
2831 3228 2893 3268 es
2910 3211 3130 3287 his,qui
3146 3217 3428 3275 tribulato
3447 3225 3587 3278 sunt

1939 3293 2136 3359 corde,
2173 3310 2380 3351 aurem
2406 3299 2563 3352 tuam
2585 3297 2664 3354 ad
2709 3301 3124 3358 contritionem
3141 3306 3329 3360 nostri
3347 3307 3587 3378 spiritus

1938 3382 2170 3453 pande:
2208 3389 2262 3440 et
2291 3385 2368 3440 ad
2385 3401 2598 3456 pacem
2623 3391 2804 3452 tuam,
2844 3405 2981 3460 quae
3021 3391 3306 3448 exuberat
3334 3409 3581 3450 omnem

1939 3479 2671 3544 sensum,corporanostra
2683 3475 2932 3534 etcorda
2966 3483 3261 3535 converte.
3288 3491 3356 3552 Bg.
3379 3481 3580 3540 Amen.

1938 3563 2042 3616 Per
2075 3562 2533 3620 misericordiam
2573 3568 2763 3621 tuam.

2009 3661 2070 3721 11,-.
2090 3651 2564 3717 Domine,omnis
2585 3653 2949 3712 conscientia
2973 3664 3179 3714 nostra
3198 3675 3300 3716 rea
3323 3662 3411 3716 est
3439 3666 3577 3718 ante

1938 3743 2018 3795 te:
2062 3739 2127 3793 P.
2157 3739 2268 3795 Sed
2284 3744 2343 3796 tu
2372 3743 2524 3796 Deus
2545 3747 2757 3814 potens
2787 3759 2850 3799 es
2866 3746 3159 3804 mundare
3183 3764 3296 3804 nos
3325 3766 3588 3822 apecca-

1937 3829 2009 3885 tis
2036 3829 2291 3896 nostris;
2315 3829 2686 3903 quiadelicta
2714 3840 3167 3893 nostraatenon
3181 3839 3586 3898 suntabscon-

1937 3917 2078 3973 dita.
2114 3919 2176 3980 if.
2209 3919 2596 3976 Peccavimus
2621 3938 2759 3979 cum
2776 3924 3051 3981 Patribus
3083 3927 3326 3993 nostris,
3358 3928 3581 4000 injuste

1936 4007 2531 4080 egimus,iniquitates
2546 4011 2820 4068 fecimus.
2844 4013 2906 4070 P.
2930 4014 3046 4072 Sed
3086 4019 3148 4074 tu
3184 4018 3360 4076 Deus.
3385 4017 3582 4083 inGlo-

1936 4095 2043 4165 ria,
2076 4100 2132 4154 et
2158 4096 2374 4154 honor.
2393 4099 2732 4158 Reiteretur
2753 4114 2817 4174 13,.

2536 4191 2609 4246 In
2646 4192 2974 4251 Laudibus.

2003 4276 2097 4331 Ad
2109 4277 2803 4349 Canticum.Antiphona.
2816 4283 3103 4341 Dominus
3114 4283 3406 4342 humilem
3420 4285 3581 4353 facit,

1933 4368 1989 4422 et
2012 4365 2254 4423 exaltat.
2284 4368 2538 4426 Suscitat
2559 4385 2594 4426 a
2626 4374 2777 4428 terra
2789 4371 3044 4444 inopem,
3068 4377 3172 4432 eta
3199 4379 3454 4432 stercore
3476 4375 3584 4431 eri-

1934 4455 2016 4525 git
2040 4472 2396 4530 pauperem:
2426 4463 2484 4515 et
2501 4459 2705 4517 sedere
2728 4460 2869 4519 facit
2893 4477 3030 4520 eum
3062 4479 3201 4521 cum
3237 4463 3581 4537 potentibus

1931 4545 2162 4616 popuh.

2004 4635 2328 4693 Canticum.
2364 4639 2785 4695 Conﬁrmatum
2817 4645 2905 4698 est
2941 4656 3043 4698 cor
3081 4657 3312 4699 meum.
3381 4643 3583 4709 Quare

1925 4723 2037 4792 fol.
2078 4729 2162 4781 55.
2208 4726 2428 4784 Oratio.
2453 4727 2691 4784 Domine
2721 4729 2875 4785 Deus
2938 4730 3342 4788 scientiarum.
3376 4729 3581 4795 Quaere

1923 4814 2040 4883 fol.
2070 4818 2198 4870 H7.

1998 4904 2098 4959 Ad
2105 4905 2536 4963 Benedictus.A
2547 4908 2854 4979 ntiphona.
2868 4909 3048 4966 Maria
3058 4910 3378 4970 etﬂumina
3391 4910 3581 4971 bene-

1927 4991 2103 5049 dicite
2121 4995 2443 5052 Dominum
2467 5012 2478 5052 :
2514 4995 2846 5053 Benedicite
2875 4998 3067 5054 fontes
3093 4999 3439 5060 Dominum.

2000 5084 2682 5143 Canticum.Benedictus
2706 5102 2770 5142 es
2803 5086 3044 5144 Domine
3057 5091 3211 5146 Deus
3224 5091 3467 5150 Patrum
3479 5107 3584 5147 no-

1926 5174 2207 5230 strorum.
2238 5174 2487 5244 Require
2518 5174 2627 5244 fol.
2657 5179 2707 5231 6.
2737 5177 2810 5231 1n
2824 5178 3019 5247 primo
3049 5179 3344 5238 Dominico
3375 5182 3446 5234 de
3470 5177 3580 5230 Ad-

1925 5265 2111 5319 ventu.
2149 5261 2372 5318 Oratio.
2395 5263 2641 5320 Domine
2672 5267 2824 5321 Deus
2837 5269 3096 5326 Patrum.
3120 5270 3322 5336 Quzre
3348 5265 3457 5336 fol.
3486 5266 3575 5318 93.

1993 5352 2169 5407 Sono.
2201 5351 2400 5408 Exitus
2438 5354 2717 5412 matutini
2775 5361 2832 5414 et
2869 5375 3113 5432 vespere
3163 5349 3573 5414 delectaberis,

1924 5442 2106 5499 Deus.
2142 5440 2677 5508 Alleluia.alleluia.
2710 5447 2773 5510 iii.
2801 5447 3051 5504 Visitasti
3115 5448 3332 5498 terram
3375 5437 3580 5496 multi-

1923 5527 2157 5605 plicasti
2183 5531 2546 5608 locupletare
2582 5552 2740 5607 eam,
2771 5538 2948 5596 Deus.
2975 5523 3238 5600 Alleluia,
3313 5524 3576 5594 alleluia.
