4102 6176
166 196 268 252 233

1111 197 1464 254 DOMINICA
1512 197 1577 252 VI
1618 193 1799 252 POST
1835 195 2179 258 OCTAVAM
2215 201 2633 269 EPIPHANLE.

3461 233 3566 290 234

159 317 361 420 leluia,
391 317 661 420 alleluia.
683 319 743 377 ἲν.
783 319 848 420 In
875 325 1165 420 mt'ern'um
1197 323 1461 420 Domine,
1502 329 1814 420 permanet
1841 321 1887 375 A
1999 325 2214 384 Oratio.
2234 330 2492 420 Ostende
2510 333 2688 390 nobis
2718 336 2964 397 Domine
2980 344 3464 420 misericordiam,
3487 358 3567 410 te-

163 406 418 461 verbum
451 411 620 462 tuum
645 408 709 463 in
734 407 908 464 coelo.
935 409 996 462 Ρ.
1027 411 1094 466 Ut
1114 410 1467 469 custodiam.
1499 411 1559 472 ἴ.
1595 411 1810 468 Gloria.

161 494 226 550 P.
260 496 350 551 Ut.

231 583 724 640 0ra!io.Ostende
735 584 907 641 nobis
920 585 1814 648 Dominemisericordiamtuam.

168 671 373 736 Qumre
393 673 561 742 infra
594 672 1262 742 Commemorationes,ut
1285 692 1463 746 supra
1484 679 1597 746 fol.
1621 681 1708 734 94.

752 763 839 817 Ad
854 763 1234 820 Ma‘tutinum.

237 849 534 917 Hymnus.
559 847 796 904 Eterne
822 866 1041 905 rerum.
1073 853 1277 918 Quaere
1300 853 1416 921 fol.
1444 858 1493 909 3.

241 937 464 992 Oratio.
495 937 668 1000 Deus,
703 937 805 1009 qui
838 953 1082 993 omnem
1111 940 1406 995 mundum
1437 939 1816 1011 complexum

163 1023 450 1088 tenebris,
465 1023 803 1095 splendoris
821 1026 904 1080 tui
923 1025 1093 1081 radio
1112 1027 1430 1092 illuminas,
1447 1033 1817 1099 prmsentem-

162 1127 277 1182 que
293 1111 456 1166 diem
468 1113 872 1183 Apparitionis
887 1119 1002 1168 tum
1015 1115 1366 1171 miraculoin
1379 1117 1583 1171 usibus
1595 1117 1816 1172 nostris

161 1201 460 1256 exuscitas
482 1219 496 1254 :
520 1206 736 1272 prmsta
753 1207 968 1258 mterne
985 1204 1157 1270 Deus,
1177 1207 1293 1260 uta
1313 1205 1532 1260 nostris
1549 1205 1817 1276 lapsibus

159 1293 572 1356 resurgentes,
611 1288 878 1344 discusso
901 1290 1264 1346 inﬁdelitatis
1296 1307 1530 1362 sopore,
1553 1292 1818 1362 pervigili

163 1391 321 1430 cura
340 1377 402 1430 in
414 1375 690 1430 laudibus
704 1379 817 1430 tuis
830 1381 952 1432 toto
972 1378 1295 1433 excitemur
1313 1377 1529 1436 aﬁectu
1549 1384 1641 1435 :ut
1660 1381 1818 1436 exuti

161 1465 453 1536 operibus
466 1463 1196 1536 tenebrarum,sequamur
1207 1470 1260 1521 te
1271 1481 1477 1522 verum
1489 1467 1818 1538 principem

160 1553 334 1622 lucis,
351 1556 414 1606 ut
426 1552 576 1606 sicut
590 1556 895 1608 nocturnm
909 1552 1175 1621 caliginis
1194 1553 1567 1618 densitatem,
1583 1554 1816 1610 claritas

1924 416 2356 511 que‘populum
2379 421 2820 511 praestolantem
2839 428 2998 498 reple
3013 430 3358 507 lmtitia:quo
3375 443 3430 496 et
3446 416 3566 511 ple-

1922 497 2017 593 bis
2047 504 2165 593 tum
2205 502 2575 575 iniquitatem
2601 510 2890 581 remittas,
2911 497 2978 575 et
2996 524 3242 588 peccata
3255 497 3464 584 hostra
3493 527 3566 584 ab

1923 587 2013 641 ira
2035 587 2365 659 mitigatum
2387 593 2639 663 operias.
2667 607 2730 666 ni.
2763 603 2974 657 Amen.

1995 675 2099 729 Per
2122 674 2599 737 misericordiam
2626 686 2813 754 tuam,
2838 689 3012 758 Deus,
3034 695 3142 747 etc.

1992 762 2343 857 antiphona
2375 771 2425 823 3.
2454 769 2795 857 Revertatur
2812 773 3034 846 impius
3067 794 3104 833 a
3122 779 3222 836 via
3247 797 3357 839 sua
3376 785 3566 857 mala;

1925 851 1980 902 et
2006 849 2249 921 iniquus
2275 860 2464 910 cesset
2489 856 2828 930 delinquere
2843 863 3004 918 .P.Et
3023 865 3262 924 veniam
3284 870 3362 925 ad
3387 887 3492 928 vos
3512 849 3571 928 in

1918 935 2312 1025 jocunditate,
2337 942 2478 998 dicit
2499 944 2806 1001 Dominus.
2829 947 2890 1007 ἲν.
2914 950 3094 1007 Nolite
3119 970 3358 1025 sperare
3379 959 3438 1014 in
3465 960 3572 1015 ini-

1925 1023 2162 1092 quitate,
2201 1033 2256 1082 et
2296 1030 2542 1100 rapinas
2577 1032 2755 1089 nolite
2776 1023 3193 1108 concupiscere
3230 1043 3489 1101 :divitim
3520 1047 3569 1102 si

1924 1109 2192 1180 afﬂuant,
2217 1115 2409 1172 nolite.
2425 1133 2528 1174 cor
2548 1133 2870 1191 apponere.
2893 1123 2956 1180 P.
2982 1127 3049 1180 Et
3075 1127 3312 1184 veniam
3337 1131 3416 1187 ad
3431 1148 3562 1188 vos.

1924 1197 1984 1258 ἢ
2011 1201 2222 1269 Gloria,
2256 1209 2311 1259 et
2334 1205 2523 1262 honor
2540 1207 2714 1264 Patri.
2739 1211 2799 1266 P.
2819 1212 2883 1266 Et
2901 1212 3143 1270 veniam
3164 1215 3243 1272 ad
3263 1233 3392 1275 vos.

2000 1289 2674 1350 0ratz'o.Eﬁ‘undentibus
2691 1297 2867 1353 nobis
2880 1314 3082 1364 coram
3101 1305 3156 1358 te
3174 1305 3427 1361 cordain
3443 1321 3572 1363 ora-

1925 1376 2103 1447 tione,
2125 1382 2188 1433 tu
2205 1379 2474 1446 Domine,
2493 1383 2597 1452 qui
2616 1399 2754 1454 spes
2775 1387 3030 1441 omnium
3048 1404 3130 1455 es,
3154 1392 3372 1447 exaudi
3389 1397 3446 1449 et
3464 1395 3570 1450 mi-

1927 1479 2117 1520 serere
2161 1483 2174 1532 ;
2225 1466 2453 1538 tibique
2492 1484 2602 1525 nos
2631 1473 2948 1529 servituros
2976 1475 3166 1531 subde
3196 1495 3210 1543 ;
3243 1482 3300 1534 et
3327 1479 3573 1537 subditis

1925 1557 2169 1623 peccato
2189 1555 2445 1626 propitia
2458 1555 2821 1627 benignitate
2834 1575 3076 1618 occurre
3093 1582 3110 1634 ;
3133 1563 3226 1621 fac
3238 1580 3348 1622 nos
3360 1565 3575 1640 iniqui-

160 1639 277 1694 diei
298 1639 498 1694 infusa
532 1639 839 1710 dispergit,
864 1641 944 1695 ita
966 1642 1205 1710 aegrotis
1229 1643 1535 1698 medicinm
1555 1657 1707 1714 opus
1730 1643 1813 1698 in-
1852 1654 1898 1708 Β
1931 1639 2064 1695 tatis
2079 1641 2288 1712 rapina
2316 1643 2484 1712 122
2509 1659 2708 1701 carere
2738 1661 2752 1710 ;
2775 1650 2829 1701 et
2844 1646 3186 1706 divitiarum
3213 1639 3571 1709 tuarumior-

159 1726 396 1795 fundas,
423 1727 611 1781 anxiis
634 1726 1107 1783 consolationem
1128 1729 1416 1784 concedas
1445 1746 1458 1793 ;
1482 1730 1816 1785 errantibus

160 1815 324 1869 viam
352 1815 562 1869 salutis
585 1814 874 1869 ostendas
897 1831 909 1880 ;
933 1814 1356 1886 paenitentibus
1372 1815 1601 1872 donum
1619 1817 1812 1872 indul-

159 1901 378 1970 gentim
403 1901 624 1956 tribuas
652 1919 666 1967 ;
697 1902 1244 1973 qumrentibusque,
1277 1903 1436 1958 mitis
1483 1904 1644 1959 clara
1682 1903 1814 1960 luce

158 2004 457 2060 appareas
481 2008 494 2054 ;
523 1994 606 2053 ut,
638 1989 954 2061 splendore
975 1995 1089 2045 tum
1121 1990 1321 2059 glorim
1347 1991 1407 2046 in
1431 1991 1605 2046 nobis
1634 1992 1812 2048 reful-

160 2082 357 2147 gente.
393 2083 613 2133 cuncta
644 2083 750 2132 tua
799 2077 1060 2133 Ecclesia
1115 2094 1240 2150 spe,
1272 2078 1413 2147 ﬁde,
1446 2083 1500 2134 et
1532 2080 1814 2135 charitate

159 2164 558 2235 resplendeat.
615 2175 677 2232 ﬁ.
730 2169 936 2220 Amen.
989 2166 1098 2221 Per
1126 2165 1594 2223 misericordiam
1648 2171 1813 2222 tuam

163 2255 242 2308 De
252 2271 317 2307 us
349 2258 572 2315 noster,
604 2258 713 2309 etc.

234 2342 592 2410 Antiphona
606 2385 619 2396 .
655 2341 739 2396 Tu
757 2347 958 2397 autem
977 2342 1222 2397 Domine
1235 2347 1741 2414 susceptormeus,
1760 2345 1818 2401 et

165 2431 359 2500 gloria
379 2446 537 2495 mea,
558 2435 614 2485 et
629 2430 898 2486 exaltans
911 2435 1089 2502 caput
1105 2447 1325 2486 meum.
1348 2432 1622 2487 Psalmus
1645 2447 1725 2486 ιιι.

236 2519 614 2587 Αηιίρήοηα.
651 2518 988 2574 Secundum
1030 2533 1318 2588 magnam
1343 2519 1814 2576 misericordiam

168 2613 356 2668 tuam,
375 2606 508 2660 dele
528 2605 776 2661 Domine
793 2606 1128 2676 iniquitates
1140 2622 1326 2661 meas.
1345 2607 1614 2663 Psalmus
1631 2624 1680 2662 L.

239 2695 606 2763 Antiphona.
632 2694 779 2749 Mitte
808 2694 879 2748 de
903 2694 1070 2758 cmlo,
1100 2699 1154 2748 et
1183 2694 1370 2750 libera
1391 2710 1485 2750 me
1525 2695 1772 2750 Domine
1801 2710 1814 2758 ;

163 2785 245 2837 da
281 2784 341 2837 in
363 2781 758 2853 obprobrium
791 2782 1206 2836 conculcantes
1237 2799 1351 2838 me.
1397 2782 1670 2839 Psalmus
1704 2798 1813 2837 Lvi.

242 2870 800 2939 Oratio.Susceptor
820 2873 1019 2924 noster
1043 2869 1288 2924 Domine
1306 2869 1499 2925 exalia
1521 2874 1700 2941 caput
1716 2885 1821 2926 no-

164 2959 430 3014 strumin
452 2957 724 3026 gloria,et
743 2956 1040 3027 locupleta
1056 2973 1166 3012 nos
1183 2959 1243 3012 in
1264 2963 1368 3012 tua
1384 2958 1814 3017 misericordia:
1855 2981 1896 3036 ρ

165 3047 313 3101 lava
332 3047 540 3101 intima
565 3045 760 3100 cordis
785 3044 972 3099 nostri
997 3045 1073 3099 ad
1105 3044 1390 3114 injustitia
1423 3064 1436 3114 ;
1461 3051 1515 3100 et
1534 3061 1571 3102 a
1596 3046 1821 3116 peccati

165 3134 640 3206 inquinamentis
660 3133 940 3204 puriﬁca:
968 3135 1130 3188 mitte
1147 3133 1220 3188 de
1245 3134 1410 3198 coelo,
1433 3139 1485 3189 et
1512 3149 1648 3189 erue
1664 3150 1774 3190 nos
1787 3150 1823 3190 a

167 3223 577 3280 conculcantis
595 3221 917 3292 opprobrio
944 3240 954 3275 :
982 3227 1044 3276 ut
1061 3222 1285 3276 alacres
1303 3223 1379 3278 ad
1405 3223 1514 3278 hoc
1536 3227 1704 3278 tuum
1730 3238 1824 3277 re-

169 3327 489 3367 curramus
511 3310 790 3364 altarium
817 3328 830 3376 ;
866 3315 921 3364 et
951 3309 1308 3364 matutinum
1331 3310 1689 3365 sacriﬁcium
1720 3309 1824 3365 tibi

170 3400 502 3455 offeramus
538 3398 596 3451 in
628 3397 866 3467 templo.
899 3408 960 3464 ac.
989 3398 1196 3451 Amen.

241 3489 356 3541 Per
381 3484 860 3540 misericordiam
886 3489 1073 3554 tuam,
1103 3485 1256 3539 Deus
1277 3489 1490 3550 noster,
1515 3485 1620 3556 qui
1645 3500 1708 3540 es
1728 3483 1828 3540 be-

168 3575 466 3638 nedictus,
501 3578 610 3627 etc.

241 3664 541 3718 Dominus
567 3663 642 3717 sit
663 3676 916 3733 semper.
941 3672 1003 3730 3;.
1025 3664 1089 3716 Et
1106 3677 1242 3716 cum
1263 3661 1474 3732 spiritu
1493 3669 1612 3719 tuo.

241 3753 588 3820 Antiphona
623 3756 672 3805 l.
696 3755 758 3805 In
791 3756 842 3804 te
872 3756 1258 3820 speraverunt
1288 3756 1483 3821 patres
1505 3751 1688 3806 nostri
1726 3752 1830 3808 Do-

171 3841 334 3896 mine
371 3857 382 3892 :
425 3840 487 3894 P.
537 3841 952 3908 Speraverunt,
995 3843 1052 3893 et
1091 3837 1355 3893 liberasti
1395 3854 1513 3894 eos.
1555 3839 1617 3898 V.
1650 3839 1737 3893 Ad
1776 3843 1830 3895 te

170 3929 610 3991 clamaverunt,
641 3932 696 3981 et
722 3926 870 3981 salvi
891 3925 1027 3980 facti
1058 3929 1230 3980 sunt:
1260 3927 1393 3981 inte
1421 3932 1827 3998 speraverunt,

165 4023 223 4073 et
267 4031 398 4071 non
429 4019 568 4070 sunt
610 4013 861 4070 confusi.
905 4014 968 4069 P.
1007 4015 1424 4085 Speraverunt.
1454 4013 1516 4073 )7.
1551 4013 1746 4069 Gloria
1774 4018 1832 4097 ﬁ

162 4105 385 4161 honor.
411 4105 472 4158 P.
494 4101 908 4172 Speraverunt.

250 4189 483 4244 Oratio.
529 4189 763 4259 Respice
787 4189 848 4244 in
879 4203 990 4243 nos
1019 4187 1260 4243 Domine
1305 4189 1458 4242 Deus
1497 4191 1698 4243 noster
1731 4205 1744 4256 ;
1776 4191 1832 4244 et

1926 1733 2207 1784 namenta
2250 1730 2598 1800 conquirere
2658 1747 2670 1785 :
2733 1736 2904 1803 atque
2957 1737 3012 1789 te
3043 1739 3484 1807 concupiscere,
3517 1741 3572 1795 te

1925 1830 2120 1880 nosse,
2156 1820 2330 1887 teque
2355 1818 2518 1873 omni
2550 1818 2685 1874 vitm
2706 1823 2922 1876 nostrm
2950 1824 3216 1893 tempore
3241 1826 3430 1879 Deum
3451 1839 3572 1880 me-

1924 1915 2166 1958 reamur
2188 1903 2429 1959 habere.
2475 1907 2535 1961 P.
2565 1910 2772 1961 Amen.

1994 1990 2103 2044 Per
2134 1989 2621 2049 misericordiam.

1991 2077 2052 2131 P.
2079 2078 2325 2133 Domine
2363 2079 2566 2151 inique
2592 2081 2825 2150 egimus
2849 2100 2868 2148 ;
2891 2085 3090 2140 omnis
3129 2090 3271 2142 mtas
3290 2101 3455 2144 ream
3470 2089 3573 2146 ha-

1919 2164 2457 2222 betconscientiam
2482 2171 2896 2239 :peccavimus
2919 2172 3023 2227 tibi
3046 2173 3315 2230 Domine.
3336 2175 3400 2230 P.
3425 2178 3572 2233 Con-

1920 2257 2141 2309 vertere
2176 2254 2255 2309 ad
2285 2255 2774 2313 misericordiam.
2815 2257 2875 2317 ἰν.
2912 2259 3294 2316 Peccavimus
3327 2279 3340 2316 :
3373 2264 3556 2334 impie

1923 2342 2301 2410 gessimus,et
2319 2345 3205 2414 recessimus,etdeclinavimus
3224 2365 3259 2405 a
3275 2350 3573 2407 mandatis

1922 2430 2055 2488 tuis.
2111 2432 2174 2484 P.
2231 2433 2598 2493 Convertere.
2648 2431 2708 2492 Ψ.
2766 2432 2980 2499 Gloria,
3033 2440 3090 2493 et
3138 2437 3348 2495 honor.
3383 2440 3572 2496 Reite—

1924 2525 2092 2575 retur
2117 2521 2177 2574 P.

2585 2607 2657 2661 In
2691 2609 3001 2664 Laudibus.

1995 2694 2081 2748 Ad
2097 2693 2426 2749 Canticum.
2444 2694 2812 2762 Antiphona.
2827 2698 2953 2750 Non
2975 2695 3242 2751 infernus
3270 2698 3575 2755 conﬁtebi-

1928 2785 2022 2837 tur
2035 2780 2138 2836 tibi
2154 2781 2442 2844 Deus,nec
2455 2795 2616 2835 mors
2629 2780 2981 2835 laudabitte.
2999 2782 3209 2836 Vivens
3220 2784 3420 2838 vivens
3436 2800 3576 2840 con-

1929 2868 2190 2925 ﬁtebitur
2215 2867 2318 2922 tibi
2350 2886 2366 2938 ;
2393 2871 2449 2922 et
2472 2871 2675 2922 notam
2701 2867 2875 2922 faciet
2895 2868 3362 2926 misericordiam
3383 2875 3571 2927 tuam.

2179 2956 2484 3011 Canticum
2506 2955 2768 3012 Ezechiae
2797 2957 3013 3026 (Esaiae
3037 2963 3301 3025 xxxvm).

2001 3046 2118 3113 Ego
2139 3043 2262 3098 dixi
2283 3060 2295 3097 :
2319 3043 2384 3098 In
2401 3043 2648 3098 dimidio
2668 3043 2896 3099 dierum
2911 3059 3184 3102 meorum
3198 3048 3220 3068 "
3241 3044 3462 3102 vadam
3483 3046 3563 3102 ad

1928 3139 2130 3204 portas
2164 3131 2362 3186 inferi.

2002 3219 2257 3286 Qumsivi
2277 3218 2582 3274 residuum
2603 3232 2900 3275 annorum
2917 3235 3180 3276 meorum
3203 3237 3216 3274 :
3238 3224 3258 3244 "
3277 3221 3424 3275 dixi:
3446 3223 3573 3276 Non

1929 3307 2142 3364 videbo
2165 3306 2484 3362 Dominum
2506 3307 2692 3360 Deum
2722 3306 2781 3360 in
2808 3311 2962 3361 terra
2985 3307 3327 3360 viventium.

2003 3399 2130 3452 Non
2172 3395 2458 3465 aspiciam
2487 3391 2794 3448 hominem
2831 3391 3003 3455 ultra,
3045 3393 3060 3409 '
3089 3395 3144 3446 et
3173 3390 3574 3447 habitatorem

1934 3483 2171 3555 quietis.

2006 3569 2316 3626 Generatio
2347 3581 2481 3623 mea
2533 3564 2731 3622 ablata
2760 3567 2848 3618 est
2877 3578 2912 3619 ει
2940 3578 3056 3628 me,
3098 3561 3413 3618 convoluta
3461 3568 3568 3627 est,

1935 3657 2110 3730 quasi
2137 3654 2585 3711 tabernaculum
2620 3655 2947 3722 pastorum.

2007 3743 2258 3798 Prmcisa
2276 3746 2364 3796 est
2382 3739 2541 3794 velut
2561 3754 2598 3794 a
2619 3743 2846 3793 texente
2879 3737 3056 3793 telam
3081 3736 3203 3793 vita
3224 3753 3361 3794 mea
3390 3754 3402 3792 :
3428 3739 3580 3793 dum

1936 3832 2134 3889 adhuc
2178 3829 2422 3898 ordirer,
2452 3825 2705 3882 succidit
2738 3840 2835 3881 me
2894 3844 2908 3879 :
2936 3826 2953 3843 '
2977 3825 3050 3880 de
3080 3840 3248 3881 mane
3277 3840 3469 3898 usque
3500 3825 3579 3881 ad

1935 3934 2255 3992 vesperum
2280 3917 2450 3972 ﬁnies
2469 3929 2585 3971 me.

2009 4007 2332 4079 Sperabam
2353 4018 2542 4075 neque
2562 4001 2639 4059 ad
2658 4016 2856 4065 mane,
2871 4003 2891 4021 '
2911 4000 3063 4057 sicut
3080 3999 3174 4057 leo
3191 4000 3276 4056 sic
3297 3999 3578 4056 contrivit

1936 4094 2140 4151 omnia
2159 4108 2300 4149 ossa
2319 4106 2451 4148 mea
2472 4107 2485 4145 :

2008 4183 2088 4236 De
2102 4195 2277 4236 mane
2298 4193 2488 4249 usque
2501 4175 2578 4232 ad
2588 4189 2908 4247 vesperum
2917 4173 3087 4229 ﬁnies
3104 4187 3200 4229 me
3221 4189 3234 4228 :
3254 4175 3274 4195 '
3293 4173 3440 4228 sicut
3452 4171 3582 4244 pul-

165 4275 512 4334 avertendo
531 4275 744 4331 faciam
769 4282 931 4332 luam
951 4292 986 4333 a
1002 4277 1196 4343 nobis,
1216 4291 1326 4330 nos
1343 4275 1717 4347 aliquatenus
1733 4276 1832 4332 de-
1862 4314 1909 4372 Ι)
1937 4270 2026 4325 lus
2038 4267 2372 4366 hirunditlis
2385 4266 2466 4372 Si?
2483 4261 3186 4372 Clamabammeditaba‘r
3198 4260 3363 4358 utcol
3377 4259 3580 4372 umba.

167 4366 493 4434 relinquas
519 4383 530 4420 :
557 4379 686 4418 vere
713 4363 875 4418 enim
898 4363 1046 4418 salvi
1077 4363 1315 4433 erimus,
1342 4363 1388 4417 si
1418 4363 1611 4418 vultus
1645 4365 1724 4418 tui
1771 4364 1830 4419 in

170 4471 290 4509 nos
314 4456 632 4522 aspectum
654 4451 1095 4518 converteris,et
1119 4451 1376 4506 hilariter
1397 4451 1612 4506 nostris
1634 4456 1686 4506 te
1709 4451 1832 4507 ani-

170 4541 407 4597 mabus
434 4539 817 4608 conjunxeris
846 4555 857 4591 :
892 4544 953 4592 ut
983 4539 1124 4609 quia
1149 4538 1208 4592 in
1243 4544 1294 4592 te
1326 4543 1834 4610 speraveruntpa-

172 4636 291 4685 tres
325 4628 538 4690 nostri,
569 4632 627 4681 et
657 4627 803 4681 salvi
829 4625 969 4681 facti
998 4631 1156 4688 sunt,
1189 4641 1299 4682 nos
1331 4626 1702 4682 hereditarim
1739 4627 1835 4683 fac

171 4731 389 4771 eorum
417 4714 548 4786 spei
581 4713 900 4768 succedere
929 4731 942 4778 ;
971 4718 1025 4768 et
1052 4712 1345 4783 parilitate
1363 4713 1594 4784 horum,
1616 4721 1837 4771 mterna

172 4821 312 4861 cum
348 4805 434 4859 eis
463 4802 828 4858 exultatione
850 4802 1132 4870 gaudere.
1165 4813 1227 4871 ἢ.
1258 4806 1466 4858 Amen.

241 4895 349 4947 Per
383 4889 869 4946 misericordiam
896 4893 1079 4955 tuam,
1112 4889 1265 4943 Deus
1295 4894 1515 4955 noster,
1549 4893 1656 4945 etc.

241 4975 1070 5047 Antiphona2.ltlisericordia
1082 4980 1179 5030 tua
1193 4976 1426 5031 Domine
1441 4977 1839 5048 subsequatur

168 5082 303 5122 nos.
337 5071 398 5122 P.
445 5065 744 5121 Omnibus
786 5063 991 5118 diebus
1042 5063 1173 5117 vitm
1209 5069 1443 5118 nostrm.
1487 5064 1546 5122 ἲν.
1583 5065 1837 5119 Ostende

170 5156 350 5210 nobis
374 5155 628 5209 Domine
641 5152 1107 5207 misericordiam
1130 5157 1288 5205 tuam
1307 5169 1320 5204 :
1336 5157 1391 5206 et
1409 5151 1663 5206 salutare
1676 5158 1835 5207 tuum

168 5244 252 5297 da
286 5244 482 5297 nobis.
516 5243 581 5295 Ρ.
618 5239 907 5295 Omnibus
935 5239 1147 5294 diebus
1180 5239 1311 5294 vitm
1342 5244 1574 5293 nostrm.
1607 5238 1672 5297 ἵ.
1703 5240 1837 5296 Glo-

169 5331 282 5392 ria.
299 5338 354 5386 et
380 5331 584 5386 honor
602 5328 782 5389 Patri,
807 5332 862 5382 ct
875 5327 1037 5388 Filio.
1061 5326 1126 5380 P.
1149 5326 1438 5383 Omnibus
1467 5325 1679 5385 diebus
1701 5328 1834 5385 vitm

170 5418 424 5472 nostrm.

476 5503 720 5557 PATROL.
756 5500 1024 5558 LXXXVI.

2008 4355 2302 4412 Attenuati
2319 4357 2455 4408 sunt
2471 4353 2624 4407 oculi
2642 4351 2777 4413 mei,
2804 4353 2822 4372 ‘
2843 4349 3227 4419 suspicientes
3244 4349 3303 4403 in
3320 4347 3574 4402 excelso.

2008 4444 2256 4500 Domine
2276 4443 2397 4496 vim
2427 4441 2636 4510 patior,
2663 4437 2961 4508 responde
2988 4451 3095 4507 pro
3125 4452 3240 4491 me.
3272 4437 3293 4458 ‘
3326 4435 3479 4500 Quid
3500 4434 3585 4488 di-

1940 4549 2094 4598 cam,
2121 4537 2224 4586 aut
2247 4529 2393 4602 quid
2416 4523 2974 4598 respondebitmihi,
3006 4539 3142 4578 cum
3163 4524 3287 4594 ipse
3305 4521 3586 4576 fecerim?

2010 4618 2364 4688 Hecogitabo
2413 4631 2622 4671 omnes
2646 4627 2838 4670 annos
2868 4626 3035 4667 meos
3057 4612 3074 4627 '
3093 4611 3155 4665 in
3182 4608 3582 4667 amaritudine

1941 4709 2158 4765 animm
2185 4722 2354 4761 mem.

2011 4793 2259 4851 Domine
2281 4793 2330 4847 si
2344 4791 2427 4844 sic
2445 4788 2676 4852 vivitur,
2701 4792 2755 4843 et
2774 4785 2834 4840 in
2852 4784 3069 4842 talibus
3091 4787 3178 4840 est
3201 4783 3322 4839 vita
3343 4780 3591 4853 spiritus

1942 4883 2082 4952 mei,
2105 4884 2121 4900 '
2150 4879 2434 4950 corripies
2461 4890 2576 4944 me,
2610 4879 2665 4930 et
2688 4871 3016 4929 viviﬁcabis
3044 4887 3163 4928 me.

2012 4973 2158 5025 Ecce
2172 4969 2234 5023 in
2248 4981 2396 5039 pace
2417 4961 2752 5020 amaritudo
2772 4976 2907 5016 mea
2927 4957 3304 5015 amarissima
3328 4974 3340 5012 :
3365 4959 3385 4980 ⁶
3403 4961 3466 5014 tu
3486 4973 3592 5015 au-

1941 5062 2062 5114 tem
2084 5054 2347 5126 eripuisti
2364 5052 2630 5106 animam
2650 5063 2848 5104 meam
2870 5052 3070 5102 utnon
3092 5045 3443 5117 perirem,et
3457 5060 3590 5114 pro-

1939 5144 2128 5214 jecisti
2151 5145 2291 5212 post
2317 5144 2547 5205 tergum
2582 5141 2750 5191 tuum
2776 5133 2979 5189 omnia
3010 5140 3260 5205 peccata
3295 5149 3447 5190 mea.

2015 5231 2161 5295 Quia
2187 5242 2306 5282 non
2333 5223 2597 5278 infernus
2627 5222 3003 5278 conﬁtebitur
3027 5221 3154 5286 tibi,
3187 5233 3381 5291 neque
3426 5227 3590 5269 mors

1943 5316 2207 5376 laudabit
2239 5317 2291 5368 te
2325 5330 2337 5366 :
2380 5313 2395 5328 '
2422 5324 2544 5366 non
2568 5310 2969 5380 expectabunt
2991 5310 3095 5380 qui
3119 5301 3486 5363 descendunt
3527 5299 3590 5352 in

1942 5409 2163 5473 lacum,
2191 5399 2498 5458 veritatem
2525 5401 2712 5455 tuam.
3239 5476 3278 5529 8
