4102 6176
493 230 602 303 235

1736 181 2184 255 Basvmamu
2220 177 2614 239 GOTHICUM.
3790 171 3909 230 εδδ

576 340 1006 407 Vivensvivens
1027 332 1400 393 conﬁtebitur
1411 327 1538 393 tibi,
1557 325 1706 382 sicut
1731 311 2100 389 etegohodie
2125 325 2137 365 :
2170 308 2220 362 A
2264 304 2457 407 Δ
2485 303 2740 363 alleluia.
2761 308 2823 364 π.
2842 301 2995 358 Laus
3019 297 3223 369 ejusin
3242 293 3506 352 Ecclesia
3522 296 3906 351 sanctorum.

502 442 526 465 "
552 439 724 512 pater
748 430 885 489 ﬁliis
912 431 1117 483 notam
1159 417 1667 512 faciet‘veritat‘em
1701 414 1891 512 tuam.

575 505 824 581 Domine
853 518 1048 573 salvos
1070 526 1180 567 nos
1198 510 1308 575 fac,
1336 509 1352 526 ‘
1378 503 1722 577 etpsalmos
1744 499 1979 553 nostros
2006 500 2142 585 can-

499 614 767 673 tabimus
778 604 1002 663 cunctis
1018 600 1229 656 diebus
1242 598 1374 653 vitae
1388 598 1609 652 nostra;
1622 590 1685 646 in
1705 588 1878 644 domo
1892 585 2138 638 Domini.

570 700 634 762 ﬂ.
662 694 873 756 Gloria,
906 695 964 747 et
992 689 1205 744 honor.

659 752 789 841 Non
818 752 1085 835 infernus
1129 769 1507 830 conﬁtebitur
1554 764 1681 833 tibi,
1741 774 1851 817 nec
1899 768 2063 813 mors
2081 752 2141 805 P.

506 871 801 935 Laudabit
820 872 897 925 te.
927 865 1145 921 Vivens
1154 862 1362 918 vivens
1383 853 1758 915 conﬁtebitur
1781 847 1890 906 tibi
1916 864 1931 914 ;
1957 846 2015 900 et
2038 854 2145 897 no-

507 970 635 1023 tam
660 958 839 1017 faciet
858 950 1327 1011 misericordiam
1342 950 1529 1003 tuam.

578 1048 797 1107 Oratio.
828 1041 1006 1112 Eripe
1060 1037 1309 1095 Domine
1337 1034 1573 1092 animas
1609 1028 1865 1115 nostras,
1891 1021 1993 1115 ,ιη’
2025 1028 2149 1072 non

505 1147 825 1211 pereamus
838 1131 899 1186 in
924 1107 1166 1183 interitu
1192 1139 1204 1176 :
1232 1112 1865 1211 nostrorumomnium
1884 1107 2150 1211 facinora

507 1190 893 1295 peccatorum
918 1228 1075 1286 pone
1128 1214 1262 1282 post
1306 1214 1541 1279 tergum
1570 1208 1732 1295 tuum
1756 1201 1869 1295 inut
1892 1208 2015 1295 non
2054 1190 2150 1295 de-

504 1278 777 1382 iiciamur
786 1278 994 1376 perditi
1004 1302 1067 1357 in
1082 1278 1506 1361 infernum;sed
1522 1309 1559 1349 a
1578 1297 1633 1349 te
1653 1281 2054 1382 viviﬁcati,hic
2070 1278 2153 1334 fa-

511 1372 763 1462 teamur,
776 1372 831 1449 et
842 1390 1147 1446 veritatem
1159 1391 1326 1442 tuam
1343 1383 1744 1454 expectantes,
1764 1372 2036 1446 psalmos
2049 1381 2154 1423 no-

512 1488 667 1541 stros
687 1483 750 1537 in
763 1480 1016 1535 domum
1025 1480 1195 1531 tuam
1204 1474 1224 1544 j
1236 1472 1422 1545 ugiter
1440 1469 1844 1526 decantemus.
1862 1471 1925 1530 Bt.
1941 1462 2151 1513 Amen.

580 1572 692 1627 Per
719 1563 1213 1623 misericordiam.

583 1674 683 1731 Ad
692 1660 1553 1735 Benedictus.Antiphona.Filii
1575 1655 1892 1715 hominum
1910 1646 2149 1735 benedi-
2180 1646 2227 1703 B

515 1762 628 1819 cite
639 1758 958 1816 Dominum
970 1754 1145 1811 Israel
1166 1770 1181 1819 ;
1198 1758 1255 1809 et
1270 1765 1480 1809 omnes
1496 1744 1829 1805 sacerdotes
1844 1738 1997 1796 servi
2026 1734 2151 1804 Dei,

512 1845 847 1907 benedicite
870 1842 1215 1900 Dominum.

588 1934 910 1991 Canticum.
943 1927 1286 1986 Benedictus
1314 1940 1378 1981 es
1427 1920 1681 1979 Domine
1730 1919 1901 1973 Deus.
1959 1911 2067 1968 fol.
2097 1913 2149 1965 9.

588 2037 766 2094 Sono.
789 2037 944 2091 Deus
973 2034 1325 2089 misereatur
1351 2026 1548 2096 nobis,
1582 2027 1642 2080 P.
1673 2018 1996 2078 Benedicat
2023 2030 2154 2079 nos,

519 2123 785 2183 Alleluia.
814 2122 878 2184 ῒ.
905 2115 1500 2176 IlluminetDominus
1522 2111 1753 2170 vultum
1780 2122 1957 2164 suum
1980 2117 2159 2175 super

519 2225 653 2275 nos,
683 2212 744 2264 P.
775 2210 845 2263 Et
870 2206 1199 2263 benedicat.

587 2320 815 2381 Lauda.
834 2320 1097 2378 Laudate
1110 2316 1428 2375 Dominum
1456 2314 1531 2371 de
1548 2310 1744 2371 Coelis.
1774 2305 2045 2374 Alleluia,
2080 2302 2160 2361 al-

515 2412 719 2471 leluia.
760 2410 1033 2466 Psalmus
1054 2422 1257 2464 CXLVlIl
1271 2447 1285 2461 .

586 2501 777 2559 Lectio
799 2498 942 2556 libri
968 2488 1717 2553 EcclesiasticiSalomonis
1757 2485 2007 2557 (Cap.vr,
2032 2479 2158 2551 vn).

590 2598 660 2659 Br.
690 2589 812 2645 Deo
836 2584 1083 2657 gratias.

591 2657 718 2744 Fili,
734 2667 1225 2744 cogitatumhabe
1245 2665 1308 2723 in
1331 2662 1643 2739 praseeptis
1664 2661 1783 2727 Dei,
1833 2662 1889 2715 et
1908 2657 1971 2713 in
1994 2672 2161 2712 man-

519 2763 673 2821 datis
690 2763 846 2819 illius
860 2760 1123 2817 maxime
1142 2755 1422 2813 assiduus
1445 2757 1570 2809 esto
1594 2770 1605 2807 :
1632 2754 1689 2807 et
1711 2750 1840 2821 ipse
1871 2746 2036 2804 dabit
2057 2744 2159 2800 tibi

514 2866 618 2909 cor
640 2869 653 2915 ;
686 2846 1167 2921 concupiscentia
1180 2842 1486 2915 sapientiae
1506 2839 1745 2896 dabitur
1760 2836 1892 2893 tibi.
1932 2831 2157 2921 Nolifa-

513 2952 645 2995 cere
662 2937 841 3002 mala,
869 2920 926 2991 et
952 2949 1077 2991 non
1087 2936 1143 2989 te
1164 2928 1632 3003 apprehendent.
1650 2924 1894 2981 Discede
1944 2921 2022 2977 ab
2049 2920 2157 2976 ini-

512 3040 656 3098 qua,
687 3028 745 3080 et
771 3022 1048 3079 deﬁcient
1075 3019 1235 3074 mala
1260 3017 1371 3074 abs
1395 3020 1467 3073 te.
1534 3017 1662 3070 Non
1714 3011 1971 3067 semines
1999 3008 2160 3098 mala

512 3097 577 3166 in
597 3109 776 3165 sulcis
784 3108 1045 3179 justitiee,
1067 3110 1123 3162 et
1138 3120 1261 3161 non
1272 3107 1455 3160 metes
1484 3101 1628 3158 eain
1643 3099 2010 3171 septuplum.
2026 3097 2153 3153 Noli

509 3211 779 3269 quatere
808 3195 886 3252 ab
909 3193 1151 3250 homine
1173 3192 1478 3255 ducatum,
1510 3203 1705 3260 neque
1735 3203 1771 3243 a
1795 3201 1933 3255 rege
1959 3186 2156 3241 cathe-

511 3284 685 3341 dram
695 3282 969 3339 honoris.
989 3284 1119 3337 Non
1132 3283 1188 3336 te
1195 3280 1217 3351 j
1228 3278 1485 3334 ustiﬁces
1501 3281 1637 3332 ante
1653 3277 1859 3339 Deum,
1874 3274 2159 3345 quoniam

511 3372 744 3442 agnitor
770 3369 971 3426 cordis
1001 3368 1129 3439 ipse
1155 3371 1280 3423 est:
1311 3370 1369 3422 et
1383 3380 1561 3437 penes
1607 3379 1810 3434 regem
1855 3362 1978 3417 noli
2002 3361 2149 3417 velle

507 3460 697 3517 videri
722 3455 1122 3530 sapiens.Noli
1137 3452 1539 3527 quaerereﬁeri
1556 3452 1764 3523 judex,
1798 3450 1916 3505 nisi
1946 3450 2153 3507 valeas

509 3548 721 3605 virtute
749 3546 1091 3616 inrumpere
1116 3542 1457 3615 iniquitates
1490 3559 1505 3599 :
1532 3556 1609 3596 ne
1634 3540 1785 3595 forte
1797 3539 2157 3595 extimescas

512 3633 727 3690 faciem
741 3632 1019 3703 potentis,
1040 3634 1295 3702 etpones
1312 3627 1663 3685 scandalum
1676 3627 1735 3682 in
1758 3625 2017 3696 agilitate
2034 3629 2160 3683 tua.

514 3722 645 3776 Non
663 3734 873 3790 pecces
888 3719 951 3773 in
967 3717 1340 3774 multitudine
1361 3715 1637 3781 civitatis,
1657 3730 1852 3786 neque
1878 3713 2081 3769 mittas
2106 3718 2162 3769 te

510 3807 576 3864 in
597 3805 820 3878 populo
848 3820 1043 3879 neque
1068 3804 1275 3873 diliges
1300 3803 1853 3875 dupliciapeccata:
1882 3816 1991 3856 nec
2005 3800 2164 3857 enim

514 3893 802 3951 immunis
820 3892 1012 3948 crisin
1029 3907 1173 3947 uno.
1200 3892 1324 3946 Noli
1346 3907 1472 3946 esse
1507 3890 1909 3962 pusillanimis
1932 3890 1995 3944 in
2036 3890 2164 3946 ani-

516 3997 620 4039 ma
647 3986 748 4037 tua
781 3996 793 4035 :
824 3995 1079 4050 exorare,
1101 3978 1363 4034 etfacere
1395 3979 1842 4050 eleemosynam
1878 3994 1952 4034 ne
1976 3977 2165 4049 despi-

518 4070 667 4127 cias.
695 4072 775 4125 Ne
813 4068 979 4124 dicas
1013 4085 1026 4122 :
1059 4069 1124 4122 In
1151 4066 1523 4121 multitudine
1552 4082 1850 4123 munerum
1888 4082 2161 4122 meorum

514 4156 791 4227 respiciet
816 4158 989 4220 Deus,
1022 4158 1080 4211 et
1094 4153 1375 4210 offerente
1395 4169 1509 4221 me,
1529 4153 1861 4209 Altissimus
1885 4154 2165 4225 suscipiet

516 4259 770 4300 munera
788 4244 1084 4301 mea.Non
1109 4241 1357 4297 irrideas
1377 4240 1686 4296 hominem
1715 4242 1775 4297 in
1806 4242 2155 4299 amaritudi-

516 4348 593 4390 ne
619 4332 835 4389 animaa
857 4346 1016 4385 suae:
1048 4334 1134 4385 est
1162 4330 1321 4385 enim
1350 4329 1453 4401 qui
1501 4328 1775 4387 humiliat
1828 4335 1883 4386 et
1914 4330 2158 4395 exaltat,
2198 4321 2242 4376 D

521 4420 984 4492 circumspector
1012 4418 1190 4473 Deus.
1214 4428 1283 4487 Βι.
1350 4417 1562 4472 Amen.

590 4506 849 4579 Hymnus
863 4549 876 4562 .
900 4505 1189 4577 Splendor
1207 4508 1494 4576 paternae.
1506 4506 1595 4574 fol
1614 4504 1700 4560 67.
1735 4507 1778 4576 ι
1794 4505 1906 4577 23
1921 4505 2163 4577 Suppli-

521 4596 702 4653 catio.
733 4595 981 4651 Oremus
1000 4592 1478 4664 Redemptorem.
1519 4594 1722 4661 Quare
1749 4596 1865 4663 fol.
1894 4599 1983 4651 66.

590 4682 788 4754 Kyrie,
818 4681 1053 4739 cleison.
1087 4692 1154 4752 1}.
1170 4681 1404 4747 Christe,
1424 4681 1672 4739 cleison.
1697 4682 2153 4752 Kyrie,eleison.

593 4797 898 4867 Capitula.
935 4797 1068 4854 lam
1086 4795 1271 4866 fulget
1296 4795 1515 4861 oriens,
1535 4796 1665 4867 jam
1692 4800 1977 4868 praperat
2001 4797 2155 4863 dies,

520 4884 650 4954 jam
686 4883 1193 4955 fugatistenebris,
1222 4898 1440 4942 aurora
1452 4882 1718 4941 rubescit
1737 4884 1951 4941 inluce
1969 4886 2167 4957 puris-

524 4969 682 5027 sima
710 4986 726 5027 :
750 4971 986 5044 coitum,
1009 4976 1067 5030 et
1105 4972 1194 5029 sol
1217 4973 1541 5043 refulgens,
1564 4973 1767 5030 radios
1807 4989 1949 5030 suos
1984 4974 2160 5030 infert

524 5056 797 5114 mundo:
838 5063 1051 5116 cuncta
1074 5064 1415 5132 properant,
1449 5065 1663 5118 cuncta
1688 5060 1991 5128 festinant,
2055 5076 2163 5133 0p-

526 5149 655 5203 tant
669 5145 990 5202 Dominum
1014 5147 1233 5204 habere
1246 5149 1582 5219 propitium;
1611 5166 1796 5221 quem
1816 5165 2000 5206 suum
2028 5165 2163 5206 auc-

525 5238 717 5293 torem
748 5248 984 5305 semper
1002 5240 1359 5305 agnoscunt,
1388 5236 1609 5307 pariter
1661 5243 1716 5293 et
1768 5237 2165 5296 defensorem.

594 5321 771 5379 Pater
782 5326 1005 5381 uester.
1018 5323 1171 5379 Etne
1193 5336 1326 5378 nos.
1345 5321 1646 5381 Liberatia
1672 5325 1853 5392 malo,
1868 5331 1983 5384 etc.

599 5406 830 5470 Lauda.
864 5409 1107 5471 Caritate
1122 5407 1376 5469 Domino
1395 5410 1699 5470 canticum
1710 5426 1929 5473 novem
1968 5432 1984 5476 ;
2017 5413 2189 5472 Alica

2248 392 2511 450 Alleluia.

2322 481 2544 535 Oratio.
2578 479 2701 535 Tibi
2728 478 2972 534 Domine
2984 476 3045 530 in
3058 472 3316 529 Ecclesia
3330 474 3679 527 sanctorum
3694 472 3907 527 canta-

2249 585 2419 633 mus;
2450 568 2671 639 tibique
2692 566 2945 636 gratiam
2972 576 3391 635 praaconamus
3427 575 3438 613 :
3474 558 3664 614 tribue
3693 557 3904 623 nobis,

2249 656 2457 713 laudes
2474 661 2605 713 tuas
2623 669 2929 727 promere;
2957 652 3019 708 in
3030 665 3151 721 quo
3176 653 3539 705 coaeternum
3562 662 3677 704 nos
3705 646 3904 703 credi-

2250 760 2387 802 mus
2416 745 2729 812 praamium
2759 742 3044 799 obtinere.
3076 750 3140 808 Bt.
3171 740 3380 794 Amen.

2323 837 2449 889 Per.
2552 828 2572 846 ”

2323 921 2389 977 1n
2417 920 2683 977 nomine.

2327 1009 2905 1066 Commemorationes
2928 1006 3208 1062 dicantur
3236 1008 3301 1059 ut
3320 1002 3432 1072 fol.
3456 1003 3546 1057 94.

2326 1096 2472 1152 Item
2493 1097 2556 1152 in
2581 1101 2784 1153 excute
2815 1095 3065 1163 Vespera
3080 1092 3281 1148 omnia
3304 1091 3609 1158 dicantur,
3634 1094 3701 1144 ut
3718 1087 3783 1143 in
3812 1103 3915 1146 ατ-

2258 1192 2430 1242 eunte
2444 1186 2518 1240 de
2528 1186 2723 1253 primo
2739 1184 3047 1239 Dominico
3069 1182 3180 1251 fol.
3210 1184 3299 1236 94.
3319 1178 3577 1248 exceptis
3593 1178 3913 1245 Capitula,

2259 1279 2313 1332 et
2341 1272 2765 1337 Benedictione,
2800 1286 2932 1342 quae
2970 1271 3270 1334 dicantur,
3301 1274 3367 1322 ut
3382 1267 3841 1335 subsequentur.

2330 1361 2529 1432 Kyrie,
2559 1360 2798 1417 cleison.
2824 1371 2887 1431 az.
2912 1358 3157 1421 Christe,
3177 1356 3423 1413 cleison.
3443 1355 3638 1425 Kyrie,
3656 1353 3911 1409 eleison.

2332 1448 2626 1518 Capitula.
2654 1449 2744 1505 Ad
2767 1447 3177 1518 Vespertinum
3206 1444 3475 1511 Domine.

2330 1537 2694 1595 Benedictio.
2726 1535 3022 1593 Concedat
3040 1533 3214 1590 nobis
3236 1531 3544 1588 Dominus.
3572 1530 3681 1600 fol.
3704 1532 3835 1586 102.

2410 1627 2479 1682 ΙΝ
2518 1625 2810 1682 SEPTIMO
2837 1621 3171 1679 DOMINICO
3200 1620 3377 1676 POST
3407 1618 3746 1675 OCTAVA!

2870 1710 3274 1765 EPIPHANIE.

2713 1798 2962 1855 Sabbato
2989 1797 3066 1852 ad
3098 1796 3428 1864 Vesperum.

2332 1886 2567 1943 Lauda.
2595 1885 2694 1941 Die
2711 1885 3023 1942 mandavit
3037 1883 3343 1940 Dominus.
3377 1880 3603 1937 Oratio.
3623 1879 3782 1935 Deus
3808 1880 3920 1951 qui

2264 1978 2450 2042 tuam,
2485 1975 2695 2041 Quare
2724 1975 2841 2043 fol.
2869 1976 2995 2029 UO.

2335 2066 2511 2121 Sono.
2540 2063 2786 2119 Alleluia
2814 2062 2904 2118 Ad
2930 2076 3245 2133 vesperum
3281 2056 3695 2115 demorabitur
3712 2057 3917 2125 ﬂetus,

2266 2158 2323 2211 et
2351 2154 2430 2211 ad
2447 2152 2808 2209 matutinum
2825 2150 3053 2208 lmtitia.
3083 2148 3351 2205 Alleluia.
3371 2147 3434 2208 Ψ.
3454 2145 3722 2202 Alleluia.
3759 2148 3923 2203 Con-

2265 2242 2503 2308 vertisti,
2519 2240 2786 2308 Domine,
2800 2240 3109 2312 planctum
3124 2253 3326 2293 meum
3342 2236 3401 2291 in
3419 2234 3711 2305 gaudium
3723 2234 3875 2289 mihi
3904 2252 3921 2290 :

2267 2328 2609 2387 eonscidisti
2623 2344 2869 2387 saccum
2887 2342 3111 2393 meum,
3132 2330 3189 2383 et
3206 2324 3564 2398 praecinxisti
3572 2336 3672 2380 me
3685 2323 3917 2391 laetitia,

2266 2418 2535 2475 Alleluia.
3093 2463 3097 2466 .

2337 2506 2624 2563 Dominus
2642 2505 2718 2563 sit
2739 2518 2978 2576 semper
3026 2502 3360 2561 vobiscum.
3392 2512 3457 2572 ἢ.
3490 2503 3557 2558 Et
3601 2516 3739 2558 cum
3789 2502 3925 2573 spi-

2267 2596 2383 2652 ritu
2408 2600 2532 2652 tuo.

2337 2684 2703 2753 Antiphona.
2744 2685 2930 2738 Tuum
2952 2682 3200 2739 Domine
3229 2694 3483 2751 regnum
3513 2698 3526 2738 :
3558 2684 3704 2736 tues
3733 2696 3928 2753 super

2267 2789 2476 2831 omnes
2501 2772 2821 2844 principes.
2850 2774 2912 2826 P.
2945 2772 3012 2826 In
3039 2786 3227 2826 manu
3252 2773 3354 2826 tua
3390 2768 3690 2835 fortitudo,
3710 2774 3781 2847 let
3805 2784 3929 2841 po-

2266 2864 2451 2919 tentia
2479 2861 2579 2920 :in
2606 2875 2794 2917 manu
2835 2863 2938 2916 tua
2981 2858 3187 2929 virtus,
3220 2862 3277 2915 et
3321 2858 3662 2930 imperium.
3704 2858 3765 2916 1'.
3804 2859 3930 2914 Do-

2268 2950 2427 3006 mine
2448 2950 2600 3005 Deus
2611 2949 2896 3005 virtutum
2917 2952 3192 3004 converte
3208 2962 3318 3003 nos
3336 2965 3349 2999 :
3370 2951 3425 3002 et
3436 2946 3681 3003 ostende
3697 2945 3931 3002 faciem

2268 3042 2435 3095 tuam
2465 3056 2477 3096 :
2511 3040 2568 3093 et
2592 3036 2743 3092 salvi
2762 3039 3007 3091 erimus.
3042 3036 3103 3090 P.
3135 3039 3198 3090 In
3230 3050 3415 3091 manu
3444 3038 3564 3090 tua.
3590 3033 3651 3094 ν.
3692 3032 3924 3097 Gloria,

2267 3131 2324 3184 et
2350 3127 2543 3183 honor
2572 3124 2749 3181 Patri.
2776 3124 2840 3179 P.
2873 3129 2937 3179 In
2959 3140 3147 3181 manu
3176 3129 3278 3181 tua
3296 3122 3577 3180 fortitudo

2337 3215 2625 3271 Dominus
2644 3213 2738 3269 sit.
2771 3224 2841 3281 ιι.
2863 3216 2929 3269 Et
2956 3229 3122 3269 cum.

2336 3306 2563 3361 Lauda.
2595 3304 2878 3359 Fundasti
2908 3307 3144 3367 terram,
3178 3306 3234 3358 et
3266 3304 3612 3373 permanet:
3644 3299 3925 3356 Alleluia.

2268 3395 2333 3447 P.
2382 3392 2761 3448 Ordinatione
2783 3395 2885 3446 tua
2904 3394 3244 3461 perseverat
3267 3390 3392 3445 dies
3414 3408 3431 3442 :
3464 3388 3730 3455 Alleluia,
3775 3387 3930 3444 alle-

2267 3481 2408 3549 luia,
2441 3479 2705 3536 alleluia.
2744 3478 2806 3539 77.
2845 3484 2909 3534 ln
2960 3484 3249 3535 aeternum
3302 3478 3550 3532 Domine
3598 3480 3927 3549 permanet

2268 3568 2520 3625 verbum
2550 3573 2719 3623 tuum
2750 3566 2811 3622 in
2844 3566 3025 3623 Caelo.
3068 3570 3133 3624 P.
3174 3566 3576 3623 Ordinatione.
3600 3565 3662 3624 if.
3696 3566 3922 3623 Gloria.

2342 3659 2400 3711 P.
2440 3655 2843 3711 Ordinatione.

2340 3745 2639 3813 Hymnus.
2663 3746 2938 3799 Inventor
2962 3741 3173 3798 rutilis.
3209 3743 3324 3811 fol.
3369 3746 3462 3798 9i.
3518 3743 3924 3812 Supplicatio.

2273 3833 2520 3889 Oremus
2560 3832 3039 3903 Redemptorem.
3082 3832 3193 3901 fol.
3227 3834 3319 3886 66.

2343 3921 2642 3989 Capitula.
2659 3922 2715 3977 Si
2735 3925 3024 3991 quantam
3036 3919 3112 3976 ab
3129 3920 3371 3989 originis
3385 3923 3552 3977 reatu
3574 3923 3929 3977 nostrorum

2271 4026 2515 4099 “unum
2545 4025 2845 4065 meremur
2882 4010 3168 4081 consequi
3195 4009 3545 4065 delictorum
3580 4010 3761 4067 :olim
3804 4010 3930 4067 hu-

2273 4098 2524 4153 manum
2563 4113 2749 4166 genus
2779 4098 2857 4153 ad
2887 4102 3103 4153 terram
3133 4098 3467 4168 proclivum
3510 4098 3924 4168 pervenisset;

2273 4187 2387 4241 nisi
2405 4201 2516 4241 nos
2546 4186 2733 4256 pretio
2758 4185 3060 4254 sanguinis
3105 4186 3199 4240 sui
3227 4201 3263 4240 a
3286 4185 3389 4241 tali
3411 4185 3649 4241 vinculo
3698 4186 3931 4241 resolu-

2273 4276 2389 4338 tos,
2412 4273 2516 4327 tibi
2542 4272 2793 4327 Domino
2818 4271 3197 4327 reformasset
3229 4288 3421 4328 :nunc
3445 4287 3606 4337 vero,
3637 4272 3784 4343 quid
3814 4272 3930 4327 tibi

2273 4361 2536 4432 populus
2557 4364 2693 4415 tuus
2716 4376 2824 4431 pro
2850 4360 3026 4416 tantis
3043 4360 3348 4416 beneﬁciis
3369 4359 3693 4431 proclamet
3711 4360 3773 4414 in
3792 4359 3932 4416 lau-

2273 4448 2449 4503 dibus
2466 4448 2493 4503 ?
2517 4447 2721 4518 qualia
2749 4447 2857 4502 tibi
2886 4448 3166 4519 disponat
3189 4448 3453 4504 exhiberi
3478 4463 3750 4511 munera,
3780 4463 3928 4519 quas

2275 4536 2353 4592 ab
2381 4536 2493 4591 illis
2509 4536 2753 4591 minime
2782 4536 3227 4606 fuerintlargita
3252 4537 3280 4591 ‘I
3310 4536 3428 4591 Sed
3452 4551 3612 4591 nunc
3644 4535 3927 4600 Domine,

2274 4627 2328 4680 te
2366 4623 2767 4695 exposcimus,
2798 4628 2861 4679 ut
2886 4623 2999 4679 hoc
3019 4623 3447 4694 vespertinum,
3499 4622 3666 4695 quod
3694 4623 3800 4678 tibi
3835 4623 3931 4678 lu-

2272 4727 2414 4769 men
2424 4711 2706 4778 incendit,
2727 4710 2803 4767 sit
2813 4710 3000 4767 oculis
3014 4712 3129 4768 tuis
3143 4716 3478 4783 acceptum,
3500 4711 3572 4767 sit
3587 4710 3928 4783 placidum,

2275 4800 2347 4855 sit
2361 4799 2520 4855 velut
2535 4798 2633 4855 ille
2652 4800 2807 4869 ignis
2822 4800 3308 4869 inextinguibilis,
3328 4801 3431 4871 qui
3443 4799 3735 4872 populum
3751 4803 3933 4854 tuum

2273 4886 2335 4944 in
2360 4887 2641 4943 columna
2664 4887 2819 4956 ignis
2843 4892 3015 4943 nocte
3043 4888 3429 4959 praecessitin
3456 4901 3696 4943 eremo:
3731 4886 3806 4941 sit
3829 4901 3937 4941 ve-

2273 4974 2359 5030 lut
2386 4973 2504 5037 ille,
2535 4975 2639 5045 qui
2667 4973 2853 5030 Eliam
2879 4975 3079 5047 rapuit
3107 4975 3186 5031 ab
3208 4976 3324 5031 hoc
3348 4974 3599 5041 mundo,
3627 4976 3934 5045 igneoque

2276 5078 2454 5119 curru
2482 5062 2710 5118 caelitus
2726 5064 2995 5133 provexit
3028 5080 3042 5118 :
3067 5079 3253 5135 quem
3278 5063 3500 5119 Eliseus
3523 5063 3783 5135 propriis
3808 5077 3939 5118 cer-

2276 5152 2476 5207 nendo
2508 5152 2697 5207 oculis
2737 5154 2965 5223 aspexit
2997 5171 3010 5207 :
3038 5158 3093 5210 et
3113 5154 3262 5210 dum
3310 5159 3542 5225 patrem
3586 5152 3935 5223 relinquere

2276 5240 2715 5305 noluit,currus
2748 5241 2944 5310 Israel,
2987 5246 3043 5298 et
3071 5244 3281 5315 auriga
3329 5244 3477 5313 ejus,
3529 5241 3729 5299 vivida
3781 5256 3934 5297 voce

2278 5327 2554 5384 clamavit
2579 5344 2595 5385 :
2618 5342 2799 5399 quem
2827 5331 3057 5412 Moyses
3084 5330 3286 5387 videre
3316 5330 3666 5402 promeruit,
3703 5334 3761 5390 et
3786 5342 3933 5387 cum

2279 5414 2532 5475 Domino
2558 5428 2621 5475 se
2647 5414 2933 5487 locutum,
2961 5419 3189 5491 populo
3218 5419 3548 5482 nunciavit.
