4102 6176
224 132 326 186 141

1124 131 1473 192 DOMINICA
1511 133 1636 191 VIII
1675 136 1856 196 POST
1895 134 2232 196 OCTAVAM
2269 140 2695 202 EPIPHANIIE.

3521 155 3626 209 242

215 255 367 322 bris,
400 251 491 310 sol
519 250 722 344 radios
752 250 929 344 infert
956 254 1186 312 mundo
1214 272 1227 311 :
1260 260 1361 314 tua
1412 259 1528 315 sint
1566 260 1680 318 ista
1703 263 1882 320 mira-
1914 261 1961 314 A
1993 263 2121 332 pter
2159 265 2596 335 paenitentiam.
2636 269 2698 324 P.
2753 270 2857 326 Cui
2887 273 2973 328 est
3001 285 3163 329 cura.
3193 272 3271 344 ιγ.
3315 272 3529 343 Gloria,
3569 281 3627 333 et

215 344 358 398 cula
376 341 763 410 omnipotens
784 340 986 396 Pater:
1013 356 1124 398 nos
1147 346 1565 403 tantummodo
1586 355 1725 406 vota
1744 365 1879 421 por-

211 435 443 495 tamus,
479 429 797 484 oti‘erentes
826 432 1034 485 sancto
1064 433 1290 487 nomini
1318 438 1420 490 tuo
1441 435 1568 491 haec
1594 438 1878 496 sacriﬁcia

213 519 517 575 matutina
547 533 560 571 :
596 522 714 573 uta
738 518 1001 588 peccatis
1018 520 1330 589 praeteritis
1343 522 1619 589 absoluti,
1638 525 1712 580 de
1729 541 1875 596 prae-

214 607 368 662 senti
403 605 786 662 tribulatione
831 620 1173 662 mereamur
1217 608 1464 666 absolvi.
1499 623 1564 673 Βε.
1592 615 1798 670 Amen.

291 695 402 750 Per
441 693 917 749 misericordiam
950 697 1118 752 tuam
1149 694 1304 752 Deus
1334 675 1555 768 noster,
1584 705 1691 756 etc.

287 783 642 851 Antiphona
679 786 728 836 l.
756 782 992 837 Domini
1019 787 1104 838 est
1129 784 1290 839 salus
1326 804 1338 838 :
1370 791 1425 841 et
1470 803 1650 859 super
1683 804 1870 861 popu-

210 871 343 926 lum
372 876 540 925 tuum
570 868 909 925 benedictio
931 875 1053 926 tua.
1077 871 1354 929 Psalmus
1379 890 1452 928 ιιι.

284 957 656 1026 Antiphonti.
688 957 918 1012 Incerta
947 961 1002 1013 et
1031 959 1263 1017 occulta
1279 960 1581 1032 sapientiae
1608 966 1720 1019 iure
1744 979 1866 1021 ma-

204 1044 503 1100 nifestasti
531 1044 699 1099 mihi.
734 1043 1006 1100 Psalmus
1037 1061 1089 1100 L.

279 1133 655 1201 Antiphona.
685 1135 748 1186 In
781 1131 999 1188 umbra
1027 1133 1263 1189 alarum
1287 1139 1525 1192 tuarum
1552 1151 1863 1208 speramus

197 1220 396 1288 Deus,
427 1220 572 1274 dum
595 1217 802 1274 transit
832 1217 1133 1290 iniquitas.
1172 1220 1438 1277 Psalmus
1468 1239 1580 1278 Lv1.

1985 348 2199 406 honor.
2237 355 2570 410 Reiteretur
2596 368 2659 424 BI.

2052 438 2098 491 A
2109 439 2239 494 liud
2249 441 2696 510 Responsorium
2707 487 2718 500 .
2729 447 3003 501 Dominus
3019 447 3384 518 omnipotens
3399 451 3623 506 audivit

1981 539 2184 581 vocem
2218 529 2538 595 Publicani,
2563 537 2619 587 et
2644 533 2989 602 peccatoris.
3020 537 3077 587 P.
3113 537 3291 590 Verus
3323 537 3475 592 Deus
3506 540 3618 592 mi-

1982 612 2226 668 sericors
2250 615 2681 686 indulgentiam
2703 620 2902 675 tribuit
2924 623 2966 690 1
2981 622 3090 690 27
3117 620 3277 677 ﬁdeli
3294 624 3613 680 conﬁtenti.

1976 698 2037 756 V.
2076 700 2430 760 Publicanus
2461 709 2626 761 stans
2643 723 2678 762 a
2706 706 2962 776 longe,et
2984 723 3104 763 non
3126 709 3387 765 audebat
3410 712 3614 765 oculos

1977 802 2116 842 suos
2133 787 2325 846 levare
2349 793 2426 847 ad
2442 795 2615 850 caelos
2641 814 2652 852 :
2675 795 2778 851 sed
2792 796 3156 867 percutiebat
3174 804 3382 868 pectus
3416 815 3612 865 suum,

1974 874 2177 930 dicens
2209 877 2531 950 :lPropitius
2546 887 2669 937 esto
2684 883 2827 958 mihi
2843 885 3151 952 peccatori.
3169 887 3226 939 P.
3242 888 3423 940 Verus
3438 886 3610 940 Deus.

1971 960 2030 1019 ν.
2067 962 2278 1034 Gloria,
2311 971 2367 1023 et
2390 967 2603 1035 honor,
2636 973 2744 1025 etc.
2771 971 3100 1026 Reiteretur
3134 970 3609 1041 Responsorium.

2572 1057 2642 1110 In
2690 1057 3008 1112 Laudibus.

2038 1137 2131 1191 Ad
2187 1140 2521 1197 Canticum.
2574 1144 2942 1212 Antiphona.
2991 1145 3111 1199 Lux
3172 1149 3469 1216 praecepta
3509 1150 3609 1201 tua

1967 1230 2122 1290 sunt,
2157 1226 2425 1293 Domine,
2447 1245 2624 1301 super
2640 1235 2874 1287 terram.
2905 1231 3197 1290 Justitiam
3212 1232 3424 1288 discite
3440 1232 3609 1288 habi-

283 1306 516 1362 Orats'o.
539 1305 790 1360 Verbum
820 1308 958 1361 ante
979 1305 1197 1363 secula
1228 1307 1624 1364 ineﬁ‘abiliter.
1656 1309 1862 1375 Quaere
1967 1314 2182 1367 tatores
2204 1318 2391 1369 terrae.

187 1392 316 1459 fol.
351 1396 438 1446 33.

268 1478 615 1546 Antiphonti
643 1482 690 1532 l.
742 1479 970 1534 Exaudi
1008 1479 1083 1535 de
1108 1479 1258 1536 coelo
1287 1481 1553 1538 Domine.
1586 1485 1645 1537 P.
1679 1485 1745 1538 Et
1775 1483 1859 1538 di-

2038 1398 2368 1456 Canticum.
2398 1401 2479 1458 De
2512 1406 2683 1459 nocte
2721 1404 2949 1473 vigilat.
2987 1405 3193 1472 Quaere
3211 1407 3322 1474 fol.
3361 1407 3457 1462 64.

2037 1486 2260 1542 Oratio.
2295 1487 2375 1543 De
2404 1491 2954 1560 noctevigilantem.
2975 1491 3180 1558 Quaere
3191 1493 3310 1562 fol.
3344 1494 3462 1547 124.

189 1565 366 1621 mitte
387 1571 648 1637 peccata
675 1566 862 1622 servis
885 1567 1023 1630 tuis,
1052 1571 1110 1622 et
1131 1568 1357 1640 populo
1384 1573 1502 1625 tuo.
1525 1571 1584 1628 Ψ.
1619 1570 1767 1635 Quia
1794 1575 1856 1626 tu
1887 1581 1928 1636 Β
2033 1573 2520 1630 AdBenedictus.
2571 1579 2942 1645 Antiphona.
2971 1579 3320 1634 Benedictus
3346 1595 3408 1633 es
3427 1578 3603 1645 Deus,

188 1653 471 1718 Domine,
497 1654 720 1722 suavis,
753 1669 825 1710 ac
844 1655 1004 1710 mitis
1036 1669 1099 1709 es
1126 1672 1139 1721 ;
1164 1660 1220 1712 et
1240 1656 1492 1713 multum
1518 1657 1856 1713 misericors
1965 1663 2021 1715 et
2041 1660 2420 1718 benedictum
2443 1679 2664 1720 nomen
2677 1666 2877 1734 glorise
2896 1669 3031 1720 tuae.
3054 1665 3387 1720 Benedicite
3410 1666 3607 1720 Domi-

182 1741 614 1798 invocantibus
639 1746 718 1799 te.
757 1744 824 1798 P.
868 1745 934 1798 Et
957 1743 1185 1800 dimitte
1233 1749 1494 1815 peccata.
1538 1746 1599 1805 £7.
1638 1746 1852 1816 Gloria,

183 1833 245 1886 et
279 1831 494 1886 honor.
519 1831 572 1887 P.
609 1833 674 1886 Et
725 1830 953 1888 dimitte
983 1836 1229 1902 peccata
1255 1833 1439 1888 servis
1466 1834 1609 1890 tuis.

267 1919 494 1974 Oratio.
512 1918 602 1972 Ad
627 1923 705 1983 te,
737 1919 1004 1986 Domine,
1033 1919 1238 1975 oculos
1272 1924 1508 1976 nostros
1528 1920 1811 1992 erigimus
1835 1938 1849 1986 ;

1963 1762 2109 1803 num
2133 1764 2342 1805 omnes
2368 1750 2535 1805 electi
2551 1753 2681 1821 ejus
2708 1768 2720 1805 :
2756 1753 2830 1807 sit
2844 1767 3085 1807 nomem
3115 1756 3390 1808 sanctum
3415 1751 3604 1823 ipsius

1960 1833 2340 1890 benedictum
2369 1837 2430 1890 in
2463 1838 2668 1893 omnia
2692 1837 2910 1893 saecula
2939 1838 3324 1895 saeculorum.

2035 1921 2369 1977 Canticum.
2403 1923 2750 1979 Benedictus
2777 1940 2837 1979 es
2863 1924 3114 1980 Domine
3145 1926 3300 1979 Deus
3331 1927 3593 1994 patrum.

182 2021 378 2076 quem
411 2005 471 2060 in
514 2004 856 2062 ccelestibus
881 2005 1168 2072 habitare,
1201 2011 1258 2062 et
1295 2011 1464 2062 terrae
1503 2007 1851 2063 machinam
1963 2008 2167 2074 Quare
2182 2008 2289 2077 fol.
2320 2015 2371 2065 6.
2406 2010 2622 2066 Oratio.
2648 2011 2895 2068 Domine
2927 2013 3096 2076 Deus,
3125 2012 3228 2082 qui
3261 2025 3439 2082 super
3461 2009 3601 2066 Che-

181 2093 407 2147 virtute
453 2093 760 2147 continere
811 2093 1068 2148 fatemur
1101 2111 1113 2147 :
1155 2093 1422 2150 Miserere
1451 2094 1628 2164 igitur
1664 2094 1850 2151 nostri
1962 2095 2179 2149 rubim.
2215 2097 2422 2161 Quaere
2444 2099 2556 2166 fol.
2589 2103 2706 2153 ill.

181 2181 462 2245 Domine,
493 2180 809 2240 miserere;
845 2185 899 2236 et
927 2182 1184 2251 peccatis
1223 2181 1465 2244 nostris,
1493 2195 1602 2251 pro
1631 2181 1850 2252 quibus

178 2273 230 2324 te
260 2267 622 2332 metuimus,
653 2282 832 2338 parce
866 2285 879 2322 :
914 2273 977 2323 ut
1005 2273 1410 2338 contemptum
1431 2274 1705 2324 nostrum
1727 2268 1847 2340 pie-

177 2361 291 2412 tate
320 2355 611 2411 clementi
633 2355 918 2427 respicias
946 2375 960 2424 ;
994 2362 1048 2410 et
1077 2371 1114 2411 a
1139 2355 1337 2412 delicti
1366 2355 1693 2427 obprobrio
1710 2357 1848 2413 dex-

176 2451 301 2500 tera
331 2459 451 2498 nos
487 2447 603 2497 tua:
633 2443 866 2497 virtutis
894 2442 1137 2514 eripias.
1170 2454 1231 2512 ﬁ.
1266 2447 1472 2498 Amen.

239 2535 354 2586 Per
379 2530 882 2584 misericordiam.

239 2619 604 2689 Antz'phona
629 2622 678 2674 2.
707 2617 879 2684 Deus,
915 2622 978 2672 ut
1004 2617 1216 2672 liberes
1237 2632 1367 2680 nos,
1408 2617 1642 2673 venias.
1680 2616 1745 2671 P.
1776 2619 1844 2673 Ut

171 2707 476 2762 auxiliaris
498 2705 670 2760 nobis
701 2705 915 2760 festina
932 2705 992 2764 ιγ.
1015 2705 1124 2769 Qui
1159 2705 1316 2774 regis
1339 2704 1537 2773 Israel,
1561 2704 1800 2759 intende
1824 2722 1837 2771 ;

168 2796 272 2866 qui
307 2793 568 2850 deducis
598 2792 758 2847 velut
803 2807 978 2848 ovem
1005 2792 1248 2862 Joseph.
1294 2793 1402 2856 Qui
1449 2793 1616 2846 sedes
1661 2805 1840 2862 super

2026 2183 2205 2238 Sono.
2246 2184 2511 2239 Alleluia.
2525 2185 2803 2241 Auditum
2818 2186 2910 2242 fac
2925 2185 3066 2241 mihi
3081 2200 3257 2242 mane
3276 2185 3600 2255 potentiam

1957 2274 2144 2337 tuam,
2167 2272 2414 2327 Domine
2441 2292 2451 2330 :
2472 2274 2616 2344 quia
2635 2273 2696 2328 in
2723 2278 2777 2328 te
2800 2275 3057 2329 conﬁdo.
3083 2276 3140 2328 P.
3161 2273 3412 2330 Ostende
3433 2272 3598 2326 mihi.

1954 2355 2226 2412 Alleluia.
2258 2358 2320 2417 Ψ.
2369 2359 2634 2415 Alleluia.
2667 2363 2885 2415 Memor
2932 2360 3017 2414 fui
3050 2359 3284 2414 dierum
3326 2359 3601 2430 antiquo-

1953 2459 2086 2497 rum
2115 2449 2374 2509 tuorum,
2405 2446 2672 2514 Domine,
2704 2451 2758 2500 et
2782 2447 2842 2500 in
2876 2461 3028 2517 opus
3052 2459 3343 2501 manuum
3359 2449 3598 2500 tuarum

1953 2530 2306 2585 meditabor.
2337 2532 2393 2585 P.
2419 2531 2671 2586 Ostende
2703 2532 2868 2585 mihi.

2021 2617 2250 2672 Lauda.
2294 2618 2554 2672 Laudate
2586 2617 2904 2671 Dominum
2961 2617 3034 2671 de
3065 2617 3227 2671 caelis
3261 2634 3274 2670 :
3325 2617 3597 2685 Alleluia,

1950 2703 2203 2758 alleluia.
2235 2705 2492 2759 Laudate
2517 2704 2731 2758 eumin
2762 2704 3025 2757 excelsis.
3047 2703 3313 2769 Alleluia,
3341 2704 3596 2758 alleluia-

1949 2792 2212 2846 Psalmus
2245 2807 2465 2846 CXLVIII.

169 2881 500 2937 Cherubim
530 2895 777 2951 apparo.
810 2880 872 2934 P.
905 2881 972 2935 Ut
989 2879 1308 2934 auxilieris.
1343 2878 1402 2938 ἰν.
1430 2878 1739 2940 Gloria,et.
1769 2877 1836 2935 P.
1871 2910 1910 2964 ρ
2016 2881 2213 2934 Lectio
2243 2879 2377 2932 libri
2397 2878 2805 2933 Ecclesiastict
2831 2877 3150 2932 Salomonis
3180 2877 3347 2948 (Cap.
3372 2878 3593 2946 xxxw).

169 2973 240 3026 Ut
267 2969 594 3026 auxilieris.

241 3058 481 3113 Oratio.
513 3057 624 3122 Qui
647 3056 805 3125 regis
836 3054 1030 3126 Israel,
1076 3054 1316 3110 intende
1355 3069 1461 3125 per
1505 3053 1836 3110 misericor-

165 3146 339 3203 diam
373 3150 543 3201 tuam
574 3144 864 3200 Domine:
908 3143 1010 3214 qui
1040 3142 1287 3198 deducis
1324 3141 1485 3197 velut
1528 3157 1703 3197 ovem
1745 3144 1836 3197 Jo-

169 3237 340 3308 seph,
373 3235 642 3308 pastoris
668 3233 1092 3304 gubernacula,
1113 3237 1166 3287 et
1184 3231 1533 3303 protectoris
1553 3232 1834 3302 impende

166 3325 445 3382 remedia
473 3341 484 3377 :
515 3327 795 3378 converte
816 3337 958 3388 nos;
993 3324 1048 3375 et
1069 3320 1314 3374 ostende
1336 3318 1549 3374 faciem
1579 3322 1838 3386 tuam,et

169 3415 317 3472 salvi
333 3415 564 3469 erimus
583 3431 598 3481 ς
614 3411 761 3465 dum
775 3409 1035 3464 excelsus
1051 3407 1299 3463 humilia
1313 3406 1580 3478 respicis,
1596 3410 1652 3461 et
1663 3421 1763 3463 ora
1772 3422 1836 3463 n-

170 3504 323 3559 tium
345 3516 558 3574 preces
584 3497 938 3571 propitiatus
964 3494 1238 3552 exaudis.
1277 3507 1338 3562 Re.
1363 3499 1577 3550 Amen.

237 3595 354 3648 Per
378 3586 862 3645 misericordiam
893 3589 1060 3640 tuam
1088 3583 1243 3637 Deus
1271 3587 1486 3646 noster,
1513 3587 1622 3638 etc.

237 3678 591 3748 Antiphona
623 3680 674 3731 3.
716 3674 965 3730 Domine
1011 3673 1170 3726 Deus
1219 3674 1444 3726 noster.
1496 3672 1558 3723 P.
1608 3669 1834 3726 Exaudi

169 3783 282 3825 nos
312 3784 324 3821 :
356 3765 656 3840 propitius
683 3765 832 3828 esto,
855 3765 912 3816 et
951 3759 1115 3816 salva
1142 3773 1278 3814 nos.
1310 3757 1371 3816 Ψ.
1401 3758 1525 3814 Cito
1551 3773 1662 3813 nos
1687 3773 1835 3829 prae-

167 3858 376 3914 veniat
423 3851 836 3909 misericordia
859 3853 982 3913 tua,
1020 3847 1268 3903 Domine
1302 3864 1313 3900 :
1351 3845 1496 3917 quia
1537 3859 1832 3917 pauperes

167 3946 315 4002 facti
334 3958 549 3999 sumus
578 3940 775 3996 nimis.
807 3939 876 3994 P.
903 3936 1128 3992 Exaudi
1155 3950 1283 3991 nos.
1307 3933 1375 3992 ἳν.
1403 3933 1619 4002 Gloria,
1646 3936 1702 3988 et
1724 3932 1830 3988 ho-

162 4049 310 4092 nor.
338 4035 402 4087 P.
435 4030 681 4086 Exaudi.

242 4122 485 4177 Oratio.
516 4118 800 4189 Pr0pitius
830 4118 957 4170 esto
987 4112 1243 4186 peccatis
1283 4110 1504 4166 nostris
1533 4108 1784 4164 Domine
1812 4126 1824 4176 ;

157 4216 217 4270 et
247 4211 509 4282 propter
530 4205 813 4261 honorem
825 4203 1082 4258 nominis
1102 4201 1183 4256 tui
1202 4199 1461 4271 perfecta
1487 4213 1593 4254 nos
1616 4211 1817 4252 recrea

160 4300 442 4357 libertate
467 4313 480 4349 :
505 4307 597 4360 ne,
623 4293 772 4348 dum
788 4300 989 4348 nostro
1012 4291 1394 4363 peccatorum
1410 4287 1602 4356 elogio
1615 4285 1828 4341 adteri-

162 4406 322 4455 mur,
348 4389 412 4444 in
442 4383 770 4456 obprobrio
795 4381 1058 4452 gentium
1078 4379 1443 4450 redigamur.
1468 4379 1616 4446 Ergo
1635 4379 1697 4431 ut
1717 4391 1826 4430 nos

165 4478 478 4535 severitate
497 4488 624 4529 non
649 4471 867 4544 punias
897 4484 1105 4541 paenae,
1139 4483 1388 4523 causam
1441 4466 1616 4522 nobis
1645 4463 1822 4520 scele-

165 4586 298 4624 rum
331 4567 516 4622 ablue
543 4587 555 4617 :
575 4567 757 4632 atque
774 4561 836 4614 in
849 4562 1171 4630 conspectu
1189 4563 1289 4613 tuo
1309 4559 1568 4629 gemitus
1587 4569 1826 4626 compe-

168 4659 429 4713 ditorum
477 4652 770 4715 introeat;
799 4653 860 4702 ut
907 4646 980 4702 de
1008 4645 1236 4702 occulto
1282 4650 1381 4701 tuo
1414 4646 1474 4699 in
1505 4644 1824 4700 manifesto

168 4750 364 4802 nostro
396 4742 597 4812 gratia
627 4736 860 4792 indulta
897 4735 1216 4807 praecedat.
1244 4747 1310 4798 ἢ.
1352 4740 1562 4789 Amen.

233 4837 336 4890 Per
357 4826 872 4887 misericordiam.

234 4932 296 4982 Pr.
327 4922 513 4987 Deus,
539 4916 642 4988 qui
665 4915 776 4969 das
801 4913 1001 4969 locum
1031 4909 1414 4983 paenitentiae,
1447 4914 1508 4964 tu
1531 4909 1692 4963 dona
1731 4922 1826 4962 ve-

170 5011 320 5066 niam
349 5005 625 5082 peccatis
650 5002 874 5058 nostris
906 5018 916 5055 :
954 5000 1093 5066 Quis
1123 4998 1282 5054 enim
1306 4997 1460 5053 dicet
1489 4995 1593 5051 tibi
1626 5013 1637 5049 :
1677 4995 1824 5059 Quid

172 5097 391 5154 fecisti?
421 5101 543 5153 Aut
570 5093 711 5165 quis
737 5091 909 5147 stabit
928 5093 1130 5145 contra
1152 5086 1448 5157 judicium
1467 5089 1636 5139 tuum
1654 5084 1680 5137 '?
1698 5085 1824 5137 Non

168 5193 250 5242 est
276 5192 430 5245 enim
464 5186 628 5242 alius
660 5182 816 5236 Deus
846 5185 1056 5252 praeter
1084 5183 1158 5232 te.
1204 5177 1273 5233 P.
1309 5175 1409 5230 Cui
1449 5177 1537 5228 est
1583 5187 1725 5227 cura
1750 5170 1823 5227 de

168 5279 461 5334 omnibus.
505 5275 573 5332 ιζ’.
636 5270 926 5334 Miserere,
965 5267 1140 5329 Deus,
1191 5265 1485 5326 omnium,
1534 5261 1822 5333 quoniam

169 5368 355 5424 omnia
384 5369 586 5438 potes,
614 5363 675 5414 et
702 5355 1045 5412 dissimulas
1068 5359 1317 5426 peccata
1344 5351 1658 5408 hominum
1689 5364 1821 5422 pro-

1947 2977 2010 3034 tr.
2044 2970 2162 3022 Deo
2193 2967 2436 3035 gratias.

2017 3054 2137 3118 Fili,
2166 3054 2267 3126 qui
2299 3054 2459 3108 timet
2496 3054 2838 3117 Dominum,
2873 3053 3018 3107 nihil
3038 3053 3359 3126 trepidabit
3390 3064 3406 3114 :
3450 3068 3598 3124 quo-

1944 3143 2107 3198 niam
2135 3143 2260 3212 ipse
2277 3146 2364 3196 est
2381 3157 2517 3212 spes
2541 3141 2687 3210 ejus.
2708 3141 2952 3196 Timenti
2971 3141 3294 3198 Dominum
3313 3141 3488 3197 beata
3508 3145 3597 3196 est

1945 3230 2168 3286 anima.
2200 3230 2287 3284 Ad
2317 3245 2498 3300 quem
2519 3229 2809 3299 respiciet,
2833 3244 2968 3299 quae
2998 3234 3088 3283 est
3114 3228 3394 3283 fortitudo
3419 3228 3548 3296 ejus
3565 3227 3594 3279 ?

1945 3317 2109 3373 Oculi
2131 3316 2361 3371 Domini
2386 3331 2564 3386 super
2591 3316 2866 3370 timentes
2897 3330 3056 3382 eum,
3075 3317 3370 3384 protector
3384 3317 3592 3383 poten-

1943 3406 2055 3470 tiae,
2084 3406 2530 3461 ﬁrmamentum
2549 3403 2797 3467 virtutis,
2823 3401 3080 3469 tegimen
3109 3400 3361 3465 ardoris,
3381 3405 3437 3455 et
3465 3414 3588 3454 um-

1941 3491 2257 3549 braculum
2279 3490 2610 3560 meridiani,
2643 3493 2699 3546 et
2718 3488 2978 3559 precatio
3000 3486 3368 3553 offensionis,
3401 3490 3457 3543 et
3486 3487 3586 3542 ad-

1937 3579 2224 3650 jutorium
2237 3577 2710 3646 casus,exaltans
2724 3575 3073 3643 animam,et
3089 3574 3435 3630 illuminans
3449 3589 3587 3630 ocu-

1940 3665 2052 3733 los,
2085 3666 2236 3723 dans
2267 3666 2601 3732 sanitatem,
2633 3667 2690 3719 et
2724 3663 2933 3731 vitam,
2975 3666 3033 3718 et
3082 3661 3584 3717 benedictionem.

1939 3754 2307 3811 lmmolantis
2325 3769 2396 3809 ex
2421 3753 2627 3824 iniquo
2649 3751 2869 3807 oblatio
2890 3750 3212 3818 maculata,
3236 3753 3293 3805 et
3311 3765 3433 3806 non
3450 3752 3587 3805 sunt

1937 3842 2327 3913 beneplacitaa
2357 3839 2856 3896 subsannationes
2877 3839 2957 3909 inj
2968 3841 3254 3895 ustorum.
3280 3837 3583 3894 Dominus

1938 3931 2100 3986 solus
2125 3928 2550 3985 sustinentibus
2582 3931 2670 3983 est
2698 3927 2760 3982 in
2792 3927 2892 3982 via
2929 3926 3214 3994 veritatis,
3249 3928 3306 3980 et
3337 3925 3582 3996 justitia.

1939 4021 2107 4076 Dona
2136 4019 2474 4089 iniquorum
2492 4031 2614 4072 non
2626 4013 3321 4087 probatAltissimus,nec
3334 4011 3582 4068 oblatio-

1936 4123 2044 4164 nes
2073 4107 2417 4178 iniquorum
2447 4121 2458 4160 :
2492 4119 2601 4160 nec
2646 4104 2707 4158 in
2745 4101 3117 4159 multitudine
3149 4099 3582 4156 sacriﬁciorum

1935 4196 2290 4270 propitiatur
2313 4194 2594 4267 peccatis.
2624 4193 2736 4257 Qui
2759 4189 2930 4248 oﬁert
2954 4189 3314 4246 sacriﬁcium
3341 4203 3414 4244 ex
3441 4188 3581 4245 sub-

1935 4286 2148 4343 stantia
2171 4298 2526 4357 pauperum,
2546 4282 2720 4353 quasi
2739 4280 2844 4352 qui
2862 4278 3129 4334 victimat
3144 4276 3333 4333 ﬁlium
3363 4276 3423 4332 in
3444 4291 3580 4332 con-

1936 4380 2142 4448 spectu
2167 4372 2353 4447 patris
2367 4372 2477 4428 sui.
2500 4370 2608 4431 Qui
2632 4368 2822 4425 aufert
2836 4368 2896 4423 in
2910 4366 3128 4423 sudore
3139 4380 3379 4437 panem,
3401 4363 3580 4436 quasi

1934 4464 2032 4537 qui
2043 4461 2602 4533 occiditproximum
2616 4455 2922 4521 suum.Qui
2941 4453 3189 4509 effundit
3206 4451 3576 4522 sanguinem,

1934 4560 1990 4610 et
2017 4553 2121 4626 qui
2140 4550 2414 4607 fraudem
2434 4547 2570 4604 facit
2592 4543 2996 4611 mercenariis,
3025 4542 3234 4598 fratres
3255 4540 3578 4596 sunt.Unus

1934 4625 2257 4708 aediﬁcans,
2298 4638 2449 4695 alius
2478 4636 2788 4691 destruens
2817 4650 2829 4688 :
2862 4630 3007 4703 quid
3037 4629 3280 4702 prodest
3321 4626 3436 4683 illis
3463 4625 3579 4680 nisi

1932 4732 2104 4790 labor
2124 4733 2150 4787 ‘?
2173 4733 2333 4785 Unus
2356 4741 2554 4789 orans,
2581 4728 2637 4778 et
2666 4723 2819 4779 alius
2844 4719 3239 4776 maledicens:
3276 4715 3446 4784 cujus
3472 4728 3577 4771 vo—

1934 4837 2062 4877 cem
2083 4817 2358 4875 exaudiet
2374 4817 2528 4870 Deus
2549 4812 2573 4868 τ
2607 4811 2717 4878 Qui
2742 4808 3079 4867 babtizatur
3099 4805 3459 4868 amortuo,et
3477 4801 3577 4859 ite-

1932 4926 2067 4965 rum
2088 4905 2472 4976 tangitillum,
2490 4901 2637 4974 quid
2659 4897 2893 4972 proﬁcit
2908 4891 3297 4952 lavatioillius
3318 4892 3346 4948 ἱ)
3369 4890 3452 4947 sic
3475 4892 3580 4963 qui

1928 4998 2158 5069 jejunat
2187 4995 2248 5049 in
2271 4991 2533 5064 peccatis
2573 4989 2733 5054 suis;
2763 4991 2819 5042 et
2845 4986 3056 5041 iterum
3088 4980 3303 5037 eadem
3328 4980 3574 5049 faciens,

1931 5067 2078 5158 quid
2102 5082 2307 5156 prosit,
2334 5077 2706 5134 humiliando
2737 5091 2798 5131 se
2818 5075 2846 5128 ‘t
2890 5073 3223 5129 orationem
3254 5071 3413 5127 illius
3442 5067 3574 5158 quis

1931 5150 2205 5242 exaudiet
2228 5170 2255 5222 ‘?
2282 5167 2446 5236 (Cap.
2468 5165 2664 5233 xxxv.)
2683 5163 2790 5229 Qui
2821 5165 3130 5218 conservat
3149 5160 3362 5229 legem,
3382 5150 3574 5242 multi-

1930 5237 2109 5332 plicat
2127 5255 2476 5312 orationem.
2503 5251 2868 5308 Sacriﬁcium
2891 5250 3150 5306 salutare
3172 5237 3572 5332 estattendere

1935 5325 2245 5414 mandatis,
2269 5347 2324 5400 et
2340 5341 2640 5400 discedere
2663 5341 2740 5398 ab
2761 5341 2926 5402 omni
2942 5331 3342 5408 iniquitate.Et
3361 5325 3572 5394 depre-
