4102 6176
459 211 568 274 243
1694 155 2149 232 BREVIARIUM
2187 157 2582 218 GOTHICUM.
3751 141 3871 197 244

467 333 621 394 catio
638 338 749 403 pro
763 299 1751 397 peccatis,discedereabinjustitia.
1769 299 1899 355 Non
1922 304 2105 364 appa-
2131 285 2182 342 Α
2214 285 2511 385 antiquas.
2543 283 2806 354 Alleluia,
2836 277 3090 382 alleluia,
3121 274 3234 372 cit?
3262 286 3374 370 n93
3398 265 3725 344 Ρτδενθηίειῖ
3746 265 3875 364 ηξί·

999 392 1006 399 .
1341 400 1349 403 .
1493 397 1528 403 .-
1645 390 1656 400 ο
1709 389 1720 399 -
1786 388 1912 403 πυ-
1953 379 2102 403 -..ε-,ι
2217 373 2529 403 nnnunnnr‘un
2563 378 2659 403 4....
2735 372 2984 403 nnmmo
3035 366 3092 403 τῐ)
3149 361 3510 403 ΙΠιιτιηίΩίρςμ
3549 357 3612 403 if-
3649 355 3874 403 Gloria-

469 355 621 394 cauo
640 355 749 403 pru
765 355 1430 399 vcwuusw-wv-v-v—
1448 355 1603 376 --v~~
1617 355 1731 400 —;~_-
1961 355 1980 364 -
2005 355 2038 390 -,
2313 373 2325 385 ,
2357 355 2376 358 -
2483 374 2493 384 ,
2892 368 2903 380 ,
3035 375 3039 382 ,
3218 363 3228 372 .
3326 361 3336 370 .
3692 355 3714 411 1
3792 355 3804 364 .

469 421 625 484 rebis
651 423 876 473 vacuus
905 406 1043 464 ante
1075 400 1462 482 conspectum
1492 388 1919 484 Dominis-Haec
1949 394 2108 484 erilm
2217 373 2535 484 ξςΐέϐῗΐεξιᾶ
2547 378 2685 484 illa}.
3035 366 3116 436 LP-
3149 361 3512 435 lmqmtates,
3549 357 3613 420 ’7-
3649 358 3689 413 G
3717 370 3874 419 οιἹθιν

470 459 2112 588 Ligeigandm9°51“ﬁ?“§f-9PE“E’§E§§3FEZ
2220 466 2275 520 et
2297 459 3111 588 ὶξῗξῖᾚξιᾶξῗῇᾖίς,
3142 539 3348 588 (lusere
3370 536 3480 588 fol.
3499 536 3589 588 92.
3616 531 3854 588 Sunnli

471 533 725 648 Ρῗοριωξ
739 533 1677 646 ³3⁵ζὲωᾶωῷδῖ
1701 565 1764 622 in
1792 533 2116 633 conspectu
2290 550 2575 623 Hymnus.
2598 551 2871 605 Inventor
2898 541 3112 600 rutilis.
3142 539 3348 608 Quaere
3367 536 3480 606 fol.
3499 536 3589 590 92.
3616 533 3880 604 Suppli-

471 609 703 676 ngua
923 624 952 676 γ’
1716 642 1718 644 τ
2226 642 2376 676 πηοί..
2421 641 2667 676 mm...
2694 629 3296 676 Radamntnrnm-fnl-
3319 629 3408 676 ea.
3437 623 3742 676 Capitula.
3769 624 3880 676 De-

477 623 1219 746 S‘égggiwg‘méniw‘
1257 623 1559 632 ’““’“““⁷⁷
1591 623 1608 626 ἡ
1660 623 1671 626 ἡ
1716 642 1718 644 '
1941 623 1964 633 ’
2225 642 2397 698 εαιίο.
2421 641 2668 697 Oremus
2694 629 3408 705 Redemptorem.fol.66.
3437 623 3742 696 ϐαρὶιυιαο
3769 624 3882 680 υθ-

763 720 776 734 ο
861 716 873 729 ⁸
1066 741 1074 748 .
1526 747 1531 748 ,
1575 746 1588 748 Α
1655 747 1662 748 ,
2228 729 2407 748 .___:_
2435 731 2628 748 _--i.__
2668 729 2717 748 ..ι
2746 721 3071 748 «ορμηηηιιη
3100 716 3416 748 οηπηδςηαι
3438 713 3608 748 “nhil:
3646 711 3851 748 Τηιυῗη

1180 753 1469 825 paternae.
1499 746 1606 817 fol.
1641 747 1728 800 67.
2042 819 2095 844 Δ.
2227 729 2415 844 iensio
2429 729 2719 844 nostraet
2737 716 3418 844 Bened‘ietiOBen’ec‘liﬁat
3438 711 3877 774 vobis.Lauda.

1353 807 1810 907 Redemptorem
1886 819 2118 896 mundi.
2233 817 2574 875 Secundum
2600 807 3100 872 misericordiam.
3132 807 3246 922 fol.
3273 807 3394 861 121.

2797 917 2894 974 Ad
2921 913 3308 972 Matutinum.

2304 1027 2595 1098 Hymnus.
2652 1026 2881 1080 Eterne
2914 1033 3134 1076 rerum.
3186 1014 3413 1074 Oratio.
3453 1015 3761 1070 Eternum
3808 1011 3890 1074 te,

488 949 694 1020 Quaere
712 941 828 1013 fol.
861 940 948 1006 57.

561 1000 856 1100 Capitula.
903 1001 972 1076 'ln
1010 1011 1317 1088 matutinis
1356 1005 1752 1100 temporibus
1796 1000 2127 1100 invocatus,

492 1085 698 1178 adesto
719 1106 947 1168 Lucifer
959 1116 1139 1161 verus
1162 1116 1178 1168 ;
1199 1102 1257 1155 et
1271 1085 1374 1171 qui
1396 1094 1576 1152 caelos
1593 1090 1800 1178 tuosin
1817 1085 2131 1178 splendore

490 1170 801 1277 respergis,
831 1194 1091 1270 pectora.
1108 1189 1312 1277 nostra
1336 1185 1391 1240 et
1411 1182 1596 1239 corda
1611 1177 1850 1277 laetiﬁca
1914 1176 1981 1230 ut
1992 1170 2134 1274 ﬁdei

495 1257 928 1352 illuminatione
956 1275 1224 1345 animati,
1253 1277 1308 1332 te
1337 1284 1574 1343 semper
1593 1265 1895 1338 ducem,et
1922 1257 2136 1336 princi-

495 1395 639 1454 pem
673 1357 918 1434 luminis
939 1366 1280 1454 adoremus.

569 1467 739 1522 Pater
772 1459 995 1517 noster.
1027 1447 1278 1508 Liberati
1308 1461 1346 1504 a
1373 1443 1556 1503 malo.
1589 1442 1680 1512 fol
1705 1444 1759 1496 2.

571 1545 1053 1610 Lauda.Cantate
1064 1537 1309 1597 Domino
1321 1534 1620 1593 canticum
1631 1524 2138 1591 novumzAlleluia,

2233 1116 2342 1188 fol.
2370 1119 2425 1173 3.

2309 1203 2659 1274 Antiphona.
2692 1199 2863 1258 Salus
2899 1200 3001 1256 tua
3045 1194 3337 1254 Domine:
3378 1205 3558 1264 super
3589 1186 3897 1262 pupulum

2241 1296 2414 1352 tuum
2434 1290 2772 1348 benedictio
2799 1293 2920 1345 tua.
2969 1287 3236 1343 Psalmus
3263 1298 3351 1338 III.

2314 1379 2684 1449 Antiphona.
2718 1377 2874 1442 Dele,
2920 1374 3188 1437 Domine,
3233 1369 3576 1441 iniquitates
3614 1377 3803 1428 meas,
3838 1364 3900 1420 et

2247 1469 2528 1527 miserere
2556 1467 2695 1524 mei.
2722 1465 2991 1522 Psalmus
3018 1481 3068 1517 L.

2317 1557 2685 1627 Antiphone.
2714 1553 2918 1611 Clamo
2942 1552 3019 1610 ad
3048 1554 3234 1607 Deum
3257 1546 3616 1605 altissimum
3644 1557 3659 1598 :
3684 1540 3766 1599 ad
3783 1539 3901 1633 Do-

504 1635 986 1701 alleluiaJl/‘.Laus
1001 1627 1206 1717 ejus-in
1219 1611 2139 1717 EcclesiawsanctorumAlleluia.
2174 1625 2221 1681 Β
2248 1611 2844 1717 ηιῶᾖὼθηθτθοῆ
2870 1639 3035 1698 ωηιί
3059 1640 3332 1695 Ρεαιηωε
3352 1649 3462 1691 ιη

577 1723 802 1784 Oratio.
829 1719 956 1777 Tibi
974 1713 1243 1774 Domine.
1271 1711 1382 1784 fol.
1405 1711 1525 1767 117.
1553 1702 2144 1766 Commemorationes

505 1821 572 1874 ut
601 1825 790 1884 supra
812 1809 932 1881 fol.
972 1807 1062 1862 94.

535 1893 537 1895 ’
580 1878 730 1960 Itein
775 1878 1025 1955 ea'eunte
1081 1892 1347 1962 Vespera,
1390 1886 1589 1944 omnia
1632 1882 1939 1946 dicantur,
1973 1883 2041 1935 ut
2084 1878 2148 1932 in

506 1990 705 2064 primo
742 1987 1014 2044 Exeunte
1046 1980 1118 2036 de
1134 1979 1327 2052 primo
1356 1973 1663 2032 Dominico
1696 1975 1832 2041 post
1873 1967 2150 2064 Octavam

507 2054 867 2150 Epiphania
897 2071 1002 2143 fol.
1029 2071 1117 2134 94,
1149 2064 1409 2135 exceptis
1435 2061 1730 2134 Epistola,
1787 2063 1840 2115 et
1871 2054 2153 2114 Benedic-

509 2168 688 2232 tione,
718 2176 850 2236 qua:
871 2162 1225 2232 sequuntur.

581 2231 1062 2328 Kyrie,[eleison.
1090 2255 1155 2318 13;.
1205 2240 1452 2307 Christe,
1494 2238 1738 2296 eleison.
1772 2232 1974 2306 Kyrie,
2014 2231 2159 2291 elei-

514 2356 626 2402 εοῐι
635 2380 648 2395 .

587 2427 886 2500 Capitula.
917 2424 1074 2481 Deus
1099 2421 1271 2492 cujus
1303 2428 1619 2488 nunquam
1647 2411 1844 2482 fulgor
1875 2407 2158 2500 extinguif

512 2520 628 2584 tur,
656 2498 972 2584 nunquam
986 2508 1227 2568 claritas
1250 2505 1618 2570 terminatur,
1636 2514 1983 2573 quaesumus
2002 2501 2082 2562 te,
2096 2498 2161 2552 ut

512 2605 661 2664 dum
703 2601 831 2658 dies
857 2597 1228 2672 quotidiana,
1275 2592 1468 2650 noctis
1510 2587 1889 2646 successione
1930 2585 2156 2654 ﬁnitur,

511 2696 687 2750 tuum
707 2689 914 2746 lumen
945 2681 1215 2740 sensibus
1233 2679 1453 2738 nostris
1469 2691 1704 2749 semper
1727 2675 1970 2740 oriatur,
1991 2676 2048 2730 et
2070 2672 2161 2728 in-

512 2778 696 2835 terior
718 2775 902 2832 homo
922 2773 1126 2828 noster
1147 2767 1503 2826 visitationis
1535 2770 1651 2821 tuae
1672 2763 1902 2833 fulgore
1930 2763 2163 2832 vegete-

512 2869 612 2923 tur
641 2881 658 2920 :
680 2865 757 2920 ut
779 2859 959 2917 nullis
986 2860 1373 2931 peccatorum
1396 2853 1660 2911 tenebris
1685 2851 2037 2908 obruamur.

585 2953 755 3008 Pater
783 2950 1003 3004 noster.
1035 2943 1310 3000 Liberati.
1336 2943 1450 3011 fol.
1471 2944 1524 2995 2.

586 3034 956 3095 Benedictio.
981 3033 1186 3086 Preces
1213 3032 1440 3085 vestras
1471 3025 1781 3095 Dominus,
1813 3023 1910 3080 cui
1941 3022 2167 3096 suppli-

520 3124 681 3188 catis,
713 3119 1013 3186 exaudiat,
1035 3121 1093 3174 et
1110 3116 1314 3173 omnia
1327 3115 1500 3172 vobis
1521 3112 1776 3187 piacula,
1806 3113 1978 3169 solita
1991 3110 2165 3168 mise-

519 3211 751 3271 ratione
778 3206 1058 3264 dimittat.
1084 3205 1363 3276 R.Amen.
1385 3200 1818 3258 Benedictionis
1835 3215 1958 3256 suae
1987 3213 2170 3272 super

519 3313 630 3356 vos
649 3295 939 3353 Dominus
959 3293 1122 3350 dona
1141 3292 1516 3358 transmittat,
1535 3293 1592 3346 et
1620 3287 2169 3345 misericordiarum

521 3384 766 3458 largitor
784 3381 1007 3441 imbres
1034 3382 1078 3452 ι
1091 3378 1207 3452 28
1223 3378 1523 3449 benignus
1546 3375 1841 3434 infundat.
1869 3387 1932 3448 13,.
1953 3379 2163 3433 Amen.

523 3473 642 3547 Ipsi
673 3472 735 3530 in
758 3469 872 3529 hac
899 3467 1024 3528 vita
1050 3468 1249 3524 locum
1279 3481 1386 3541 per
1422 3466 1588 3522 bona
1637 3479 1822 3538 opera
1858 3464 2070 3522 vestris
2111 3465 2174 3520 in

525 3558 808 3619 cordibus
837 3556 1186 3630 praeparetis
1210 3573 1223 3610 :
1242 3559 1306 3611 ut
1317 3553 1625 3627 justiﬁcati
1643 3553 1705 3610 in
1724 3557 2015 3611 aeternum
2034 3567 2174 3610 cum

527 3647 759 3708 Christo
787 3645 1066 3716 regnetis.
1092 3655 1159 3714 13,.
1188 3645 1403 3702 Amen.

596 3735 709 3792 Per
737 3731 1212 3792 misericordiam
1228 3775 1241 3787 .

703 3841 773 3897 IN
833 3837 1165 3896 DOMINlCO
1205 3837 1384 3894 ANTE
1443 3837 1613 3895 DlEM
1671 3835 1998 3893 CINERUM.

973 3925 1233 3983 Sabbato
1289 3924 1371 3981 ad
1425 3924 1726 3995 Vesperos.

597 4032 823 4090 Lauda.
869 4033 935 4086 In
987 4030 1266 4088 noctibus
1303 4029 1559 4086 extollite
1606 4045 1822 4086 manus
1864 4033 2090 4087 vestras
2117 4030 2180 4086 in

532 4128 755 4186 sancta,
789 4122 849 4175 P.
880 4122 946 4175 Et
959 4117 1642 4175 benediciteDominum.
1662 4117 1726 4180 ν.
1752 4119 1895 4184 Quis
1922 4119 2086 4174 statis
2118 4119 2180 4174 in

532 4208 717 4265 domo
740 4207 995 4273 Domini,
1053 4206 1114 4263 in
1156 4206 1318 4264 atriis
1346 4205 1566 4262 domus
1607 4206 1708 4261 Dei
1751 4207 1963 4264 nostri.
2013 4207 2071 4262 P.
2116 4209 2181 4264 Et

532 4295 887 4354 benedicite.

605 4384 894 4441 Dominus
924 4383 1014 4440 sit.
1041 4393 1103 4454 te.
1138 4383 1223 4438 Et.

601 4472 778 4530 Sono.
810 4475 1025 4529 Intrate
1055 4475 1259 4544 portas
1288 4471 1520 4527 Domini
1541 4471 1602 4527 in
1631 4472 2184 4541 confessione,atria

533 4561 683 4632 ejus.
717 4563 782 4617 P.
811 4565 872 4618 In
897 4559 1150 4633 Hymnis
1172 4559 1635 4617 confessionum.
1666 4563 1937 4620 Alleluia.
1958 4563 2180 4623 Ἅιδα-

530 4649 669 4706 date
692 4664 912 4706 nomen
930 4650 1060 4720 ejus
1103 4667 1116 4704 :
1147 4649 1435 4722 quoniam
1465 4665 1645 4706 suave
1674 4655 1781 4720 est,
1800 4651 1859 4706 in
1888 4657 2177 4707 aeternum

529 4739 931 4797 misericordia
959 4740 1106 4811 ejus,
1130 4745 1394 4812 etusque
1417 4740 1476 4796 in
1501 4739 2011 4811 saeculumsaeculi
2028 4742 2179 4798 veri-

529 4827 622 4881 tas
647 4827 796 4896 ejus.
834 4827 1099 4884 Alleluia.
1135 4829 1198 4886 P.
1230 4830 1312 4883 In.

599 4913 885 4971 Dominus
915 4916 1007 4972 sit.
1037 4919 1104 4973 Et
1132 4931 1302 4974 eum.

595 5002 953 5072 Antiphona.
976 5007 1121 5062 Ecce
1151 5006 1372 5063 clamat
1402 5008 1601 5061 custos
1633 5022 1646 5060 :
1682 5004 1850 5062 Venit
1878 5020 2075 5062 mane.
2103 5009 2166 5064 P.

524 5090 594 5146 Et
617 5102 761 5148 nox.
805 5092 1091 5164 Quaeritis,
1121 5095 1404 5168 quaerite:
1447 5095 1859 5151 convertimini
1911 5096 2172 5152 :venite.

519 5176 584 5238 ππ.
605 5178 865 5237 Laudato
879 5182 1046 5254 pueri
1070 5182 1661 5240 Dominum:laudate
1679 5198 1900 5241 nomen
1923 5185 2178 5241 Domini.

519 5267 580 5322 P.
612 5267 678 5325 Et
703 5284 842 5326 nox.
865 5270 926 5332 ἣν.
956 5271 1172 5328 Gloria.
1201 5271 1264 5325 P.
1307 5273 1374 5326 Et
1397 5284 1538 5326 nox.

581 5354 878 5415 Dominus
904 5359 998 5415 sit.
1037 5359 1099 5419 ir.
1135 5361 1386 5414 Etcum.

588 5443 818 5505 Lauda.
836 5449 917 5504 Ne
940 5461 1169 5504 memor
1193 5445 1371 5502 fueris
1392 5445 1545 5502 Deus
1566 5446 1909 5518 iniquitates
1929 5454 2169 5508 nostras

2323 1734 2667 1804 Antiphona
2685 1736 2702 1787 1
2725 1774 2738 1788 .
2752 1732 3037 1788 Converte
3055 1741 3167 1783 nos
3185 1727 3336 1782 Deus
3357 1718 3636 1778 salutaris
3653 1720 3862 1774 noster
3889 1742 3905 1782 ξ

2257 1828 2315 1882 et
2338 1826 2532 1881 averte
2567 1821 2720 1878 iram
2747 1823 2916 1876 tuam
2956 1833 2994 1874 a
3033 1815 3231 1873 nobis.
3275 1814 3335 1867 P.
3384 1815 3464 1869 Ne
3501 1811 3565 1866 in
3608 1812 3906 1864 aeternum

2258 1911 2532 1972 irascaris
2560 1909 2734 1966 nobis
2752 1907 2778 1961 ?
2803 1907 2866 1969 γ.
2899 1908 3050 1962 Deus
3090 1908 3155 1962 tu
3183 1903 3535 1960 convertens
3565 1893 3910 1953 viviﬁcabis

2261 2015 2374 2059 nos
2405 2016 2417 2056 :
2461 2003 2515 2055 et
2541 1998 2714 2070 plebs
2755 1999 2859 2054 tua
2890 1994 3184 2051 laetabitur
3213 1993 3279 2048 in
3308 1995 3382 2047 te.
3431 1989 3491 2044 P.
3536 1990 3618 2044 Ne
3644 1987 3710 2042 in
3742 1988 3915 2040 mter-

2261 2105 2431 2148 num.
2461 2087 2525 2148 ῒ.
2555 2086 2768 2151 Gloria,
2800 2088 2854 2142 et
2879 2083 3092 2140 honor.
3119 2085 3186 2136 P.
3220 2083 3300 2137 Ne
3329 2081 3417 2135 in.

2337 2178 2558 2234 Oratio.
2593 2176 2885 2242 Converte
2914 2187 3026 2229 nos
3074 2171 3230 2226 Deus
3267 2166 3544 2224 salutaris
3587 2165 3819 2228 noster;
3854 2161 3918 2217 et

2265 2269 2463 2326 averte
2492 2267 2642 2321 iram
2657 2267 2824 2320 tuam
2843 2277 2880 2319 a
2893 2260 3070 2318 nobis
3090 2275 3103 2315 :
3124 2273 3194 2315 ac
3214 2271 3387 2330 super
3414 2253 3711 2328 populum
3732 2253 3916 2307 tuum

2266 2369 2480 2428 pacem
2497 2355 2734 2425 praesta,
2768 2365 2954 2422 quam
2978 2346 3277 2420 loqueris;
3308 2348 3373 2401 ut
3403 2341 3573 2416 plebs
3603 2345 3708 2397 tua
3748 2339 3916 2428 laete-

2266 2424 2362 2499 tur
2383 2443 2446 2498 in
2474 2424 2530 2497 te
2555 2459 2568 2508 ;
2602 2454 2674 2496 ac
2701 2440 2955 2494 salutare
2983 2441 3152 2492 tuum
3169 2431 3442 2490 custodia
3465 2429 3672 2487 salutis
3699 2424 3918 2483 intelli-

2269 2544 2434 2600 gens,
2478 2527 2570 2584 vel
2615 2525 3080 2583 misericordiam
3135 2527 3304 2578 tuam
3349 2518 3744 2592 prosperitate
3770 2528 3919 2582 cog-

2267 2621 2494 2681 noscat,
2521 2615 2616 2672 vel
2633 2615 3060 2684 benignitatem
3085 2616 3250 2668 tuam
3277 2610 3475 2666 fructu
3504 2602 3919 2663 foecunditatis

2270 2705 2568 2778 ’suscipiat.
2592 2715 2657 2774 1r.
2687 2705 2896 2759 Amen.

2341 2795 2446 2850 Per
2474 2791 2944 2848 misericordiam
2971 2792 3156 2844 tuam.

2341 2881 2678 2950 Antiphona
2706 2883 2758 2932 2.
2791 2878 3113 2942 Miserator,
3145 2877 3200 2930 et
3228 2871 3556 2928 misericors
3576 2867 3879 2925 Dominus
3907 2884 3924 2920 :

2125 3021 2136 3032 .
2191 2962 2235 3019 C
2270 2967 2634 3037 longanimis
2660 2971 2718 3022 et
2735 2965 2994 3020 multum
3022 2961 3377 3018 misericors.
3398 2961 3454 3014 P.
3487 2961 3613 3014 Non
3641 2957 3703 3012 in
3729 2954 3930 3010 ﬁnem

2272 3047 2558 3113 irascetur
2589 3072 2603 3110 :
2635 3069 2830 3125 neque
2854 3053 2916 3108 in
2932 3055 3220 3108 aeternum
3248 3045 3673 3118 indignabitur.
3696 3044 3760 3104 Y.
3792 3045 3932 3099 Non

2275 3146 2607 3203 secundum
2631 3147 2877 3216 peccata
2903 3146 3108 3198 nostra
3143 3139 3328 3196 facias
3373 3136 3552 3194 nobis
3585 3148 3810 3205 :neque
3836 3145 3937 3188 se-

2277 3234 2542 3292 cundum
2562 3233 2905 3306 iniquitates
2928 3233 3164 3288 nostras
3187 3227 3478 3285 retribuas
3494 3223 3688 3281 nobis.
3705 3221 3764 3276 P.
3790 3224 3933 3278 Non

2277 3322 2341 3380 in
2377 3323 2561 3378 ﬁnem
2599 3322 2902 3378 irascetur.
2957 3319 3019 3380 π’.
3065 3318 3276 3382 Gloria,
3328 3320 3384 3372 et
3418 3315 3614 3372 honor
3647 3311 3828 3369 Patri.
3864 3313 3930 3367 P.

2279 3415 2407 3470 Non
2438 3412 2499 3466 in
2519 3412 2723 3466 ﬁnem.

2353 3501 2573 3558 Oratio.
2601 3500 2902 3556 Miserator
2931 3497 3196 3562 Domine,
3231 3499 3287 3552 et
3312 3494 3650 3551 misericors
3670 3507 3793 3548 non
3810 3491 3932 3547 ira-

2283 3589 2466 3645 scaris
2499 3586 2672 3644 nobis
2698 3587 2760 3642 in
2787 3586 3004 3654 ﬁnem;
3035 3585 3141 3641 sed
3170 3587 3462 3657 quantum
3509 3582 3689 3638 distat
3717 3579 3932 3637 Oriens

2284 3676 2362 3734 ab
2390 3677 2617 3734 Occasu
2635 3675 3001 3747 iniquitatem
3038 3689 3282 3730 omnem
3308 3689 3344 3728 a
3384 3671 3560 3728 nobis
3603 3670 3840 3740 elonga,
3880 3674 3938 3724 et

2279 3766 2451 3836 juxta
2480 3763 2846 3820 altitudinem
2871 3765 3003 3819 coeli
3033 3767 3242 3819 aterra
3272 3766 3438 3818 tuam
3465 3761 3525 3816 in
3550 3758 3728 3816 nobis
3756 3758 3938 3814 mise-

2283 3853 2607 3910 ricordiam
2636 3852 2836 3908 dilata.
2868 3863 2932 3920 It».
2965 3854 3179 3909 Amen.

2357 3941 2464 3997 Per
2491 3941 2992 3998 misericordiam.

2359 4031 2694 4098 Antiphona
2721 4034 2772 4086 3.
2806 4031 3089 4098 Miserere,
3120 4029 3291 4092 Deus,
3321 4027 3612 4092 omnium,
3645 4024 3940 4098 quoniam

2291 4118 2494 4174 omnia
2522 4123 2709 4189 potes,
2738 4121 2794 4173 P.
2843 4120 2909 4173 Et
2939 4117 3279 4172 dissimulas
3327 4120 3573 4188 peccata
3618 4113 3942 4170 hominum

2289 4211 2530 4278 propter
2561 4205 2993 4277 paenitentiam.
3023 4206 3083 4266 ἣν.
3112 4206 3200 4260 Ad
3232 4209 3285 4261 te
3315 4205 3580 4261 levamus
3602 4203 3810 4259 oculos
3839 4217 3947 4257 no-

2215 4309 2258 4363 1)
2291 4299 2458 4360 stros,
2502 4295 2603 4366 qui
2637 4294 2872 4350 habitas
2905 4294 2964 4348 in
3003 4294 3190 4349 caelis.
3236 4296 3295 4349 P.
3350 4296 3412 4348 Et
3459 4291 3833 4348 dissimulas.
3877 4289 3944 4346 ἲν.

2291 4383 2504 4447 Gloria,
2533 4388 2589 4438 et
2615 4383 2823 4438 honor.
2860 4382 2918 4436 P.
2953 4386 3019 4437 Et
3047 4381 3412 4437 dissimulas.

2363 4472 2766 4535 0ratio.Deus,
2797 4473 3338 4528 misericordiarum
3364 4471 3628 4535 Domine,
3647 4471 3819 4541 cujus
3836 4485 3944 4541 po-

2289 4562 2511 4617 testatis
2550 4561 2664 4616 hoc
2707 4565 2797 4616 est
2822 4560 2990 4625 velle,
3039 4560 3204 4632 quod
3234 4561 3520 4633 proﬁcere
3551 4577 3562 4615 :
3592 4559 3823 4628 largam
3882 4558 3944 4612 in

2289 4650 2465 4707 nobis
2491 4655 2656 4706 tuam
2674 4649 2995 4705 bonitatem
3017 4651 3279 4718 ostende,
3311 4654 3365 4705 et
3393 4649 3469 4704 ab
3496 4647 3805 4704 altitudine
3824 4645 3943 4701 via:

2290 4740 2586 4813 pessimae,
2633 4745 2834 4796 nostra
2862 4738 3108 4809 vestigia
3138 4754 3350 4794 amove
3385 4756 3398 4792 :
3441 4740 3496 4792 et
3547 4742 3713 4792 artus
3758 4749 3944 4791 sanos

2289 4845 2396 4902 per
2422 4829 2665 4884 semitas
2695 4829 2774 4884 ad
2806 4833 2858 4884 te
2885 4827 3086 4883 venire
3115 4827 3391 4884 concede.
3427 4838 3490 4897 Ir.
3523 4827 3732 4882 Amen.

2361 4918 2467 4973 Per
2488 4917 2957 4974 misericordiam
2988 4920 3156 4973 tuam
3184 4915 3337 4972 Deus
3359 4921 3580 4972 noster.

2360 5020 2422 5078 Ir.
2459 5008 2523 5063 In
2547 5011 2602 5063 te
2626 5007 2932 5062 confidunt
2957 5022 3166 5063 omnes
3198 5007 3414 5063 animae
3442 5006 3706 5061 dicentes
3749 5020 3763 5059 :
3807 5002 3938 5058 Cito

2288 5098 2442 5152 Deus
2474 5096 2846 5152 miserebitur
2872 5095 3068 5159 nobis,
3101 5095 3243 5167 quia
3269 5095 3556 5151 Dominus
3587 5094 3826 5148 locutus
3860 5092 3948 5147 est

2287 5186 2492 5241 dicens
2539 5202 2550 5240 :
2604 5184 2887 5240 Gaudebo
2935 5200 3113 5256 super
3164 5199 3352 5238 unum
3401 5183 3812 5254 paenitentem,
3864 5180 3934 5234 P.

2288 5275 2479 5338 Quam
2495 5289 2671 5343 super
2683 5273 3008 5343 nonaginta
3030 5288 3246 5328 novem
3255 5272 3274 5342 j
3287 5277 3446 5328 ustos
3463 5287 3582 5326 non
3599 5270 3943 5339 indigentes

2285 5361 2653 5433 poenitentia.
2685 5359 2742 5420 il.
2775 5361 3070 5418 Gaudium
3097 5362 3204 5416 erit
3233 5363 3292 5416 in
3323 5361 3470 5416 coelo
3499 5375 3705 5416 coram
3745 5361 3942 5427 Ange-

2283 5449 2354 5506 lis
2386 5449 2489 5507 Dei
2511 5465 2690 5522 super
2710 5465 2831 5506 uno
2861 5454 3170 5521 peccatore
3193 5449 3604 5520 paenitentiam
3627 5450 3930 5518 agente,P.
