4102 6176
168 286 275 349 245

1332 285 1548 345 FEPJA
1584 279 1657 341 IV
1694 278 1767 338 IN
1804 274 2062 342 CAPITB
2096 277 2381 355 JEJUNII.

3469 290 3581 362 246

237 412 461 481 Quam'
496 420 679 484 super
714 412 1075 483 nonaginta.
1113 415 1180 475 v.
1240 413 1450 481 Gloria,
1491 415 1549 471 et
1599 411 1817 469 honor.
1856 412 1906 465 Α
2005 412 2277 477 Alleluia.
2306 420 2371 482 ii.
2399 417 3243 481 llluminetDominusvultum
3271 434 3452 483 suum
3470 442 3578 484 su-

167 506 505 563 Reilerelur
528 512 594 569 Βε.

775 607 847 663 In
879 609 1200 666 Laudibus.

234 718 329 774 Ad
362 716 687 775 Canticum
727 714 1095 784 Antz‘phona.
1150 720 1234 774 Tu
1288 716 1535 772 Domine
1582 716 1824 788 propter

168 810 506 881 peccatores
539 803 887 860 misericors
935 807 1185 864 vocatus
1219 822 1317 862 es:
1350 805 1400 862 si
1429 805 1587 862 enim
1636 801 1823 862 nostri

167 897 441 955 misertus
469 892 669 958 fueris,
703 892 1038 949 vocaberis.

383 999 694 1058 Canticum
723 998 939 1057 Esdrce
968 999 1124 1071 (Lib.
1146 1001 1254 1066 ιγ,
1292 1014 1428 1072 cap.
1461 999 1604 1069 V111).

230 1115 499 1183 Domine,
530 1116 637 1186 qui
683 1113 925 1169 habitas
968 1114 1031 1170 in
1059 1118 1369 1181 aeternum,
1396 1116 1419 1138 ‘
1447 1115 1621 1185 cujus
1659 1113 1817 1170 oculi

157 1205 292 1262 elati
321 1208 380 1261 et
418 1202 726 1274 superiora
763 1201 826 1257 in
856 1207 998 1258 acra
1030 1219 1041 1257 :

225 1294 416 1362 Cujus
438 1292 785 1347 estthronus
800 1291 1259 1359 inaestimabilis,
1280 1294 1297 1311 °
1317 1295 1372 1349 et
1388 1291 1816 1363 gloriaincom-

150 1380 570 1454 prehensibilis
599 1396 613 1433 :

222 1470 331 1525 Cui
365 1468 560 1524 adstat
589 1467 788 1523 omnis
821 1466 1116 1524 exercitus
1147 1468 1508 1538 Angelorum
1539 1482 1677 1523 cum
1704 1470 1815 1522 tre-

152 1572 339 1626 more,
370 1559 391 1582 θ
409 1572 674 1628 quorum
696 1556 1044 1614 observatio
1070 1558 1131 1613 in
1151 1562 1329 1613 vento
1350 1561 1405 1613 et
1424 1557 1548 1627 igni
1570 1571 1813 1611 conver—

153 1650 367 1701 tentur.

1932 508 2040 574 per
2070 521 2199 564 nos.
2226 512 2283 565 P.
2307 513 2371 568 Et
2398 510 2713 567 benedicat
2748 526 2881 569 nos.
2920 509 3187 567 Alleluia.

2002 593 2235 653 Lauda.
2264 598 2523 657 Laudate
2544 599 2864 656 Dominum
2880 599 2955 656 de
2970 598 3132 657 caelis
3158 613 3173 654 :
3203 597 3468 670 Alleluia,
3492 603 3574 663 al-

1929 680 2130 742 leluia.
2164 686 2425 745 Laudate
2456 705 2594 745 eum
2622 688 2684 747 in
2722 688 2991 747 excelsis.
3020 685 3292 754 Alleluia,
3313 689 3566 752 alleluia.

1998 771 2271 832 Psalmus
2308 793 2532 834 cxnvur.

1926 858 2104 917 Lectio
2133 863 2270 922 libri
2280 866 2574 936 Sapientiae
2599 865 2967 925 Ecclesiastici
2987 868 3283 929 Salomonis
3301 871 3458 946 (Cap.
3486 871 3569 944 ιι).

1997 960 2068 1020 Βι.
2115 952 2236 1008 Deo
2265 956 2508 1023 gratias.

1995 1036 2325 1098 Metuentes
2382 1041 2703 1099 Dominum
2756 1043 3047 1102 sustinent
3096 1046 3570 1106 misericordiam

1923 1124 2053 1195 ejus
2076 1141 2090 1181 :
2110 1130 2299 1184 etnon
2320 1128 2641 1185 deﬂectatis
2662 1130 2739 1185 ab
2751 1129 2851 1186 illo
2862 1145 2937 1187 ne
2950 1132 3202 1192 cadatis.
3221 1134 3333 1200 Qui
3352 1135 3569 1192 timetis

1923 1214 2264 1284 Dominum,
2282 1217 2498 1273 credite
2510 1216 2698 1273 illum:
2727 1223 2915 1274 etnon
2940 1222 3327 1279 evacuabitur
3341 1236 3569 1280 merces

1920 1301 2137 1353 vestra.
2173 1300 2280 1363 Qui
2315 1300 2531 1355 timetis
2558 1301 2900 1368 Dominum,
2935 1308 3165 1374 sperate
3191 1306 3253 1360 in
3288 1306 3476 1371 illum,
3510 1309 3569 1363 et

1920 1384 1981 1440 in
2004 1384 2398 1441 oblectatione
2415 1388 2611 1443 veniet
2627 1388 2794 1443 vobis
2806 1389 3237 1448 misericordia.
3272 1394 3381 1459 Qui
3403 1393 3568 1450 time-

1919 1474 1994 1529 tis
2010 1476 2583 1547 Dominum,diligite
2597 1476 2786 1543 illum,
2800 1484 2857 1535 et
2874 1480 3364 1539 illuminabuntur
3383 1484 3568 1540 corda

1918 1567 2141 1620 vestra.
2164 1566 2456 1637 Respicite
2468 1566 2573 1621 ﬁlii
2585 1567 2895 1623 nationum
2907 1568 3223 1626 hominum
3237 1588 3251 1627 :
3266 1574 3323 1627 et
3337 1570 3563 1641 scitote,

1921 1652 2054 1723 quis
2068 1654 2396 1724 speravitin
2412 1654 2682 1719 Domino,
2699 1659 2756 1710 et
2767 1656 3051 1711 confusus
3065 1661 3152 1713 est
3166 1658 3567 1731 permansitin

217 1734 407 1803 Cujus
445 1732 705 1823 verbum
730 1732 1086 1823 ﬁrmum,et
1114 1732 1273 1823 dicta
1302 1731 1759 1823 perseverantia.
1790 1728 1813 1753 ’
1845 1756 1889 1823 Β
1920 1741 2219 1798 mandatis
2246 1743 2395 1811 ejus,
2429 1746 2487 1797 et
2514 1742 2826 1797 derelictus
2856 1746 2943 1798 est
2970 1742 3000 1797 7
3025 1749 3081 1799 et
3108 1728 3244 1814 quis
3268 1743 3565 1801 invocavit

157 1823 330 1892 129
364 1822 542 1889 Cujus
571 1819 867 1891 disposito
891 1820 1078 1887 fortis,
1100 1824 1156 1876 et
1166 1822 1361 1891 jussio
1381 1819 1656 1875 terribilis
1687 1836 1699 1873 :

214 1911 404 1980 Cujus
452 1914 735 1981 aspectus
773 1909 1016 1965 arefacit
1042 1909 1363 1980 abyssos.‘
1385 1912 1440 1965 et
1474 1907 1809 1978 indignatio

142 1998 397 2056 tabescit
433 2002 694 2063 montes,
727 2000 786 2053 et
809 1997 1025 2053 veritas
1057 1998 1405 2054 testiﬁcatur
1437 2013 1450 2051 :

204 2086 442 2143 Exaudi
478 2087 728 2141 Domine
785 2084 1120 2141 orationem
1176 2086 1330 2141 servi
1366 2085 1474 2149 tui,
1503 2086 1526 2108 *
1556 2084 1805 2140 auribus

138 2176 377 2247 percipe
417 2188 664 2244 precem
697 2171 973 2241 ﬁgmenti
1004 2173 1107 2227 tui.

200 2261 461 2318 Intende
489 2261 553 2315 in
575 2259 758 2316 verba
785 2275 942 2325 mea,
972 2260 1119 2316 dum
1146 2260 1307 2316 enim
1325 2258 1479 2325 vivo,
1504 2259 1721 2331 loquar
1746 2277 1760 2315 :
1786 2262 1803 2280 '

138 2356 185 2407 et
202 2351 362 2406 dum
404 2350 601 2421 sapio,
634 2348 1018 2419 respondebo
1050 2366 1063 2404 :

197 2444 315 2496 Nec
350 2438 642 2510 respicias
677 2438 926 2494 Domine
949 2436 1158 2509 populi
1204 2437 1291 2494 tui
1331 2436 1596 2505 delicta;
1628 2438 1649 2457 '
1688 2435 1801 2508 ipsi

136 2529 226 2600 qui
253 2528 372 2584 tibi
404 2527 676 2582 serviunt
699 2526 763 2581 in
788 2525 1059 2582 veritate.

196 2621 409 2688 Neque
437 2614 717 2671 attendas
739 2614 925 2685 impie
947 2614 1251 2683 agentium
1272 2612 1489 2679 studia,
1512 2614 1535 2636 '
1564 2613 1668 2669 sed
1688 2614 1793 2684 qui

134 2712 224 2763 tua
251 2709 638 2761 testamenta
677 2719 813 2758 cum
852 2702 1160 2758 doloribus
1200 2702 1627 2757 custodierunt.

197 2798 409 2865 Neque
433 2792 661 2861 cogites
686 2790 935 2863 perdere
957 2791 1061 2861 qui
1086 2790 1147 2845 in
1173 2795 1500 2861 conspectu
1518 2794 1622 2845 tuo
1653 2788 1800 2845 false

138 2882 477 2939 conversati
508 2884 668 2947 sunt,
700 2880 721 2899 '
753 2879 859 2933 sed
903 2882 1203 2934 memento
1243 2878 1346 2949 qui
1377 2892 1451 2932 ex
1496 2877 1800 2933 voluntate

132 2986 359 3027 nomen
397 2974 571 3024 tuum
606 2983 746 3022 cum
777 2966 989 3022 timore
1010 2969 1438 3037 cognoverunt.

192 3063 406 3130 Neque
424 3056 685 3112 volueris
715 3054 984 3126 perdere,
1010 3054 1117 3126 qui
1136 3052 1431 3125 pecudem
1460 3066 1659 3108 mores
1684 3052 1788 3109 ha-

127 3147 395 3202 buerunt
416 3162 429 3199 :
450 3146 465 3162 '
489 3144 598 3199 sed
612 3142 908 3215 respicias
928 3157 1106 3213 super
1130 3156 1251 3207 eos,
1271 3141 1377 3213 qui
1393 3141 1584 3211 legem
1599 3141 1794 3213 splen-

128 3236 255 3291 dide
284 3234 658 3290 docuerunt.

192 3328 398 3396 Neque
440 3320 771 3391 indigneris
794 3319 880 3374 eis
902 3318 1007 3391 qui
1026 3317 1232 3374 bestiis
1269 3318 1442 3389 pejus
1476 3319 1613 3372 sunt
1637 3317 1794 3387 judi-

129 3414 234 3469 cati
260 3432 273 3469 ;
302 3416 325 3434 '
337 3411 457 3468 sed
472 3410 693 3481 diligas
706 3424 834 3473 eos,
858 3407 963 3479 qui
985 3421 1220 3478 semper
1236 3406 1299 3461 in
1326 3410 1429 3461 tua
1445 3405 1634 3475 gloria
1653 3420 1793 3461 con-

130 3501 401 3557 ﬁderunt.

196 3588 499 3655 Quoniam
530 3599 665 3651 nos,
700 3588 757 3640 et
794 3587 996 3655 patres
1040 3583 1231 3639 nostri
1260 3582 1480 3639 talibus
1520 3581 1793 3639 moribus

130 3679 357 3748 egimus
386 3693 401 3732 :
438 3682 455 3699 '
484 3679 552 3732 tu
580 3678 785 3730 autem
814 3676 1057 3744 propter
1074 3687 1186 3727 nos
1206 3674 1547 3743 peccatores
1568 3670 1794 3728 miseri-

131 3782 257 3823 cors
282 3769 545 3823 vocatus
571 3779 656 3819 es.

198 3858 251 3912 Si
263 3856 429 3911 enim
442 3849 907 3912 desideraveris,
926 3851 990 3906 ut
1004 3848 1195 3905 nostri
1229 3846 1587 3917 miserearis,
1611 3850 1631 3871 '
1652 3850 1792 3903 tunc

126 3945 467 4001 misericors
498 3939 817 3997 vocaberis
846 3953 859 3992 :

194 4042 389 4097 Nobis
405 4039 571 4095 enim
600 4052 726 4093 non
748 4034 1105 4092 habentibus
1124 4048 1308 4106 opera
1319 4032 1581 4103 justitiae.
1613 4034 1643 4087 J
1647 4033 1793 4088 ustis

119 4136 357 4194 autem,
376 4127 600 4199 quibus
624 4129 764 4181 sunt
791 4138 976 4196 opera
993 4123 1183 4179 multa
1204 4122 1484 4193 reposita,
1507 4123 1527 4143 "
1550 4121 1714 4193 apud
1739 4126 1793 4177 te

114 4217 388 4275 Domine
418 4230 490 4271 ex
520 4214 764 4285 prOpriis
788 4211 1073 4283 operibus
1101 4210 1432 4283 percipient
1454 4210 1791 4265 mercedem

116 4320 330 4362 suam.

181 4394 350 4462 Quid
383 4396 473 4449 est
492 4392 695 4457 homo,
727 4394 793 4447 ut
813 4388 864 4446 ei
883 4388 1246 4459 indigneris:
1282 4390 1301 4413 ⁶
1333 4391 1435 4444 aut
1459 4400 1647 4457 genus
1667 4402 1791 4444 cor-

113 4484 421 4559 ruptibile,
461 4486 531 4537 ut
566 4482 649 4537 ita
678 4478 1051 4537 exacerberis
1078 4479 1152 4533 de
1185 4478 1337 4549 ipso.

180 4580 247 4631 ln
271 4572 528 4628 veritate
568 4570 750 4640 enim,
802 4582 980 4623 nemo
1020 4566 1093 4621 de
1137 4565 1349 4637 genitis
1380 4567 1484 4627 est,
1536 4564 1638 4637 qui
1666 4579 1791 4620 non

114 4664 297 4735 impie
326 4660 549 4733 gessit,
574 4662 594 4682 ‘
627 4664 730 4713 aut
758 4657 833 4713 de
875 4654 1331 4721 conﬁdentibus,
1363 4654 1467 4726 qui
1518 4652 1622 4708 tibi
1666 4668 1789 4708 non

118 4752 385 4825 deliquit.

186 4845 248 4895 ln
264 4841 386 4896 hoc
403 4838 572 4895 enim
599 4832 1056 4892 annuntiabitur
1080 4831 1317 4888 bonitas
1346 4834 1466 4899 tua,
1486 4831 1540 4885 et
1557 4829 1789 4901 justitia

121 4932 218 4983 tua
249 4928 528 4992 Domine,
565 4928 584 4948 ’
613 4940 754 4980 cum
783 4922 1059 4978 misertus
1088 4919 1269 4975 fueris
1296 4919 1391 4975 his
1417 4918 1520 4990 qui
1539 4933 1662 4974 non
1687 4918 1789 4975 ha-

116 5015 257 5071 bent
290 5012 705 5071 substantiam
744 5026 997 5083 operum
1027 5009 1346 5064 bonorum.

187 5105 285 5159 Ad
302 5102 665 5160 Benedictus
677 5099 1054 5169 Antiphonti.
1082 5093 1786 5151 Filiihominumbenedi-

115 5192 226 5247 cite
258 5191 585 5247 Dominum
628 5186 815 5243 Israel
844 5202 858 5252 ;
890 5191 946 5242 et
982 5199 1192 5241 omnes
1246 5181 1593 5240 Sacerdotes
1634 5181 1787 5235 servi

114 5281 212 5334 Dei
250 5279 591 5335 benedicite
622 5276 963 5331 Dominum.

179 5368 522 5424 Canticum.
571 5363 927 5421 Benedictus
972 5378 1035 5418 es
1064 5360 1313 5417 Domine
1346 5361 1500 5415 Deus
1546 5359 1786 5429 patrum

112 5461 483 5513 nostrorum.
523 5456 739 5523 Quaere
772 5452 885 5523 fol.
914 5454 965 5506 6.

178 5545 367 5601 Sono.
402 5546 559 5601 Deus
584 5542 944 5600 misereatur
967 5538 1162 5607 nobis,
1195 5540 1252 5594 et
1282 5534 1599 5594 benedicat
1626 5547 1736 5592 nos
1771 5550 1783 5589 :

1919 1842 2078 1897 eum,
2107 1832 2162 1883 et
2178 1829 2445 1899 despexit
2461 1829 2628 1883 illum
2647 1828 2676 1883 ?
2691 1830 2986 1894 Quoniam
3004 1831 3137 1901 pius
3154 1835 3209 1887 et
3228 1830 3562 1887 misericors

1918 1917 2090 1988 Deus,
2112 1920 2169 1972 et
2195 1918 2431 1972 dimittit
2459 1918 2523 1972 in
2546 1922 2815 1989 tempore
2845 1918 3242 1975 tribulationis
3266 1920 3514 1991 peccata
3544 1938 3561 1980 :

1914 2006 2196 2061 omnibus
2221 2006 2669 2077 exquirentibus
2713 2022 2774 2062 se
2799 2007 2861 2062 in
2891 2008 3157 2064 veritate.
3213 2009 3309 2063 Vsa
3339 2008 3563 2080 duplici

1913 2093 2112 2158 corde,
2136 2097 2194 2149 et
2212 2093 2385 2149 labiis
2404 2094 2721 2164 sceleratis,
2742 2099 2797 2151 et
2810 2095 3109 2167 peccatori
3128 2099 3347 2154 terram
3368 2097 3563 2166 ingre-

1911 2182 2095 2238 dienti
2126 2182 2363 2239 duabus
2410 2182 2538 2239 viis.
2572 2184 2667 2239 Vua
2719 2182 3020 2239 dissolutis
3064 2184 3266 2254 corde,
3296 2184 3402 2256 qui
3436 2198 3563 2243 non

1910 2270 2151 2327 credent
2171 2272 2292 2327 Deo
2326 2288 2338 2327 :
2371 2270 2507 2327 ideo
2533 2286 2657 2327 non
2685 2275 3076 2343 proteguntur
3097 2273 3171 2328 ab
3197 2288 3287 2329 eo.
3311 2274 3430 2337 Vae,
3453 2272 3561 2344 qui

1908 2360 2295 2431 perdiderunt
2356 2359 2792 2427 sustinentiam,
2843 2364 2901 2417 et
2954 2360 3058 2432 qui
3120 2359 3562 2432 dereliquerunt

1911 2447 2038 2503 vias
2075 2452 2285 2516 rectas,
2317 2452 2372 2504 et
2409 2448 2768 2505 diverterunt
2796 2448 2859 2505 in
2900 2448 3025 2505 vias
3052 2463 3286 2520 pravas.
3319 2449 3387 2504 Et
3411 2447 3561 2521 quid

1907 2535 2151 2604 facietis,
2180 2553 2318 2592 cum
2331 2537 2593 2608 aspicere
2611 2536 2855 2606 creperit
2873 2538 3162 2592 Dominus
3180 2537 3209 2593 ?
3222 2536 3329 2601 Qui
3348 2536 3561 2596 timent

1907 2624 2248 2690 Dominum,
2267 2639 2389 2679 non
2406 2629 2579 2680 erunt
2597 2624 2976 2679 incredibiles
2992 2624 3178 2679 verbo
3196 2624 3325 2694 ejus
3348 2641 3363 2680 :
3380 2628 3439 2681 et
3450 2624 3557 2695 qui

1907 2712 2158 2780 diligunt
2178 2711 2362 2781 illum,
2388 2712 2829 2767 conservabunt
2846 2711 3009 2766 viam
3021 2710 3201 2767 illius.
3223 2712 3334 2775 Qui
3346 2712 3559 2769 timent

1907 2799 2249 2867 Dominum,
2277 2798 2577 2870 inquirant
2603 2815 2735 2870 quae
2751 2796 3127 2869 beneplacita
3169 2801 3308 2852 sunt
3352 2797 3471 2854 illi:
3499 2801 3558 2853 et

1905 2888 2010 2961 qui
2033 2887 2287 2957 diligunt
2314 2902 2474 2952 eum,
2509 2885 2895 2958 replebuntur
2922 2884 3050 2954 lege
3096 2884 3306 2957 ipsius.
3341 2884 3454 2951 Qui
3490 2883 3558 2943 ti-

1906 2979 2071 3031 ment
2082 2971 2725 3044 Dominum,parabunt
2736 2973 2921 3029 corda
2932 2975 3129 3039 sua,et
3147 2972 3211 3029 in
3226 2974 3557 3044 conspectu

1906 3062 2060 3119 illius
2091 3060 2548 3118 sanctiﬁcabunt
2572 3060 2807 3117 animas
2835 3075 2997 3117 suas.
3030 3071 3096 3132 Βι.
3115 3064 3331 3117 Amen.

1972 3153 2269 3221 Hymnus.
2301 3149 2586 3220 Splendor
2606 3153 2887 3221 paternae.
2909 3149 3021 3219 fol.
3046 3152 3134 3206 67.
3150 3149 3551 3219 Supplicatio.

1902 3242 2151 3297 Oremus
2180 3239 2632 3310 Redemptorem
2678 3238 2911 3293 mundi.
2942 3238 3054 3307 fol.
3108 3240 3198 3294 66.
3256 3237 3552 3305 Capitula.

1900 3332 2056 3385 Deus
2088 3332 2294 3384 auctor
2322 3326 2565 3383 luminis
2594 3326 2804 3392 Quare
2818 3326 2870 3393 Γ.
2903 3328 3023 3379 115.

1970 3418 2193 3474 Lauda.
2218 3414 2561 3483 lrascimini,
2581 3418 2637 3468 et
2658 3412 2836 3467 nolite
2856 3424 3104 3482 peccare
3128 3426 3141 3461 :
3167 3407 3442 3465 Alleluia.
3458 3407 3552 3463 Di-

1901 3506 2009 3561 cite
2039 3506 2098 3560 in
2129 3504 2410 3561 cordibus
2434 3501 2662 3557 vestris.
2692 3502 2753 3554 P.
2785 3501 2851 3553 Et
2871 3498 2933 3553 in
2990 3494 3288 3552 cubilibus
3335 3495 3548 3551 vestris

1900 3591 2396 3666 compungimini.
2416 3587 2684 3651 Alleluia,
2719 3585 2970 3642 alleluia.
3001 3582 3065 3647 7.
3096 3583 3431 3641 Sacriﬁcate
3458 3598 3551 3639 sa-

1900 3681 2187 3737 criﬁcium
2211 3679 2472 3749 justitiaa,
2503 3681 2559 3732 et
2583 3676 2813 3747 sperate
2842 3673 2905 3728 in
2930 3672 3204 3729 Domino.
3245 3669 3405 3726 Multi
3452 3668 3545 3724 di-

1901 3773 2043 3826 cunt
2075 3785 2085 3824 :
2114 3768 2255 3834 Quis
2278 3764 2539 3823 ostendit
2560 3763 2735 3819 nobis
2757 3762 2921 3819 bona
2946 3762 2976 3817 Ἰ
2994 3759 3203 3817 P.Etin
3225 3756 3544 3815 cubilibus.

1897 3860 1959 3919 ἲν.
1995 3856 2205 3914 Gloria.
2232 3858 2299 3911 P.
2336 3856 2401 3909 Et
2424 3852 2504 3908 in.

1974 3945 2197 4001 Oratio.
2227 3941 2370 4013 Tibi,
2427 3939 2695 4010 Domine,
2724 3938 2787 3994 in
2826 3937 3036 4005 Quaere
3050 3937 3165 4007 fol.
3192 3936 3316 3991 117.
3378 3934 3541 4000 Com-

1899 4032 2362 4101 memoraliones,
2388 4034 2452 4084 ut
2474 4042 2660 4097 supra
2684 4027 2797 4097 fol.
2831 4029 2920 4083 94.

2115 4121 2318 4177 FERIA
2349 4118 2650 4184 QUARTA.
2684 4115 2756 4170 IN
2788 4114 3030 4171 CAPITE
3055 4110 3328 4169 JEJUNIL

2464 4205 2556 4261 Ad
2575 4205 2940 4261 Matutinum
2954 4245 2967 4258 .

1968 4298 2338 4367 Antiphona.
2363 4295 2448 4349 Tu
2468 4296 2669 4350 autem
2686 4292 2934 4349 Domine
2951 4291 3258 4361 susceptor
3276 4302 3447 4344 meus
3462 4296 3545 4352 es,

1899 4386 2089 4459 gloria
2111 4400 2266 4453 mea,
2299 4386 2354 4438 et
2382 4382 2647 4437 exaltans
2681 4384 2860 4452 caput
2890 4394 3116 4435 meum.
3163 4377 3440 4433 Psalmus
3468 4389 3546 4430 ιιι.

1822 4450 1865 4504 D
1900 4450 1931 4459 ν
1972 4476 2195 4531 Oratio.
2236 4450 2518 4537 Quamvis
2534 4450 2780 4525 Domine
2802 4467 3061 4540 plurima
3076 4464 3548 4534 malignantium

1898 4562 2213 4619 multitudo
2246 4560 2522 4629 abneget,
2557 4558 2806 4613 salutem
2823 4560 3093 4611 nostram
3116 4567 3243 4609 esse
3272 4552 3333 4608 in
3354 4554 3410 4606 te
3437 4551 3548 4604 Do-

1897 4653 2062 4708 mino
2094 4652 2212 4706 Deo
2242 4652 2444 4704 nostro
2477 4663 2488 4701 :
2518 4645 2691 4702 nobis
2729 4648 2931 4700 tamen
2964 4642 3137 4713 13o
3162 4640 3242 4697 ob
3285 4640 3399 4696 hoc
3450 4650 3542 4693 ro-

1894 4743 2009 4798 bur
2037 4740 2165 4812 spei
2185 4738 2442 4794 multum
2465 4738 2733 4804 augetur,
2756 4732 2897 4804 quia
2928 4735 2991 4787 tu
3017 4732 3326 4801 susceptor
3349 4727 3549 4781 noster

1896 4846 2026 4887 esse
2047 4829 2330 4897 dignatus
2356 4842 2418 4880 es
2453 4841 2465 4879 :
2501 4823 2856 4880 Obstruatur
2874 4820 3073 4891 itaque
3094 4813 3549 4888 osloquentium

1894 4919 2132 4986 iniqua;
2174 4931 2313 4972 cum
2353 4915 2661 4986 sperantes
2690 4910 2751 4965 in
2775 4915 2831 4965 te
2856 4905 3268 4965 misericordia
3296 4903 3550 4962 circum-

1895 5008 1997 5064 dat
2020 5005 2285 5061 assidua.
2321 5014 2388 5068 Ην.
2420 5005 2632 5057 Amen.

1964 5099 2071 5150 Per
2100 5088 2598 5149 misericordiam.

1962 5182 2311 5251 Antiphona
2340 5182 2391 5231 l.
2418 5176 2617 5231 Venite
2647 5174 2990 5242 adoremus,
3014 5176 3069 5230 et
3090 5176 3544 5247 prosternamus

1893 5274 2030 5327 ante
2070 5271 2257 5323 Deum
2292 5282 2302 5321 :
2339 5270 2394 5320 et
2415 5264 2718 5335 ploremus
2750 5280 2955 5321 coram
2974 5262 3246 5326 Domino,
3269 5257 3373 5330 qui
3412 5252 3547 5308 fecit

1892 5373 2022 5414 nos.
2055 5356 2115 5416 Ψ.
2160 5358 2649 5425 Praaoccupemus
2682 5352 2895 5411 faciem
2927 5353 3027 5408 Dei
3049 5352 3109 5405 in
3150 5340 3540 5402 confessione,

1894 5450 1948 5502 et
1976 5446 2037 5501 in
2059 5443 2306 5517 psalmis
2340 5442 2670 5513 jubilemus
2700 5444 2774 5500 ei.
2803 5441 3075 5496 Psalmus
3102 5446 3255 5523 xciv.
3336 5512 3348 5523 Π

1969 5514 2194 5592 Oratio.
2226 5531 2717 5603 Prteoccupantes
2736 5528 2948 5586 faciem
2974 5526 3159 5588 tuam,
3181 5514 3451 5587 Domine,
3481 5514 3545 5573 in
