4102 6176
494 302 601 357 247

1749 285 2201 344 BBEVIARIUM
2239 285 2633 347 GOTHICUM.

3784 280 3904 334 248

499 418 899 487 confessione,
926 418 983 471 et
1012 415 1074 471 in
1100 413 1342 486 psalmis
1368 412 1473 470 tibi
1502 412 1704 470 debita
1729 410 2135 468 modulatione
2164 422 2210 476 A
2238 414 2518 470 omnibus
2547 414 2820 485 gentibus
2872 411 3131 467 salutare
3188 410 3376 462 tuum.
3435 404 3500 460 P.
3574 402 3904 461 llluminet.

497 509 841 583 jubilantes,
860 504 1185 562 adoramus
1204 502 1647 574 acprocidimus
1661 505 1795 557 ante
1809 505 1881 569 te,
1903 499 2137 571 ploratu
2241 502 2303 562 tr.
2336 504 2547 568 Gloria,
2580 508 2637 559 et
2658 504 2863 571 honor,
2898 504 3011 555 etc.
3047 498 3115 550 P.
3148 494 3463 583 llluminet.

501 600 732 655 interno
758 600 815 652 et
843 594 1065 664 gemitu
1105 592 1491 664 deprecantes
1524 609 1535 646 :
1566 596 1631 647 ut
1669 590 1813 662 quia
1843 593 1904 643 tu
1952 586 2139 643 fecisti

2316 593 2544 647 Lauda.
2562 593 2625 647 In
2639 590 2855 646 sanctis
2867 584 3243 658 ejuslaudate
3260 582 3600 637 Dominum.
3619 580 3897 645 Alleluia,

502 704 633 757 nos,
662 690 719 741 et
746 690 809 740 tu
837 698 899 738 es
926 684 1080 737 Deus
1100 684 1302 736 noster
1328 698 1341 748 ;
1364 694 1475 735 n08
1499 678 1793 751 populum
1814 682 1984 732 tuum
2006 676 2142 748 pius
2248 679 2509 736 alleluia.
2540 683 2603 734 ln
2632 680 3008 734 ﬁrmamento
3032 672 3260 729 virtutis
3284 671 3415 741 ejus
3439 669 3683 727 laudate
3704 667 3912 726 Domi-

505 774 791 831 Dominus
810 774 1108 843 protegas,
1138 772 1193 824 et
1211 783 1355 824 oves
1375 782 1615 840 pascua
1640 771 1755 822 tute
1780 769 1984 837 pastor
2008 763 2146 820 soli-

504 863 655 919 citus
678 858 983 918 attendas:
1013 856 1355 927 tribuasque
1378 855 1472 911 his
1492 854 1766 927 gratiam,
1792 868 1902 927 pro
1922 851 2144 924 quibus

506 951 774 1007 animam
799 944 1072 1018 posuisti.
1104 955 1166 1011 ἢ.
1194 945 1404 998 Amen.

576 1038 681 1092 Per
709 1030 1181 1089 misericordiam
1220 1033 1407 1085 tuam.

2250 784 2416 825 num.
2449 767 2713 835 Alleluia,
2746 763 3000 821 alleluia.
3028 761 3300 816 Psalmus
3328 774 3411 815 cs.

2360 857 2555 914 Lectio
2576 856 2711 910 libri
2737 851 3061 923 Sapientia
3090 848 3417 906 Salomonis
3440 847 3612 917 (Cap.
3650 847 3777 917 xu).

2326 957 2389 1013 ﬁ.
2419 948 2538 1000 Deo
2558 942 2801 1013 gratias.

2325 1033 2500 1098 Deus,
2518 1030 2623 1103 qui
2641 1030 2751 1085 das
2765 1029 2965 1085 locum
2984 1023 3366 1099 poenitentiae,
3390 1027 3456 1078 tu
3475 1021 3637 1079 dona
3657 1022 3910 1078 veniam

578 1121 944 1189 Antiphona.
978 1118 1030 1171 2.
1058 1116 1399 1181 Misericors,
1432 1119 1486 1171 et
1517 1116 1848 1179 miserator,
1876 1116 1931 1168 et
1949 1113 2150 1183 justus
2256 1120 2516 1194 peccatis
2544 1118 2778 1174 nostris,
2804 1116 2944 1181 Quis
2963 1115 3122 1170 enim
3143 1112 3297 1168 dicet
3321 1110 3425 1168 tibi
3452 1131 3465 1167 :
3490 1110 3639 1177 Quid
3666 1109 3865 1166 fecisti
3887 1112 3917 1166 ?

509 1208 818 1266 Dominus.
864 1204 927 1265 ἡ.
956 1204 1251 1275 Benignus
1300 1202 1408 1268 vir,
1462 1202 1568 1275 qui
1607 1201 1939 1257 miseretur.
1992 1200 2156 1255 Psal-

508 1313 638 1354 mus
659 1311 751 1351 Cll.

584 1385 805 1441 Oratio.
840 1380 1163 1438 Misericors
1187 1378 1432 1435 Domine
1462 1381 1519 1433 et
1541 1378 1721 1448 juste,
1750 1376 1843 1432 fac
1864 1390 1973 1431 nos
2007 1391 2159 1430 sem-

2261 1211 2363 1264 aut
2391 1206 2527 1277 quis
2560 1204 2735 1260 stabit
2753 1208 2958 1259 contra
2978 1199 3266 1273 judicium
3293 1202 3466 1254 tuum
3494 1198 3522 1252 ?
3550 1202 3649 1253 aut
3668 1198 3813 1269 quis
3847 1198 3917 1252 in

2262 1301 2584 1365 conspectu
2604 1299 2704 1349 tuo
2720 1292 2915 1347 veniet
2942 1290 3160 1345 vindex
3176 1288 3522 1359 iniquorum
3538 1286 3863 1341 hominum
3886 1284 3919 1339 ?

2265 1384 2510 1455 autquis
2522 1382 2626 1437 tibi
2638 1380 2973 1452 imputabit,
2991 1379 3038 1433 si
3050 1379 3321 1433 nationes
3332 1375 3818 1447 perierunt,quas
3832 1373 3920 1429 fe-

513 1488 614 1544 per
638 1486 765 1526 esse
786 1466 1199 1523 misericordes
1225 1482 1239 1532 ;
1267 1472 1323 1521 et
1348 1465 1755 1522 commoditati
1777 1464 2016 1520 alternae
2039 1467 2161 1518 tota
2266 1472 2395 1529 cisti
2425 1470 2453 1525 7
2480 1473 2592 1525 Nec
2609 1470 2764 1526 enim
2790 1468 2940 1524 alius
2964 1471 3052 1523 est
3070 1467 3226 1521 Deus
3244 1480 3430 1536 quam
3442 1468 3529 1530 tu,
3550 1462 3808 1518 cuicura
3828 1466 3924 1518 est

516 1559 729 1615 adesse
749 1556 1023 1612 facilitate
1057 1572 1069 1610 :
1105 1570 1212 1610 nec
1236 1554 1313 1609 ab
1340 1553 1547 1609 auditu
1573 1552 1734 1609 malo
1756 1567 1887 1617 nos,
1912 1551 2058 1606 dum
2071 1551 2163 1621 ju-

518 1646 832 1715 dicaveris,
847 1648 1066 1700 terreas
1088 1658 1102 1707 ;
1123 1642 1224 1697 sed
1237 1645 1405 1697 tuam
1418 1640 1497 1697 ad
1511 1640 1817 1697 dexteram
1831 1637 2165 1708 gloriﬁcan-

519 1733 633 1789 dos
664 1735 911 1787 statuas.
940 1741 1005 1799 ἢν.
1034 1732 1241 1784 Amen.

590 1821 695 1876 Per
712 1816 1188 1874 misericordiam
1213 1820 1398 1871 tuam:

534 1992 537 1995 λ
593 1930 1019 2001 Antiphona3.
1064 1930 1316 1995 Quaerite
1339 1927 1678 1985 Dominum:
1707 1928 1765 1983 et
1793 1923 2169 1982 confortami-

522 2022 586 2079 ni
616 2036 631 2077 :
658 2020 905 2093 quaerite
933 2018 1146 2075 faciem
1174 2017 1303 2088 ejus
1332 2032 1587 2089 semper.
1620 2016 1892 2072 Psalmus
1920 2028 2035 2070 etv.

600 2126 828 2183 Oratio.
858 2123 1269 2191 Quarentibus
1280 2126 1356 2193 te,
1383 2122 1653 2187 Domine,
1673 2120 1862 2176 tribue
1884 2117 2171 2176 fortitudi-

526 2231 666 2273 nem
692 2233 706 2283 ;
738 2218 795 2270 et
810 2212 1114 2285 quaerendi
1131 2216 1183 2267 te
1196 2212 1414 2283 jugiter
1436 2210 1683 2265 infunde
1708 2214 1983 2265 sanctum
2001 2221 2170 2263 amo-

526 2319 653 2359 rem
687 2320 699 2358 :
734 2300 916 2373 utqui
936 2304 1105 2355 tuam
1125 2298 1468 2355 desiderant
1488 2313 1727 2354 cernere
1752 2297 1960 2353 faciem
1979 2294 2173 2367 perni-

528 2391 755 2447 ciosam
783 2388 996 2444 mundi
1022 2402 1144 2443 non
1178 2390 1464 2459 appetant
1508 2386 1913 2457 voluptatem:
1947 2397 2171 2453 eosque

530 2478 730 2535 saeculi
744 2474 1156 2533 blandimenta
1171 2490 1293 2531 non
1306 2475 1609 2531 detineant
1629 2485 2060 2544 usquequaque
2076 2484 2170 2525 ca-

528 2566 753 2638 ptivos;
779 2569 844 2620 ut
886 2564 989 2619 lux
1042 2562 1241 2618 vultus
1290 2562 1375 2618 tui
1427 2561 1705 2617 clariﬁcet
1756 2561 1884 2630 jam
1938 2558 2169 2613 beatos.

531 2664 595 2723 ﬁ.
619 2654 830 2708 Amen.

601 2741 705 2795 Per
732 2737 1204 2794 misericordiam
1233 2740 1417 2803 tuam,
1450 2740 1561 2793 etc.

603 2842 666 2905 Bg.
698 2833 1044 2905 Propitiare,
1065 2832 1333 2895 Domine,
1359 2832 1585 2904 populo
1609 2834 1734 2901 tuo,
1752 2832 1893 2903 quia
1912 2830 2179 2903 peccavit

532 2922 671 2993 tibi;
706 2921 1334 2992 etomnesiniquitates
1357 2936 1565 2976 eorum
1582 2935 1654 2975 ne
1676 2919 2020 2975 memineris
2040 2936 2054 2984 ;
2072 2917 2177 2973 sed

532 3010 627 3065 fac
647 3024 786 3064 cum
811 3010 894 3064 eis
914 3007 1410 3063 misericordiam.
1439 3007 1504 3061 P.
1526 3010 1592 3061 Et
1615 3007 1831 3061 exaudi
1856 3007 2008 3072 illos,
2068 3020 2178 3077 pro

531 3096 752 3167 quibus
782 3095 1211 3149 invocaverunt
1231 3099 1283 3149 te
1302 3094 1573 3149 Domine.
1592 3093 1656 3153 il.
1682 3094 2050 3162 Convertere,
2070 3096 2177 3149 Do-
2213 3088 2253 3144 C

532 3182 714 3252 mine,
736 3181 1196 3253 aliquantulum,
1214 3185 1271 3236 et
1286 3179 1575 3236 delectare
1599 3196 1779 3251 super
1800 3196 2002 3235 servos
2024 3185 2175 3236 tuos.

532 3268 600 3326 P.
632 3271 699 3325 Et
718 3268 936 3324 exaudi
962 3266 1112 3323 illos.
1140 3266 1210 3326 ἲν.
1250 3267 1466 3332 Gloria,
1497 3270 1576 3324 et.
1606 3266 1933 3323 Reiteretur
1973 3278 2035 3333 ﬁ.

1151 3382 1219 3435 In
1246 3381 1567 3436 Laudibus.

604 3496 968 3566 Antiphom.
995 3496 1205 3553 Averte
1230 3495 1444 3552 faciem
1474 3501 1639 3553 tuam
1671 3497 1979 3569 apeccatis
1999 3495 2176 3553 meis:

533 3588 591 3643 et
609 3598 820 3641 omnes
844 3584 1187 3656 iniquitates
1206 3598 1375 3640 meas
1392 3583 1548 3639 dele.
1582 3585 1861 3640 Psatmus
1880 3600 1931 3639 L.

608 3671 835 3728 Oratio.
856 3672 1063 3728 Averte
1083 3672 1299 3728 faciem
1317 3676 1479 3728 tuam
1504 3688 1537 3729 a
1555 3674 1814 3745 peccatis
1837 3672 2056 3728 nostris
2077 3673 2186 3728 Do-

533 3759 814 3825 mine;et
840 3774 1052 3815 omnes
1104 3760 1442 3832 iniquitates
1472 3765 1709 3817 nostras
1754 3761 2185 3817 dele:remove

535 3847 614 3904 ab
643 3846 829 3903 oculis
843 3847 956 3901 tuis
986 3848 1282 3903 malorum
1297 3854 1639 3905 nostrarum
1655 3848 1887 3905 facinus
1917 3850 2187 3921 volupta-

534 3934 1069 4007 tum;nostraque
1106 3936 1469 3992 confessioni
1526 3937 1848 3993 clementer
1873 3941 2039 3992 tuum
2088 3937 2186 3993 ad-

534 4038 692 4096 pone
720 4023 991 4080 auditum
1024 4040 1037 4078 :
1068 4023 1364 4091 Miserere,
1411 4040 1783 4095 quaesumus,
1834 4025 2186 4095 rogantibus

534 4110 730 4177 nobis,
759 4110 865 4184 qui
889 4111 1183 4183 propitius
1202 4112 1442 4183 respicis
1463 4112 1523 4167 in
1541 4112 1829 4178 adversis,
1853 4118 1910 4169 et
1931 4113 2032 4185 qui
2055 4114 2187 4169 des-

534 4200 754 4273 peratis
765 4215 869 4256 cor
887 4200 1188 4272 paenitens
1204 4200 1417 4255 tribuis
1430 4200 1508 4256 ad
1526 4201 1964 4257 confessionem
1982 4202 2185 4271 gloria

534 4292 674 4345 tuae.
706 4288 818 4343 Sed
847 4289 993 4360 quia
1022 4288 1381 4344 Publicanus
1407 4304 1444 4345 a
1470 4289 1648 4359 longe
1679 4294 1842 4345 stans
1879 4296 1936 4347 et
1976 4307 2184 4362 percu-

2267 1559 2342 1615 de
2366 1557 2662 1622 omnibus,
2685 1555 3040 1611 utostendas
3066 1553 3353 1627 quoniam
3373 1565 3494 1607 non
3522 1550 3736 1620 injuste
3752 1549 3926 1620 judi-

2269 1648 2439 1703 casti.
2469 1648 2667 1717 Neque
2694 1660 2797 1699 rex
2824 1658 3019 1714 neque
3056 1646 3347 1713 tyrannus
3372 1639 3431 1694 in
3461 1641 3786 1709 conspectu
3817 1642 3928 1693 tuo

2199 1758 2240 1811 Β
2270 1734 2571 1807 inquirent
2610 1732 2684 1787 de
2712 1732 2804 1787 his
2823 1746 2975 1803 quos
2996 1727 3319 1801 perdidisti.
3353 1728 3499 1782 Cum
3521 1726 3601 1781 sis
3631 1740 3774 1795 ergo
3789 1726 3929 1796 jus-

2275 1827 2389 1889 tus,
2416 1822 2574 1893 juste
2604 1819 2810 1875 omnia
2853 1817 3123 1889 disponis
3153 1833 3167 1871 :
3203 1816 3400 1888 ipsum
3438 1829 3684 1886 quoque
3722 1813 3932 1886 puniri

2275 1911 2378 1984 qui
2406 1909 2603 1976 debet,
2648 1907 3035 1973 condemnas,
3073 1910 3129 1961 et
3159 1908 3427 1960 exterum
3458 1902 3721 1958 aestimas
3753 1906 3793 1957 ὲ,
3823 1907 3935 1959 tua

2275 2000 2505 2055 virtute.
2535 1996 2723 2053 Virtus
2749 1995 2909 2051 enim
2929 1999 3031 2049 tua
3050 1992 3287 2064 justitiaa
3304 1992 3536 2048 initium
3558 1994 3646 2046 est
3668 2007 3682 2045 :
3708 1990 3788 2046 ob
3810 1990 3933 2047 hoc

2278 2086 2441 2160 quod
2462 2089 2665 2141 noster
2695 2083 2979 2140 Dominus
3004 2097 3087 2148 es,
3110 2080 3390 2137 omnibus
3419 2084 3474 2134 te
3490 2094 3733 2151 parcere
3754 2078 3929 2134 facis.

2278 2176 2561 2231 Virtutem
2584 2174 2741 2229 enim
2772 2171 3054 2235 ostendis,
3086 2170 3191 2242 qui
3213 2185 3331 2225 non
3363 2169 3683 2225 credideris
3714 2184 3845 2224 esse
3868 2168 3934 2224 in

2278 2264 2490 2320 virtute
2521 2265 2972 2317 consummatus
3003 2277 3017 2326 ;
3051 2258 3158 2314 sed
3191 2259 3323 2323 hos,
3356 2257 3459 2329 qui
3491 2257 3707 2320 sciunt,
3739 2256 3935 2312 auda—

2280 2352 2435 2407 ciam
2448 2348 2726 2405 traducis.
2740 2351 2823 2403 Tu
2835 2352 3035 2403 autem
3048 2346 3394 2402 Dominator
3406 2344 3657 2400 Domine
3670 2344 3932 2407 virtutis,

2288 2441 2331 2509 1
2344 2440 2395 2510 3
2410 2441 2453 2508 ι
2490 2453 2628 2494 cum
2644 2435 3063 2508 tranquillitate
3075 2436 3095 2505 j
3108 2434 3307 2490 udicas
3328 2438 3691 2504 peccatores,
3707 2437 3765 2488 et
3785 2448 3932 2488 cum

2280 2542 2502 2597 magna
2531 2524 2858 2581 reverentia
2882 2522 3148 2595 disponis
3172 2537 3286 2578 nos
3314 2543 3327 2579 :
3362 2521 3565 2577 subest
3592 2521 3753 2577 enim
3796 2520 3932 2587 tibi,

2282 2631 2419 2671 cum
2449 2613 2648 2679 velles,
2675 2628 2873 2684 posse.
2924 2612 3182 2667 Docuisti
3225 2610 3387 2666 enim
3427 2610 3723 2682 populum
3755 2615 3937 2665 tuum

2282 2718 2389 2775 per
2401 2702 2540 2759 talia
2561 2716 2760 2772 opera,
2779 2700 3064 2772 quoniam
3078 2704 3310 2770 oportet
3321 2700 3341 2769 j
3354 2703 3550 2754 ustum
3570 2714 3700 2754 esse
3715 2698 3937 2753 buma-

2284 2805 2453 2857 num,
2484 2794 2540 2845 et
2566 2792 2730 2844 bona
2754 2801 2859 2857 spe
2894 2786 3081 2841 fecisti
3120 2786 3273 2842 ﬁlios
3302 2791 3467 2851 tuos;
3499 2785 3792 2857 quoniam
3818 2785 3938 2840 das

2284 2878 2483 2934 locum
2518 2877 2579 2933 in
2618 2876 2874 2948 peccatis
2920 2875 3305 2946 panitentia.
3355 2875 3412 2930 Si
3459 2874 3614 2930 enim
3651 2874 3942 2929 inimicos

2288 2982 2597 3023 servorum
2640 2970 2899 3035 tuorum,
2956 2970 3011 3019 et
3053 2964 3287 3019 debitos
3337 2964 3530 3031 morti,
3570 2979 3709 3019 cum
3762 2968 3944 3020 tanta

2287 3054 2563 3111 cruciasti
2594 3054 2927 3116 attentione,
2962 3056 3018 3107 et
3050 3052 3311 3108 liberasti
3352 3052 3505 3107 dans
3551 3056 3815 3123 tempus,
3886 3057 3945 3108 et

2284 3143 2505 3209 locum,
2523 3157 2629 3212 per
2652 3156 2831 3212 quem
2857 3145 3112 3211 possunt
3134 3138 3411 3195 mundari
3437 3156 3465 3193 e
3493 3139 3722 3195 malitia
3746 3156 3765 3203 ;
3796 3156 3943 3195 cum

2286 3236 2513 3304 quanta
2562 3228 2864 3298 diligentia
2920 3227 3199 3298 judicasti
3255 3228 3408 3283 ﬁlios
3456 3232 3610 3293 tuos,
3671 3242 3947 3298 quorum

2288 3316 2635 3391 parentibus
2652 3317 2994 3386 juramenta
3009 3321 3064 3371 et
3081 3316 3542 3372 conventionem
3567 3331 3819 3371 suarum
3837 3316 3949 3371 de-

2289 3406 2425 3461 disti
2455 3404 2927 3477 promissionum
2948 3404 2975 3458 ?
3006 3404 3150 3459 Cum
3180 3419 3322 3473 ergo
3352 3403 3529 3459 nobis
3551 3404 3947 3475 disciplinam

2291 3494 2419 3564 das,
2482 3493 2756 3548 inimicos
2795 3497 3033 3548 nostros
3082 3492 3485 3565 multipliciter
3538 3492 3837 3563 ﬂagellas,
3884 3500 3947 3550 ut

2290 3582 2617 3639 bonitatem
2646 3586 2810 3637 tuam
2832 3581 3178 3651 cogitemus,
3195 3581 3533 3651 iudicantes
3568 3600 3579 3637 :
3614 3586 3671 3638 et
3696 3597 3843 3637 cum
3871 3584 3948 3639 de

2291 3670 2465 3727 nobis
2476 3671 2495 3741 j
2508 3670 2795 3736 udicatur,
2812 3686 3118 3742 speremus
3136 3670 3627 3727 misericordiam.
3649 3682 3713 3739 Bx.
3730 3673 3948 3727 Amen.

2362 3760 2660 3828 Hymnus.
2678 3758 3055 3828 Benignitatis
3072 3757 3206 3813 fons
3232 3758 3403 3826 Deus,
3418 3760 3943 3829 etc.Supplicatio.

2295 3849 2542 3905 Oremus
2572 3847 3044 3918 Redemptorem.
3081 3847 3292 3913 Quare
3307 3848 3420 3917 fol.
3449 3851 3539 3906 69.

2368 3936 2670 4005 Capitula.
2706 3935 3141 4005 Erubescimus,
3172 3936 3510 4000 Domine,te
3530 3941 3771 4008 patrem
3796 3938 3950 3993 voci-

2293 4024 2408 4081 bus
2433 4024 2753 4095 appellare,
2772 4025 2875 4096 qui
2900 4024 3160 4080 ﬁliorum
3203 4024 3516 4081 amisimus
3546 4026 3909 4094 dignitatem
3935 4046 3946 4082 :

2295 4113 2400 4168 sed
2423 4113 2564 4185 quia
2594 4118 2844 4184 paterno
2869 4113 3089 4170 affectu
3136 4128 3249 4168 nos
3278 4113 3497 4178 salvas,
3531 4130 3672 4169 cum
3709 4116 3788 4170 de
3817 4132 3950 4186 pro-

2295 4202 2437 4274 priis
2468 4201 2696 4257 delictis
2717 4217 2829 4257 nos
2854 4202 3120 4272 judicas;
3146 4202 3316 4267 adeo,
3351 4207 3406 4257 et
3435 4202 3483 4257 si
3537 4203 3775 4273 indigni
3822 4204 3940 4268 ﬁlii,

2294 4294 2555 4361 paterna
2573 4295 2772 4345 tamen
2798 4306 3032 4361 precem
3068 4290 3376 4345 fundimus
3400 4290 3622 4361 pietati,
3653 4297 3944 4363 petentes,

536 4376 685 4433 tiens
715 4379 923 4447 pectus
950 4392 1146 4441 suum,
1183 4376 1311 4431 sola
1331 4377 1707 4433 confessione
1738 4382 2031 4450 purgatus
2058 4383 2181 4444 est;
2218 4409 2260 4461 Ι)
2297 4382 2359 4433 ut
2388 4378 2448 4433 in
2468 4378 2582 4433 hoc
2610 4382 2827 4433 nostra
2856 4377 3191 4434 afﬂictionis
3232 4383 3517 4450 tempore,
3548 4384 3829 4435 nostrum
3857 4381 3947 4450 ju-

535 4464 803 4521 similiter
830 4470 889 4521 et
908 4480 1019 4521 nos
1048 4470 1392 4537 peccatores
1422 4467 1639 4523 exaudi
1669 4485 1681 4522 :
1704 4472 1767 4523 ut
1791 4468 1940 4524 sicut
1958 4468 2041 4523 illi
2065 4484 2184 4523 me-

532 4552 678 4609 ritos
723 4553 1026 4625 petitionis
1056 4570 1179 4609 suae
1224 4554 1447 4610 fructus
1475 4554 1713 4611 donasti
1744 4573 1756 4622 ;
1784 4557 1865 4612 ita
1910 4560 1966 4611 et
2007 4556 2185 4611 nobis

536 4642 1013 4714 supplicantibus
1036 4642 1298 4713 indignis
1316 4644 1501 4700 servis
1528 4644 1641 4700 tuis
1665 4645 1899 4701 veniam
1921 4644 2184 4715 digneris

529 4731 879 4802 impendere
903 4732 1185 4803 peccatis.
1224 4744 1285 4803 Bg.
1318 4735 1537 4792 Amen.

602 4819 708 4875 Per
734 4819 1226 4876 misericordiam.

603 4908 700 4962 Ad
719 4908 1048 4966 Canticum.
1099 4910 1463 4981 Antiphona.
1497 4914 1575 4967 Ne
1597 4910 1952 4967 extermines
1996 4925 2183 4982 popu-

530 4994 656 5050 lum
683 5001 869 5062 tuum,
908 4998 1195 5068 Domine;
1229 5007 1285 5056 et
1334 5000 1721 5057 hereditatem
1768 5004 1955 5067 tuam,
1993 5014 2180 5071 quam

530 5082 818 5141 liberasti.

603 5174 937 5233 Canticum.
980 5178 1243 5243 Domine,
1280 5178 1552 5245 Domine,
1582 5193 1686 5234 rex
1726 5177 1979 5234 deorum
2009 5176 2180 5233 calo-

528 5278 683 5321 rum.
721 5264 931 5333 Quare
950 5267 1065 5337 fol.
1111 5268 1233 5322 103.

598 5354 1057 5411 Matutinarium
1072 5353 1600 5421 Antiphona.Deus
1613 5354 1956 5412 misereatur
1968 5354 2179 5424 nostri,

529 5441 1094 5507 etbenedicatnobis
1121 5456 1135 5495 :
1167 5440 1241 5495 P.
1255 5438 1792 5498 llluminetvultum
1811 5458 1986 5499 suum
2000 5454 2180 5513 super

529 5540 659 5585 nos.
694 5528 756 5588 ν.
791 5531 861 5585 Ut
878 5541 1317 5597 cognoscamus
1356 5526 1417 5583 in
1470 5530 1625 5584 terra
1669 5528 1829 5586 viam
1878 5534 2044 5594 tuam
2075 5545 2089 5585 :
2117 5529 2178 5585 in

2292 4464 2439 4520 beas
2459 4468 2769 4536 peccatum
2796 4465 3085 4521 dimittere
3120 4484 3132 4517 :
3165 4482 3307 4538 quo,
3335 4471 3393 4521 et
3414 4466 3462 4520 si
3493 4466 3720 4521 meritis
3742 4468 3952 4539 nequi-

2294 4568 2448 4617 mus,
2483 4552 2678 4608 saltim
2709 4551 2922 4608 aﬁ'ectu
2952 4552 3171 4618 cordis,
3214 4558 3266 4609 te
3297 4558 3527 4624 patrem
3569 4554 3949 4623 invocemus,

2296 4644 2474 4713 atque
2505 4641 2782 4697 dicamus
2826 4661 2839 4697 :

2365 4732 2532 4786 Pater
2554 4734 2772 4786 noster.
2805 4733 2869 4786 Et
2899 4746 2973 4786 ne
3003 4746 3132 4787 nos.
3167 4732 3208 4786 A
3259 4730 3418 4787 malo
3465 4745 3576 4787 nos
3617 4730 3796 4800 libra,
3829 4736 3943 4788 etc.

2297 4819 2505 4887 Quare
2529 4819 2643 4887 fol.
2689 4821 2770 4872 10.

2365 4906 2677 4963 Humiliate
2693 4922 2800 4961 vos
2818 4905 3236 4962 benedictioni.

2363 4994 2651 5051 Dominus
2682 4996 2754 5049 sit
2782 5010 3039 5065 semper.
3070 5006 3134 5063 Br.
3169 4997 3232 5049 Et
3263 5010 3422 5049 cum.

2363 5084 2589 5141 Lauda.
2644 5084 2995 5153 Irascimini,
3038 5088 3092 5138 et
3126 5083 3305 5138 nolite
3341 5096 3589 5154 peccare
3620 5103 3633 5141 :
3668 5084 3947 5141 Alleluia.

2292 5174 2471 5230 Dicite
2498 5174 2559 5229 in
2592 5172 2872 5229 cordibus
2904 5172 3131 5237 vestris,
3167 5171 3435 5226 Alleluia.
3460 5173 3531 5226 P.
3556 5174 3623 5226 Et
3650 5173 3715 5228 in
3740 5174 3951 5229 cubili-

2290 5260 2407 5315 bus
2418 5261 2628 5316 vestris
2642 5258 3947 5332 compungimini.Alleluia,alleluia,alleluia.

2288 5348 2350 5409 ἲν.
2380 5349 2714 5405 Sacriﬁcate
2745 5348 3104 5405 sacriﬁcium
3120 5347 3383 5418 justitia,
3406 5352 3644 5419 sperate
3661 5351 3727 5404 in
3751 5350 3955 5406 Domi-

2288 5436 2777 5495 no.Multidicunt
2809 5457 2821 5497 :
2856 5437 2998 5503 Quis
3010 5437 3453 5494 ostenditnobis
3467 5437 3677 5494 bona?
3697 5439 3764 5493 P.
3785 5441 3853 5495 Et
3868 5440 3949 5494 in-

2357 5526 3117 5597 Benedictio.0mnipotens
3130 5525 3823 5597 Deus,quiobindictum
3834 5528 3949 5586 hoc
