4102 6176
360 217 466 274 259

1102 334 1393 404 Hymnus.

579 449 825 506 Alleluia
851 447 964 520 piis
991 448 1142 503 edite
1171 448 1469 520 laudibus,

509 539 674 595 Cives
707 535 964 601 aetherei,
998 535 1228 606 psallite
1250 535 1608 592 unanimiter

929 618 1178 675 Alleluia
1207 635 1480 690 perenne.

581 709 725 764 Hinc
767 723 871 764 vos
895 707 1165 779 perpetui
1191 707 1432 763 luminis
1453 705 1670 763 accolae

505 797 595 853 Ad
620 811 926 852 summum
938 799 1209 851 resonate
1233 793 1584 866 hymniferis
1621 791 1815 850 choris

928 882 1176 939 Alleluia
1214 898 1492 955 perenne.

573 975 687 1028 Vos
716 970 865 1026 Urbs
893 970 1112 1026 eximia
1137 971 1411 1042 suscipiet
1436 970 1556 1033 Dei,

505 1063 646 1126 Quae
677 1059 824 1113 laetis
853 1071 1142 1114 resonans
1173 1058 1463 1121 cantibus,
1497 1056 1707 1113 excitat

926 1144 1170 1200 Alleluia
1188 1160 1467 1216 perenne.

566 1232 742 1288 Felici
770 1232 961 1287 reditu
988 1232 1210 1301 gaudia
1240 1233 1474 1299 sumite,

498 1321 831 1378 Reddentes
866 1321 1118 1376 Domino
1147 1321 1480 1389 gloriﬁcum
1505 1319 1712 1382 melos,

923 1407 1170 1465 Alleluia
1196 1424 1466 1479 perenne.

571 1496 809 1552 Almum
835 1495 1077 1552 sidereae
1099 1498 1227 1566 jam
1257 1497 1459 1554 Patriae
1499 1498 1681 1553 decus

502 1584 762 1641 Victores
779 1585 1003 1656 capite,
1022 1600 1144 1656 quo
1157 1601 1370 1641 canere
1400 1585 1636 1656 possitis

919 1600 971 1640 te
1069 1601 1370 1641 uocanere
1400 1601 1490 1656 po:

919 1600 1168 1712 Aileiuia
1211 1671 1490 1726 perenne.

574 1740 692 1796 Illic
719 1741 892 1811 Regis
921 1742 1116 1798 honor
1139 1743 1384 1799 vocibus
1413 1742 1648 1814 inclytis

508 1828 851 1885 Jocundum
877 1829 1086 1885 reboat
1113 1831 1376 1886 carmine
1405 1830 1698 1902 perpetim

926 1917 1168 1974 Alleluia
1199 1933 1478 1989 perenne.

572 2007 692 2060 Hoc
719 2004 892 2059 fessis
911 2007 1167 2076 requies,
1198 2007 1312 2062 hoc
1345 2007 1532 2071 cibus,
1563 2005 1678 2062 hoc
1701 2007 1877 2077 potus

504 2091 818 2150 Oblectans
851 2093 1120 2160 reduces,
1153 2094 1470 2150 haustibus
1499 2094 1751 2151 afﬂuens

896 2181 1149 2238 Alleluia
1176 2198 1457 2254 perenne.

573 2271 646 2324 Te
676 2269 1016 2325 suavisonis
1047 2270 1319 2326 conditor
1345 2270 1571 2326 affatim

374 2356 545 2428 138
570 2359 785 2412 Rerum
824 2358 1202 2426 carminibus,
1230 2358 1528 2429 laudeque
1554 2357 1874 2430 pangimus

934 2445 1180 2501 Alleluia
1209 2461 1487 2516 perenne.

576 2536 650 2588 Te
680 2532 902 2587 Christe
940 2533 1201 2588 celebrat
1229 2533 1414 2601 gloria
1443 2533 1686 2589 vocibus

544 2619 766 2676 Nostris
796 2621 1194 2690 omnipotens,
1229 2636 1298 2676 ac
1319 2620 1416 2676 tibi
1445 2621 1701 2677 dicimus
1727 2638 1741 2677 :

964 2707 1213 2761 Alleluia
1238 2723 1518 2777 perenne.

956 2793 1202 2850 Alleluia
1223 2809 1503 2866 perenne.

571 2883 780 2937 Amen.

435 3048 822 3115 Supplicatio.
845 3049 1094 3102 Oremus
1114 3049 1573 3121 Redemptorem
1589 3052 2002 3109 mundiDomi—

364 3151 511 3190 num
534 3139 802 3190 nostrum
819 3136 846 3189 J
853 3151 1022 3190 esum
1048 3136 1342 3193 Christum
1365 3154 1502 3194 cum
1535 3141 1698 3195 omni
1715 3141 2002 3212 supplica-

367 3223 523 3278 tione
559 3238 877 3292 rogemus;
911 3227 975 3278 ut
1002 3239 1112 3279 nos
1139 3225 1327 3292 gratia
1357 3226 1567 3296 ipsius,
1604 3231 1660 3283 et
1697 3243 1802 3298 per
1833 3228 2006 3284 inter-

367 3311 697 3366 cessionem
713 3313 941 3367 Sanctaa
964 3313 1155 3367 Mariae
1181 3313 1456 3383 Virginis,
1474 3319 1530 3370 et
1564 3315 1860 3385 genitricis
1882 3331 2004 3372 sum

365 3404 429 3456 ut
451 3405 658 3456 sancto
691 3405 946 3472 tempore
974 3401 1458 3472 Quadragesimaa
1496 3403 1669 3459 nobis
1717 3404 2005 3460 remissio-

365 3502 496 3543 nem
522 3494 923 3558 peccatorum,
950 3494 1005 3544 et
1028 3505 1242 3560 pacem
1264 3490 1434 3546 nobis
1462 3491 1688 3547 donare
1709 3493 2003 3563 dignetur.

439 3577 724 3646 Capitula.
754 3575 1000 3632 Alleluia
1030 3578 1091 3632 in
1144 3580 1312 3646 caelo,
1355 3581 1494 3636 etin
1525 3584 1702 3637 terra:
1750 3581 1811 3637 in
1853 3581 2002 3638 ccelo

365 3668 770 3735 perpetuatur,
800 3668 857 3719 et
877 3664 935 3719 in
979 3670 1130 3720 terra
1147 3668 1538 3723 cantatur.lbi
1556 3675 1727 3726 sonat
1743 3670 1996 3740 jugiter:

363 3752 457 3808 hic
499 3751 764 3807 fideliter.
790 3751 910 3807 Illic
938 3755 1290 3824 perenniter,
1321 3757 1413 3810 hic
1444 3758 1716 3814 suaviter.
1745 3758 2002 3814 111101011-

362 3841 525 3909 citer,
569 3841 663 3895 hic
715 3841 1108 3897 concorditer.
1151 3842 1266 3899 Illic
1307 3844 1709 3912 ineffabiliter;
1743 3847 1837 3902 hic
1878 3847 2001 3902 ins-

360 3932 568 3984 tanter.
609 3928 724 3984 illic
754 3929 1139 4000 sinesyllabis
1171 3931 1296 3987 :hic
1314 3934 1592 3989 modulis.
1625 3935 1739 3991 Illic
1785 3935 1861 3992 ab
1891 3938 2003 3992 An-

360 4016 534 4086 gelis:
555 4017 698 4074 hica
718 4017 1177 4090 Populis.Quam
1193 4021 1420 4077 Christo
1441 4024 1690 4080 Domino
1720 4029 2000 4082 nascente

357 4105 419 4159 in
445 4105 622 4161 laude
651 4113 707 4162 et
756 4106 1129 4163 confessione
1158 4109 1334 4164 nimis
1365 4111 1511 4180 ejus,
1553 4128 1675 4168 non
1702 4113 1895 4169 solum
1941 4116 2001 4170 in

358 4193 528 4262 coelo,
559 4196 661 4249 sed
685 4199 741 4250 et
766 4195 825 4249 in
844 4199 996 4251 terra
1022 4196 1304 4253 Caelicolae
1317 4200 1680 4256 cecinerunt:
1710 4200 1856 4256 dum
1879 4202 2001 4272 glo-

1594 197 2051 263 BREVIARIUM
2089 196 2478 259 GOTHIGUM.

2032 323 2081 378 A
2111 322 2374 380 Alleluia.
2413 323 2481 384 77.
2523 326 2586 378 In
2615 320 2894 379 manibus
2941 318 3101 376 enim
3147 317 3270 374 suis
3306 316 3637 388 portabunt
3661 320 3758 377 te:

3649 194 3762 251 260

2110 426 2185 466 ne
2210 427 2479 483 unquam
2518 411 2791 468 offendas
2840 409 2918 466 ad
2950 406 3214 479 lapidem
3236 405 3453 477 pedem
3475 409 3670 462 tuum.
3695 409 3759 463 P.

2111 502 2177 556 Et
2198 499 2430 556 iterum.
2460 501 2522 561 ιὶν.
2556 500 2772 564 Gloria,
2801 504 2861 554 et
2884 497 3099 553 honor.
3131 495 3416 552 Psalmus
3441 509 3536 551 xc.

2179 590 2374 658 Kyrie,
2400 589 2642 645 ele'ison.
2659 601 2723 658 ἢ.
2740 587 2979 652 Christe,
2997 585 3244 641 ele'ison.
3286 583 3485 655 Kyrie,
3501 583 3756 641 eleison.

2179 679 2345 732 Pater
2354 683 2573 733 noster.

2179 763 2386 821 Preces
2399 807 2411 821 .
2435 765 2683 821 Domine
2694 764 2807 820 mis
2815 761 3241 819 ericordiarum
3256 759 3609 817 obliviscere
3621 775 3760 832 pec-

2109 855 2243 908 cata
2265 858 2489 910 nostra.
2522 858 2586 909 In
2609 852 2904 924 principio
2920 851 3137 907 creasti
3166 849 3401 916 caelum,
3426 852 3484 905 et
3505 854 3755 919 terram,

2109 939 2172 994 P.
2205 941 2563 998 Obliviscere
2599 946 2866 1013 peccata,
2900 940 2961 1001 νιν.
2987 941 3097 1005 Qui
3123 939 3315 995 fecisti
3334 937 3641 995 hominem
3670 938 3755 995 ad

2106 1027 2454 1097 imaginem,
2485 1034 2540 1086 et
2566 1028 3013 1085 similitudinem
3055 1032 3246 1095 tuam,
3276 1030 3335 1082 P.
3369 1026 3749 1084 Obliviscere.

2107 1115 2170 1175 V.
2196 1119 2262 1171 In
2282 1117 2557 1173 omnibus
2588 1117 2865 1187 gentibus
2885 1131 2957 1173 ex
2984 1115 3291 1173 Abraham
3339 1115 3752 1188 multiplicasti

2107 1205 2454 1276 populos.P.
2488 1205 2864 1262 Obliviscere.

2181 1300 2404 1356 Oratio.
2444 1299 2670 1356 Exaudi
2686 1301 3019 1357 orationem
3043 1301 3312 1355 nostram
3338 1296 3585 1354 Domine
3610 1313 3623 1363 ;
3658 1311 3760 1369 ge-

2106 1387 2654 1459 mitusque'nostros
2668 1389 2912 1444 auribus
2941 1387 3184 1460 percipe
3200 1403 3212 1442 :
3231 1401 3342 1442 nos
3354 1386 3514 1442 enim
3540 1386 3758 1457 iniqui-

2107 1479 2254 1531 tates
2266 1481 2502 1533 nostras
2546 1477 2959 1547 agnoscimus;
3000 1479 3057 1530 et
3081 1474 3296 1530 delicta
3324 1477 3529 1530 nostra
3545 1487 3756 1531 coram

2106 1567 2162 1619 te
2191 1564 2540 1635 pandimus:
2582 1565 2690 1620 tibi
2720 1566 2872 1621 Deus
2895 1563 3280 1636 peccavimus
3306 1580 3323 1633 ;
3355 1561 3580 1633 tibique
3611 1576 3756 1618 con-

2039 1646 2080 1702 B
2106 1653 2339 1708 ﬁtentes
2366 1655 2601 1711 veniam
2628 1653 3030 1726 exposcimus.
3079 1655 3147 1708 Et
3177 1651 3320 1724 quia
3351 1651 3676 1707 recesimus
3717 1666 3756 1709 a

2106 1741 2408 1798 mandatis
2428 1744 2543 1797 tuis
2575 1747 2659 1811 ;et
2679 1742 2796 1812 legi
2822 1747 2938 1798 tuas
2961 1740 3206 1797 minime
3230 1740 3573 1812 paruimus;
3604 1754 3752 1796 con-

2106 1834 2328 1886 vertere
2354 1829 2602 1887 Domine
2639 1846 2818 1902 super
2847 1846 3049 1887 servos
3081 1833 3233 1900 tuos,
3257 1843 3409 1900 quos
3426 1826 3749 1892 redemisti,

2107 1918 2398 1986 sanguine
2430 1922 2549 1974 tuo.
2582 1918 2847 1988 lndulge,
2867 1916 3415 1989 quaesumus,nobis
3431 1933 3444 1982 ;
3463 1917 3754 1987 etlpecca—

2107 2006 2180 2063 tis
2199 2006 2415 2062 nostris
2451 2007 2694 2062 veniam
2724 2006 2951 2062 tribue:
2991 2010 3227 2077 tuaique
3266 2004 3499 2077 pietatis
3525 2003 3754 2061 miseri-

2109 2094 2374 2152 cordiam
2390 2095 2452 2150 in
2477 2094 2647 2152 nobis
2672 2094 2875 2166 largiri
2904 2094 3176 2163 dignare.
3210 2104 3281 2164 Rt.
3311 2093 3522 2150 Amen.

2673 2191 2766 2247 Ad
2793 2192 3178 2247 Matutinum.

2180 2278 2460 2350 Hymnus.
2480 2281 2710 2335 Eterne
2740 2295 2938 2335 rerum
2963 2277 3264 2334 Conditor.
3301 2277 3410 2347 fol.
3447 2281 3500 2333 2.

2183 2368 2401 2423 Oratio.
2432 2369 2840 2439 Omnipotens,
2875 2371 3111 2432 aeterne,
3139 2369 3196 2423 et
3216 2365 3551 2422 misericors
3575 2363 3751 2436 Deus,

2111 2455 2214 2526 qui
2236 2459 2570 2527 temporum
2597 2455 2703 2511 das
2735 2459 3032 2527 tempora;
3066 2455 3168 2528 qui
3209 2454 3458 2526 singulis
3486 2453 3764 2526 tempori-

2111 2543 2224 2598 bus
2237 2541 2346 2598 das
2363 2542 2824 2615 gratiam,quam
2835 2543 3280 2600 administrent:
3297 2547 3357 2599 tu
3368 2542 3612 2598 veniens
3625 2557 3764 2614 pro-

2111 2630 2391 2686 lixitatem
2419 2631 2800 2688 tenebrarum
2819 2636 3128 2700 exeestuas,
3144 2635 3201 2687 et
3230 2630 3386 2701 gallo
3412 2647 3522 2686 nos
3549 2645 3763 2687 conso-

2111 2717 2253 2774 laris
2271 2722 2767 2788 canente,utdum
2790 2737 2983 2793 praeco
3001 2720 3117 2776 diei
3141 2719 3533 2787 sonat,diurni
3559 2719 3762 2792 operis

2113 2807 2417 2864 meditatio
2448 2807 2762 2866 reviviscat
2790 2828 2802 2865 :
2826 2809 3052 2881 respice
3091 2824 3232 2879 ergo
3278 2824 3391 2864 nos
3418 2808 3654 2879 jugiter,
3690 2810 3754 2864 et

2111 2895 2350 2964 instiga,
2390 2912 2465 2952 ne
2489 2897 2802 2968 profunda
2837 2897 3024 2954 noctis
3063 2912 3257 2953 errore
3283 2895 3568 2968 persuasi,
3601 2895 3758 2952 obli-

2036 2984 2078 3042 C
2112 2983 2416 3040 viscamur
2443 2986 2754 3057 perennis;
2781 2985 2892 3044 sed
2917 2985 3183 3042 labentes
3203 2986 3262 3041 in
3299 2983 3551 3040 tenebris
3569 2985 3755 3054 erige,

2115 3076 2169 3128 et
2198 3072 2453 3128 vivendo
2481 3089 2594 3128 nos
2625 3074 2958 3146 corrigezut
2982 3091 3121 3130 cum
3150 3077 3314 3130 Petro
3330 3072 3757 3145 resipiscamus

2114 3163 2323 3226 errata,
2371 3164 2427 3216 et
2481 3161 2729 3232 paribus
2770 3161 3097 3234 lachrymis
3137 3161 3383 3220 crimina
3424 3159 3758 3219 deﬂeamus

2115 3248 2459 3305 commissa.
2499 3260 2560 3319 BI.
2594 3254 2807 3306 Amen.

2186 3340 2291 3392 Per
2320 3338 2815 3395 misericordiam.

2184 3427 2553 3496 Antiphona.
2588 3427 2755 3483 Salus
2784 3431 2888 3484 tua
2916 3427 3162 3484 Domine
3228 3441 3406 3499 super
3460 3423 3762 3499 populum

2112 3516 2302 3579 tuum,
2328 3519 2382 3569 et
2405 3513 2735 3570 benedictio
2766 3519 2884 3571 tua.
2919 3517 3198 3572 Psalmus
3224 3532 3306 3570 III.

2183 3603 2318 3658 Alia
2346 3603 2859 3675 Antz'phona.,Dele
2892 3604 3137 3661 Domine
3187 3602 3530 3677 iniquitates
3560 3617 3750 3660 meas.

2109 3691 2395 3748 Psalmus
2408 3708 2457 3746 L.

2178 3780 2526 3852 Antiphona.
2552 3778 2835 3837 Clamabo
2863 3780 2941 3836 ad
2960 3780 3310 3836 Dominum:
3336 3780 3520 3836 Deum
3549 3779 3763 3837 altissi-

2108 3885 2269 3925 mum
2309 3869 2412 3942 qui
2448 3869 2733 3925 benefecit
2753 3870 2920 3925 mihi.
2950 3871 3234 3926 Psalmus
3256 3885 3363 3925 va.

2183 3958 2400 4014 Oratio.
2426 3957 2662 4014 Discute
2686 3973 2722 4014 a
2750 3958 2925 4014 nobis
2958 3957 3267 4027 Unigenite
3298 3955 3542 4026 ingeniti
3573 3956 3763 4012 Patris

2111 4061 2393 4102 somnum
2413 4045 2678 4118 corporis
2696 4063 2708 4112 ;
2726 4046 3052 4102 etclemens
3071 4044 3330 4117 placitus
3345 4043 3563 4100 nostris
3581 4059 3764 4116 parce

2110 4133 2398 4206 piaculis:
2441 4138 2506 4188 ut
2551 4133 2732 4188 modo
2781 4133 3231 4206 redemptorum
3259 4131 3431 4203 copia
3481 4130 3595 4202 piis
3643 4129 3758 4186 fre-

2112 4227 2354 4295 quentet
2383 4221 2612 4293 vigiliis,
2643 4222 2879 4294 tuisque
2929 4221 3112 4291 digna
3130 4221 3424 4277 habeatur
3452 4219 3762 4276 obtutibus

541 4283 601 4337 in
622 4283 1083 4384 θξςξθῙείεθθοςξδί
1109 4288 1399 4384 P3099130
1427 4292 1582 4345 terra
1601 4288 1777 4345 b01189
1797 4291 2005 4384 V0111”
2034 4329 2078 4384 Ι)
2115 4282 2323 4366 sacris:
2359 4314 2414 4364 et
2434 4282 2598 4380 quod
2629 4282 2803 4364 nunc.
2829 4307 2968 4364 serit
3011 4307 3293 4378 ignobilis
3322 4306 3516 4363 carnis
3545 4305 3765 4378 fragili-

356 4371 848 4426 tatishominibus
870 4374 1668 4441 nuntiaveruntouaesumus
1700 4394 1862 4449 ergo,
1892 4382 2000 4435 Do-

357 4459 611 4527 mine,ut
638 4476 897 4532 quorum
924 4462 1250 4519 ministeria
1265 4464 1735 4523 nitimurimitari
1757 4467 2000 4524 laudan-

358 4549 661 4614 do,eorum
678 4566 916 4606 meream
926 4567 995 4605 ur
1006 4553 1358 4608 consortium
1373 4554 1560 4612 beatae
1573 4557 1705 4612 vitae
1724 4556 2002 4612 vivendo:

427 4639 598 4695 Pater
628 4644 845 4695 noster.
883 4640 1130 4698 Liberati
1157 4659 1192 4699 a
1223 4643 1407 4700 malo.
1450 4647 1557 4713 fol.
1593 4649 1643 4700 '2.

427 4743 788 4800 Benedictio.
812 4744 1214 4819 Alleluia,qum
1241 4749 1614 4806 ineffabiliter
1635 4750 2005 4807 concinnitur

356 4830 416 4886 in
442 4830 634 4895 Caelis,
651 4833 942 4889 efﬁcatius
965 4836 1370 4893 declareturin
1391 4839 1669 4895 laudibus
1695 4839 1920 4894 vestris.
1938 4851 2002 4908 Η.

356 4921 570 4972 Amen.
587 4920 797 4989 thuae
816 4922 931 4978 illic
955 4925 1081 4980 sine
1097 4925 1532 4982 intermissione
1557 4928 1909 4984 decantatur
1928 4929 2005 4985 ab

353 5005 612 5076 Angelis,
644 5007 739 5063 hic
772 5025 876 5081 per
913 5017 1221 5068 momenta
1265 5012 1532 5069 aﬂ‘ectius
1559 5016 1947 5072 concinnatur
1972 5033 2008 5074 a

356 5094 598 5168 Populis
618 5099 1004 5168 universis.R-.
1030 5107 1218 5155 Amen
1243 5119 1254 5155 :
1278 5103 1345 5156 Ut
1371 5102 1500 5157 11th
1525 5104 1676 5176 ipsa,
1710 5123 1845 5178 quae
1876 5107 2008 5165 laus

353 5183 564 5242 dicitur
604 5187 724 5250 Dei.
750 5189 810 5244 in
841 5204 1029 5258 eaque
1071 5203 1230 5242 nunc
1273 5189 1448 5246 laude
1477 5192 1694 5250 initiari
1751 5197 2007 5268 populos

357 5272 755 5338 facit,azternaz
776 5295 881 5332 vos
901 5276 1198 5332 adscribat
1212 5279 1404 5334 socios
1423 5285 1724 5338 mansioni.
1739 5288 2006 5354 ILAmen,

435 5363 662 5422 Lauda.
704 5367 846 5432 Ibis,
894 5365 1151 5421 Alleluia.
1186 5366 1545 5441 Prosperum
1606 5371 1710 5428 iter
1731 5373 2005 5432 habebis.

362 5448 629 5511 Alleluia.
665 5455 1025 5513 P.Etiterum
1043 5471 1180 5513 cum
1201 5457 1422 5530 gaudio
1449 5461 1763 5518 revertaris
1777 5463 1857 5520 ad
1875 5479 2006 5523 nos.

2114 4401 2233 4466 tas;
2262 4396 2581 4452 divinitatis
2598 4400 2713 4452 tua:
2741 4395 2901 4451 dono
2931 4400 3136 4465 surgat
3155 4396 3216 4450 in
3245 4395 3457 4465 gloria:
3481 4397 3564 4450 Tu
3583 4393 3768 4464 igitur

2114 4487 2359 4543 Domine
2390 4485 2616 4540 cunctis
2647 4485 2708 4539 in
2739 4489 2791 4540 te
2819 4481 3260 4540 conﬁdentibus
3307 4484 3594 4553 juvamen
3649 4481 3766 4539 lar-

2115 4578 2245 4647 gius
2273 4575 2551 4646 impende
2572 4594 2584 4643 ;
2612 4578 2668 4630 et
2680 4574 2756 4630 ad
2777 4590 3100 4646 supernam
3113 4574 3368 4645 patriam
3382 4573 3613 4630 alarum
3635 4575 3764 4632 tua-

2112 4682 2249 4721 rum
2274 4663 2732 4719 obumbratione
2763 4679 2873 4718 nos
2898 4663 3144 4719 attrahe.
3177 4673 3245 4732 Ir.
3280 4662 3488 4718 Amen.

2184 4754 2292 4807 Per
2312 4751 2780 4807 misericordiam
2808 4756 2997 4808 tuam.

2184 4841 2523 4910 Antiphona
2551 4839 2726 4895 LFilii
2746 4840 3057 4895 hominum
3081 4856 3096 4892 :
3111 4837 3365 4894 simulin
3380 4851 3569 4893 unum
3589 4834 3760 4892 dives

2115 4934 2171 4987 et
2198 4943 2444 5003 pauper.
2480 4931 2536 4982 P.
2565 4926 2919 4982 lnclinemus
2943 4927 3062 4982 Deo
3083 4925 3267 4982 corda
3297 4929 3518 4990 nostra,
3554 4927 3618 4980 ut
3637 4937 3765 4979 non

2115 5019 2436 5075 timeamus
2462 5016 2522 5071 in
2538 5015 2632 5071 die
2644 5015 2822 5071 mala.
2847 5015 2906 5074 Ψ.
2923 5014 3134 5070 Audite
3149 5015 3269 5068 haec
3291 5027 3503 5068 omnes
3526 5014 3768 5081 gentes:

2117 5106 2364 5163 auribus
2395 5105 2695 5176 percipite,
2739 5104 2910 5174 139
2963 5102 3067 5174 qui
3105 5100 3383 5157 habitatis
3424 5098 3656 5155 orbem.
3698 5099 3762 5153 P.

2117 5196 2482 5252 lnclinemus.
2503 5193 2564 5250 Ῡ.
2581 5193 2794 5257 Gloria,
2819 5199 2874 5247 et
2898 5192 3090 5247 honor
3112 5189 3289 5246 Patri.
3308 5192 3367 5245 P.
3393 5188 3773 5244 lnclinemus.

2190 5283 2400 5339 Oratio.
2433 5281 2692 5334 Audiant
2721 5286 2792 5347 te,
2820 5281 3074 5347 Domini,
3100 5294 3309 5335 omnes
3340 5282 3544 5348 gentes
3567 5295 3582 5344 ;
3604 5280 3661 5333 et
3688 5275 3776 5331 di-

2118 5388 2221 5428 ves
2246 5367 2414 5425 simul
2433 5384 2499 5423 ac
2513 5384 2732 5440 pauper
2747 5385 2945 5425 aurem
2959 5369 3061 5425 tibi
3080 5366 3277 5425 cordis
3293 5363 3737 5424 accommodent
3754 5378 3768 5420 :

2119 5474 2310 5532 neque
2336 5457 2655 5517 timeamus
2677 5457 2739 5515 in
2768 5457 2864 5515 die
2884 5456 3078 5527 mala;
3109 5471 3304 5528 neque
3350 5453 3491 5514 ﬁdei
3533 5453 3764 5514 honore
