4102 6176
180 217 283 283 261

1392 204 1743 267 DOMINICA
1780 202 1803 261 Ι
1841 197 2451 269 ΟυΑυΡιΑὸΕΞΙΜᾸΕ.

3482 221 3587 278 262

169 339 381 397 relicto
399 334 691 407 jumentis
719 333 1140 406 insipientibus
1172 348 1594 409 comparemur
1628 350 1642 387 :
1678 331 1742 385 ut
1776 330 1833 383 te
1862 324 1907 399 Α
2018 328 2245 387 Oratio.
2271 335 2511 397 Montes,
2531 334 2765 392 cantate
2785 337 3212 406 nobis,etterra
3226 342 3462 414 audiat;
3482 346 3589 401 sic-

173 427 380 483 solum
404 422 793 492 intelligentia
809 426 1015 478 nostra
1033 423 1369 496 adsequens
1402 422 1833 488 ambiat,quem

174 521 402 571 aeterno
430 513 487 567 in
518 510 743 580 gaudio
781 526 919 566 cum
953 513 1179 567 Sanctis
1224 513 1508 568 omnibus
1550 507 1831 571 laudans,

174 602 430 676 praemia
460 600 829 671 sempiterna
858 600 1164 672 suscipiat.
1188 612 1257 669 R.
1292 603 1499 656 Amen.

252 693 367 747 Per
396 689 897 746 misericordiam.

254 780 601 849 Antiphona
632 782 683 830 2.
721 779 962 848 Sperate
990 776 1051 832 in
1084 777 1271 835 Deum
1311 792 1489 835 omne
1520 772 1837 831 consilium

185 869 571 944 populorum.
595 867 655 921 P.
681 865 976 923 Effundite
1005 881 1210 923 coram
1248 866 1348 923 illo
1389 865 1571 921 corda
1598 865 1789 920 vestra
1822 876 1835 915 :

188 958 479 1031 quoniam
510 956 638 1027 ipse
665 955 763 1025 adj
776 957 907 1010 utor
926 960 1128 1011 noster
1156 958 1259 1011 est.
1292 956 1354 1016 )7.
1384 954 1569 1012 Nolite
1600 965 1838 1023 sperare

188 1048 249 1104 in
266 1046 599 1118 iniquitate,
619 1047 675 1100 et
690 1044 929 1115 rapinas
944 1044 1125 1100 nolite
1142 1043 1564 1115 concupiscere
1590 1038 1837 1096 :divitize

189 1135 238 1190 si
255 1131 653 1197 ﬂuant,nolite
675 1130 862 1185 corda
881 1146 1203 1201 apponere.
1220 1134 1278 1187 P.
1301 1130 1593 1185 Effundite
1611 1142 1836 1183 coram.

186 1224 249 1283 Ἡ.
300 1222 518 1289 Gloria,
560 1223 617 1275 et
664 1219 859 1275 honor
906 1220 1076 1275 Patri.
1136 1221 1202 1273 P.
1278 1218 1568 1274 Eﬁ‘undite
1616 1230 1837 1271 coram.

262 1311 493 1364 Oratio.
508 1306 957 1361 Effundentibus
970 1306 1140 1362 nobis
1153 1322 1357 1362 coram
1374 1312 1429 1361 te
1444 1305 1625 1361 corda
1640 1309 1841 1358 nostra

189 1400 253 1453 in
283 1398 568 1462 oratione,
593 1399 674 1462 tu,
697 1395 964 1460 Domine,
998 1395 1105 1467 qui
1129 1410 1273 1466 spes
1315 1394 1591 1450 omnium
1624 1408 1707 1457 es,
1747 1406 1841 1445 ex-

187 1485 398 1548 xaudi,
424 1490 479 1538 et
498 1484 777 1538 miserere
801 1500 813 1549 ;
848 1482 1075 1553 tibique
1097 1497 1209 1537 nos
1236 1482 1582 1546 servituros,
1615 1478 1839 1545 subde;

189 1578 245 1632 et
275 1572 533 1629 subditis
574 1574 821 1645 peccato
841 1570 1101 1643 propitia
1140 1570 1507 1639 benignitate
1550 1581 1836 1625 occurre:

1946 417 2009 469 ut
2038 420 2222 489 Moysi
2250 422 2474 477 famulo
2495 427 2596 478 tuo
2624 423 2685 478 in
2716 424 3083 482 confessione
3123 429 3506 499 mirabilium,
3536 439 3593 492 et

1944 514 2369 577 praeceptorum
2390 515 2622 566 tuorum
2640 530 2652 567 :
2668 513 2990 571 descendat
3006 532 3317 590 supernos,
3329 521 3588 591 Domine,

1946 595 2139 661 gratia
2166 598 2586 655 misericordiae
2618 600 2854 656 Domini
2873 604 3061 659 nostri
3084 606 3221 660 Jesu
3250 608 3459 666 Christi
3484 611 3591 666 ﬁlii

1947 682 2048 748 tui,
2078 684 2228 741 sicut
2244 703 2341 743 ros
2361 704 2537 760 super
2554 692 2795 759 terram,
2815 694 2869 746 et
2890 692 3039 748 sicut
3056 693 3247 750 imber
3264 712 3443 767 super
3458 714 3589 767 gra-

1946 785 2104 838 men,
2140 778 2196 829 et
2220 776 2371 831 sicut
2399 777 2503 832 nix
2537 793 2719 848 supra
2747 778 3005 837 foenum:
3034 797 3169 853 quae
3199 800 3311 841 nos
3337 786 3588 843 insensi-

1950 857 2045 913 bili
2084 865 2227 930 arte,
2260 863 2575 935 impietatis
2605 866 2888 923 emundet
2907 868 3044 935 illic,
3074 872 3175 927 ubi
3208 879 3591 944 peccatorum

1946 951 2285 1006 nostrorum
2332 953 2737 1009 numerositas
2769 955 2935 1012 nulla
2972 958 3161 1027 possit
3192 962 3593 1020 satisfactione

1947 1038 2206 1105 pensari.
2226 1041 2307 1094 Tu
2330 1044 2530 1095 autem
2560 1040 2830 1109 Domine,
2849 1045 2953 1115 qui
2965 1060 3027 1099 es
3050 1061 3349 1104 caecorum
3365 1050 3590 1117 lumen,

1948 1125 2274 1181 errantium
2331 1128 2443 1195 via,
2493 1131 2841 1186 resurrectio
2882 1137 3275 1202 mortuorum,
3320 1144 3596 1209 respectu

1949 1210 2272 1269 clementiae
2300 1220 2435 1283 tuae,
2466 1217 2841 1273 conscientia:
2870 1226 3084 1276 nostrae
3118 1223 3392 1279 tenebras
3447 1226 3599 1281 inlu-

1948 1299 2112 1355 mina
2129 1320 2147 1369 λ
2169 1309 2480 1372 peccantes
2502 1304 2579 1359 ad
2604 1307 3012 1375 paenitentiam
3029 1325 3242 1367 revoca
3274 1328 3287 1377 ;
3311 1314 3597 1383 paeniten-

1948 1386 2101 1443 tibus
2126 1392 2849 1467 veniam,promptamque
2864 1396 2926 1452 in
2942 1401 2997 1453 te
3017 1413 3256 1471 semper
3270 1401 3597 1461 miseratio-

1948 1491 2088 1531 nem
2108 1477 2341 1547 largire.
2372 1492 2434 1549 Βί.
2465 1486 2672 1538 Amen.

2019 1567 2123 1620 Per
2157 1566 2648 1625 misericordiam.

192 1662 282 1718 fac
302 1677 416 1717 nos
435 1657 765 1731 iniquitatis
779 1658 993 1731 rapina
1011 1673 1206 1715 carere
1232 1675 1244 1724 ;
1280 1662 1334 1714 et
1351 1657 1691 1714 divitiarum
1716 1659 1843 1710 tua-

2020 1680 2118 1734 Ad
2146 1681 2519 1738 Benedictus.
2558 1684 2923 1753 Antiphona.
2949 1688 3069 1743 Filii
3084 1688 3403 1747 hominum
3423 1692 3599 1748 bene~

191 1766 327 1809 rum
338 1751 698 1806 ornamenta
718 1748 1068 1819 conquirere
1094 1765 1106 1804 :
1129 1752 1307 1819 atque
1330 1753 1382 1804 te
1394 1746 1694 1812 nosse,vel
1710 1760 1845 1800 con-

194 1839 722 1911 cupiscere,neque
744 1836 1027 1891 omnibus
1045 1835 1542 1907 diebus,vitaaque
1558 1838 1775 1891 nostrae
1792 1835 1847 1889 et

192 1932 462 1998 tempore
490 1926 678 1981 Deum
698 1939 1037 1980 mereamur
1060 1924 1301 1981 habere.
1335 1936 1398 1995 It.
1439 1926 1645 1981 Amen.

267 2019 374 2070 Per
397 2012 875 2069 misericordiam
914 2016 1099 2069 tuam.

262 2101 605 2170 Antiphona
624 2102 968 2156 3.Converte
986 2116 1096 2155 nos
1126 2101 1280 2156 Deus
1314 2098 1589 2156 salutaris
1611 2101 1809 2155 noster
1832 2114 1844 2151 :

188 2192 253 2245 P.
288 2189 354 2246 Et
379 2194 581 2245 averte
598 2189 750 2245 iram
774 2191 941 2244 tuam
966 2203 1002 2245 a
1022 2187 1196 2244 nobis
1226 2205 1237 2242 :
1263 2204 1332 2244 ac
1364 2203 1542 2259 super
1557 2186 1849 2259 populum

194 2282 365 2335 tuum
410 2292 644 2348 pacem.
698 2278 778 2331 Ne
808 2274 869 2331 in
924 2280 1216 2331 aeternum
1246 2276 1518 2333 irascaris
1546 2274 1738 2330 nobis.
1772 2273 1839 2332 ἣν.

188 2368 346 2422 Deus
377 2370 441 2420 tu
466 2367 814 2420 convertens
834 2362 1160 2420 viviﬁcabis
1183 2378 1292 2419 nos
1317 2382 1329 2416 :
1356 2368 1412 2419 et
1432 2363 1601 2435 plebs
1620 2368 1722 2419 tua
1750 2361 1848 2417 lae-

186 2454 413 2512 tabitur
436 2454 499 2509 in
528 2457 601 2509 te.
626 2452 690 2507 P.
714 2453 780 2508 Et
808 2456 1003 2508 averte
1026 2452 1198 2509 iram.
1228 2451 1289 2514 tr.
1325 2452 1537 2520 Gloria,
1567 2456 1641 2509 et.
1671 2451 1741 2506 P.
1783 2452 1849 2506 Et

189 2548 414 2604 averte.

268 2631 493 2688 Oratio.
527 2629 813 2685 Converte
852 2642 985 2696 nos,
1024 2628 1179 2683 Deus
1222 2627 1500 2684 salutaris
1530 2630 1762 2694 noster;
1794 2629 1852 2681 et

194 2724 395 2780 averte
417 2718 567 2774 iram
588 2721 754 2773 tuam
779 2732 815 2773 a
842 2716 1043 2773 nobis:
1071 2730 1142 2772 ac
1164 2732 1343 2787 super
1363 2716 1657 2787 populum
1682 2718 1849 2770 tuum

197 2824 415 2884 pacem
433 2810 670 2880 praesta,
699 2805 1195 2878 quamloqueris;
1225 2809 1288 2861 ut
1318 2804 1487 2876 plebs
1507 2808 1608 2860 tua
1628 2804 1853 2858 laetetur

202 2900 265 2955 in
300 2905 381 2964 te;
409 2913 479 2955 ac
502 2896 762 2953 salutare
786 2899 953 2951 tuum
976 2893 1249 2952 custodia
1270 2893 1477 2951 salutis
1501 2891 1853 2960 intelligens,

1952 1766 2124 1823 dicite
2150 1768 2472 1825 Dominum
2500 1771 2675 1826 Israel
2702 1791 2714 1830 :
2744 1777 2801 1828 et
2830 1788 3039 1831 omnes
3071 1778 3416 1834 Sacerdotes
3444 1780 3597 1835 servi

1954 1855 2058 1910 Dei
2093 1855 2422 1913 benedicite
2452 1858 2795 1916 Dominum.

1951 2031 1992 2100 Γ
2026 1944 2364 2087 ῗαηιὶςιιιη.
2398 1946 2744 2004 Benedictus
2769 1964 2833 2005 es
2860 1950 3108 2008 Domine
3138 1952 3291 2009 Deus
3320 1959 3587 2027 patrum.

1987 2047 2018 2087 ο
2054 2072 2065 2085 .
2098 2035 2154 2087 6.

1987 2035 2065 2087 δι.
2098 2035 2154 2087 6.

2029 2156 2206 2211 Sono.
2232 2158 2311 2211 Ne
2350 2156 2721 2216 obliviscaris
2746 2160 2901 2217 Deus
2924 2179 3130 2221 vocem
3147 2165 3603 2239 deprecantium

1958 2246 2031 2311 te,
2062 2243 2321 2299 Alleluia.
2342 2244 2403 2305 V.
2431 2249 2718 2304 Memento
2745 2253 3223 2321 congregationis
3251 2260 3385 2325 tuae,
3417 2272 3604 2328 quam

1958 2332 2169 2387 creasti
2199 2331 2275 2388 ab
2298 2332 2463 2389 initio
2487 2335 2713 2406 virgam
2736 2336 3082 2396 hereditatis
3112 2345 3246 2398 tuae.

2029 2430 2257 2487 Lauda.
2299 2430 2563 2489 Alleluia.
2620 2436 2879 2493 Laudate
2929 2438 3249 2496 Dominum
3280 2441 3355 2498 de
3386 2441 3557 2499 Ccelis
3591 2463 3605 2499 :

1959 2517 2223 2575 Alleluia.
2260 2520 2520 2578 Laudate
2550 2538 2688 2579 eum
2723 2525 2784 2580 in
2823 2527 3091 2586 excelsis.
3137 2530 3408 2589 Alleluia.
3449 2534 3609 2591 Psal-

1961 2622 2087 2662 mus
2116 2622 2341 2661 CXLVllI.
3506 2629 3522 2644 ⁸

1971 2702 2142 2775 140
2169 2704 2359 2759 Lectio
2384 2705 2523 2761 libri
2542 2705 2997 2767 Proverbiorum
3018 2713 3347 2769 Salomonis
3366 2716 3603 2787 (Capa).

2034 2804 2096 2861 Βε.
2134 2794 2249 2846 Deo
2276 2791 2523 2861 gratias.

2036 2888 2464 2946 Filiihominum
2477 2891 2880 2948 convertimini
2892 2892 2965 2950 ad
2978 2898 3396 2967 correptionem
3408 2912 3581 2955 meam
3594 2940 3608 2965 ,

200 2988 299 3044 vel
317 2983 797 3042 misericordiam
812 2989 975 3039 tuam
997 2987 1335 3055 temporum
1356 2980 1747 3053 prosperitate
1761 2995 1857 3036 co-
1887 3012 1927 3073 ρ
1965 2981 2021 3035 et
2032 2978 2330 3050 proferam
2343 2978 2508 3034 vobis
2525 2980 2803 3051 Spiritum
2816 2988 3103 3048 meum,et
3114 2988 3424 3044 ostendam
3437 2989 3615 3045 verba

203 3078 483 3147 gnoscat,
516 3073 604 3129 vel
644 3071 1010 3141 benignitate
1042 3074 1145 3127 tua
1169 3069 1428 3127 fructum
1458 3068 1855 3125 foecunditatis

202 3163 517 3235 suscipiat.
542 3173 606 3231 Iit.
638 3164 851 3217 Amen.

276 3252 385 3307 Per
408 3250 903 3306 misericordiam.

282 3352 345 3409 Et.
374 3342 523 3394 Ecce
553 3338 790 3393 venient
811 3338 938 3393 dies
972 3336 1207 3393 Domini
1231 3336 1434 3405 magni
1464 3335 1861 3405 eleemosynaa

202 3434 263 3487 et
288 3427 536 3498 jejunii:
572 3430 756 3481 estote
796 3424 988 3495 parati
1026 3423 1366 3481 benefacere
1416 3423 1738 3495 oppressis,
1782 3423 1860 3478 vi-

205 3516 438 3585 duis,et
472 3514 785 3587 orphanis.
814 3516 874 3571 P.
898 3516 968 3569 Ut
987 3511 1288 3585 recipiatis
1312 3512 1649 3568 mercedem
1674 3512 1734 3567 in
1756 3527 1861 3567 no-

204 3606 467 3662 vissimis
512 3602 903 3675 temporibus,
935 3601 1077 3659 dicit
1125 3601 1433 3657 Dominus.
1462 3600 1528 3661 if.
1570 3600 1864 3667 Quiescite

208 3708 386 3763 agere
426 3706 731 3765 perverse,
773 3689 971 3745 discite
996 3689 1344 3745 benefacere
1378 3706 1389 3742 :
1442 3689 1688 3760 quaerite
1707 3687 1865 3758 judi-

214 3782 393 3845 cium,
432 3778 747 3835 subvenite
780 3793 1089 3849 oppresso.
1121 3780 1178 3831 P.
1207 3780 1276 3832 Ut
1304 3776 1700 3847 recipiatisdtf.
1737 3776 1867 3831 Glo-

212 3869 323 3936 ria,
355 3875 410 3925 et
427 3869 625 3924 honor
655 3866 831 3930 Patri,
861 3870 916 3922 et
952 3865 1114 3921 Filio.
1150 3866 1211 3919 P.
1246 3868 1312 3920 Ut
1340 3864 1652 3935 recipiatis.

292 3960 516 4016 Oratio.
546 3956 833 4028 Deus,qui
852 3955 1298 4026 eleemosynam
1319 3970 1430 4009 nos
1454 3953 1645 4009 facere
1666 3952 1867 4025 praeci-

210 4049 325 4121 pis,
343 4046 587 4118 utquod
613 4060 830 4116 gurges
851 4046 1126 4100 humanae
1161 4042 1559 4115 prolapsionis
1580 4041 1873 4113 pedorum

215 4136 502 4210 squalore
523 4134 965 4198 sordiﬁcat,hoc
982 4133 1485 4204 velutporrectum
1501 4129 1728 4200 operiat
1746 4148 1758 4195 ;
1782 4128 1875 4184 fac

216 4240 338 4281 nos
352 4224 573 4291 dignas
600 4221 770 4277 nobis
808 4221 954 4293 ipsis
989 4222 1253 4292 primum
1290 4218 1707 4289 eleemosynas
1747 4232 1878 4273 ero-

217 4325 373 4383 gare
399 4326 412 4373 ;
440 4314 497 4365 et
523 4310 603 4366 sic
634 4310 1037 4381 indigentibus
1069 4308 1498 4379 compatientes
1528 4307 1881 4368 existere,ut

218 4401 493 4474 primum
524 4400 658 4455 vitae
683 4404 903 4455 nostrae
922 4398 1555 4469 parcamus,piamque
1578 4395 1751 4452 nobis
1770 4395 1879 4450 bo-

224 4504 447 4546 norum
502 4503 749 4559 operum
805 4486 1205 4543 substantiam
1253 4486 1682 4553 ministremus,
1736 4484 1883 4539 dum

226 4592 429 4633 mores
458 4582 696 4631 nostros
728 4590 764 4631 a
793 4575 949 4631 male
977 4574 1121 4630 actis
1172 4573 1523 4643 corrigimus
1554 4593 1565 4630 :
1603 4577 1659 4629 et
1702 4574 1783 4628 sic
1809 4571 1883 4626 de

229 4666 394 4722 bono
411 4664 790 4720 conscientiae
806 4664 1108 4733 digniores
1121 4662 1329 4727 effecti,
1340 4661 1747 4733 proximorum
1762 4675 1884 4716 cor-

230 4753 391 4822 da,et
424 4753 816 4810 instructione
840 4752 1204 4809 illustremus
1216 4751 1586 4818 doctrinae,et
1615 4750 1886 4821 inopiam

228 4842 570 4900 reﬁciamus
602 4841 870 4897 subsidio
892 4842 1114 4912 gratiae.
1145 4852 1209 4912 ﬁ.
1250 4840 1464 4897 Amen.

300 4934 407 4989 Per
432 4930 931 4988 misericordiam.

836 5020 910 5074 In
976 5019 1292 5075 Laudibus.

297 5106 376 5163 Ad
405 5106 740 5165 Canticum.
767 5106 1127 5177 Antiphonti.
1159 5106 1224 5162 In
1263 5108 1460 5161 mente
1498 5103 1713 5162 habete
1763 5104 1892 5160 dies

230 5195 768 5264 saeculi,intelligite
782 5210 972 5251 annos
983 5194 1238 5252 nationis
1251 5193 1893 5262 nationumzinterroga

229 5289 471 5358 patrum
498 5292 693 5355 tuum,
723 5284 880 5341 dicet
907 5284 1009 5341 tibi
1034 5302 1049 5351 ;
1073 5284 1335 5341 seniores
1366 5287 1518 5356 tuos,
1573 5288 1629 5341 et
1663 5298 1894 5341 annun-

237 5374 479 5431 tiabth
500 5374 625 5429 tibi.

309 5463 655 5523 Canticum.
674 5460 928 5523 Attende
953 5460 1200 5521 Caelum.
1230 5462 1344 5531 fol.
1376 5463 1430 5518 4.

1966 3083 2120 3123 mea.
2178 3067 2328 3132 Quia
2358 3068 2583 3133 vocavi,
2643 3072 2700 3126 et
2757 3072 3321 3132 renuistiszextendi
3365 3094 3618 3135 manum

1967 3173 2185 3221 meam,
2220 3161 2276 3213 et
2316 3172 2438 3213 non
2462 3156 2569 3214 fuit
2598 3158 2697 3230 qui
2724 3162 3032 3231 aspiceret.
3056 3166 3412 3236 Despexistis
3434 3184 3615 3223 omne

1969 3246 2279 3302 consilium
2310 3263 2531 3312 meum,
2553 3252 2609 3303 et
2627 3248 3053 3319 increpationes
3070 3269 3235 3308 meas
3250 3255 3611 3323 neglexistis.

1968 3338 2089 3404 Ego
2106 3352 2344 3407 quoque
2360 3337 2419 3391 in
2432 3337 2666 3391 interitu
2682 3344 2878 3393 vestro
2894 3338 3184 3402 ridebo,et
3200 3342 3613 3406 subsannabo,

1971 3439 2108 3479 cum
2124 3423 2289 3479 vobis
2306 3423 2459 3493 quod
2475 3422 3267 3489 timebatis,advenerit.Cum
3284 3426 3516 3483 irruerit
3528 3443 3616 3483 re-

1972 3512 2214 3582 pentina
2235 3511 2564 3575 calamitas,
2590 3516 2644 3565 et
2686 3510 2953 3566 interitus
2972 3512 3145 3581 quasi
3177 3516 3499 3585 tempestas
3529 3515 3618 3569 in-

1974 3600 2227 3668 gruerit:
2255 3599 2502 3670 quando
2531 3598 2755 3654 venerit
2785 3614 2965 3669 super
2980 3615 3084 3654 vos
3117 3600 3622 3667 tribulatio,etan-

1974 3688 2167 3759 gustia
2194 3690 2381 3742 :Tunc
2396 3687 2763 3742 invocabunt
2780 3703 2894 3753 me,
2919 3693 3107 3744 etnon
3120 3691 3439 3747 exaudiam
3464 3712 3477 3751 :
3498 3708 3625 3757 ma.

1974 3794 2049 3835 ne
2061 3780 2444 3845 consurgent,
2462 3782 2516 3832 et
2536 3792 2658 3832 non
2689 3777 2985 3835 invenient
3006 3796 3099 3835 me
3117 3796 3187 3837 eo
3206 3782 3369 3853 quod
3384 3799 3621 3839 exosam

1976 3866 2312 3924 habuerunt
2330 3864 2726 3937 disciplinam,
2756 3872 2813 3923 et
2838 3868 3111 3924 timorem
3130 3870 3362 3925 Domini
3381 3888 3504 3927 non
3528 3888 3628 3927 su-

1980 3959 2427 4027 sceperunt,nec
2440 3954 3119 4025 adquieveruntconsilio
3131 3960 3627 4023 meo,etdetraxe-

1980 4047 2098 4103 rint
2145 4044 2432 4099 universae
2481 4046 2839 4116 correptioni
2881 4062 3047 4102 meae.
3099 4048 3423 4104 Comedent
3450 4050 3630 4117 igitur

1984 4135 2207 4190 fructus
2246 4133 2355 4187 vite
2406 4149 2548 4199 suae,
2586 4134 2828 4205 suisque
2874 4135 3133 4190 consiliis
3177 4138 3626 4193 saturabuntur.

1987 4222 2227 4279 Aversio
2254 4223 2637 4294 parvulorum
2662 4225 2969 4280 interﬁciet
3002 4242 3122 4291 eos,
3175 4232 3228 4282 et
3258 4229 3623 4300 prosperitas

1990 4312 2302 4368 stultorum
2326 4312 2532 4383 perdet
2550 4312 2680 4367 illos
2711 4329 2723 4366 :
2754 4313 2862 4377 Qui
2885 4318 3085 4369 autem
3111 4331 3197 4371 me
3220 4318 3494 4382 audierit,
3531 4316 3635 4373 ab-

1991 4401 2373 4472 squeiterrore
2401 4400 2748 4472 requiescet,
2782 4406 2838 4456 et
2867 4402 3199 4459 abundanti
3223 4420 3259 4460 a
3278 4406 3631 4476 perfruetur,

1993 4489 2289 4545 malorum
2308 4488 2516 4545 timore
2540 4490 2792 4546 sublato.
2824 4490 2991 4561 (Cap.
3020 4493 3221 4561 u.)Fili
3239 4494 3340 4563 mi,
3366 4494 3414 4547 si
3439 4508 3637 4548 susce-

1992 4578 2150 4650 peris
2195 4593 2498 4633 sermones
2536 4592 2723 4643 meos,
2774 4583 2831 4633 et
2876 4580 3162 4636 mandata
3208 4597 3346 4637 mea
3391 4584 3637 4635 abscon-

1994 4667 2151 4722 deris
2169 4682 2349 4737 penes
2372 4670 2444 4733 te,
2486 4670 2549 4721 ut
2579 4665 2783 4721 audiat
2808 4667 3159 4737 sapientiam
3178 4670 3339 4725 auris
3369 4674 3471 4725 tua
3498 4687 3512 4728 :
3547 4671 3636 4723 in-

1997 4754 2152 4809 clina
2180 4769 2282 4809 cor
2306 4758 2475 4809 tuum
2503 4754 2582 4808 ad
2611 4755 3103 4822 cognoscendum
3134 4758 3533 4828 prudentiam.
3578 4758 3638 4814 Si

1996 4843 2157 4899 enim
2204 4842 2555 4913 sapientiam
2597 4843 2992 4907 invocaveris,
3036 4848 3092 4899 et
3134 4843 3509 4901 inclinaveris
3540 4862 3643 4905 cor

1998 4936 2167 4987 tuum
2180 4930 2510 5001 prudentiae
2533 4948 2542 4983 :
2566 4931 2613 4985 si
2628 4931 2934 5002 quaesieris
2951 4947 3085 4987 eam
3107 4933 3280 5003 quasi
3298 4936 3615 5006 pecuniam
3627 4980 3641 5006 ,

1999 5024 2055 5077 et
2076 5019 2229 5075 sicut
2256 5019 2571 5075 thesauros
2608 5019 2890 5075 effuderis
2937 5020 3102 5076 illam
3132 5038 3144 5075 :
3180 5027 3318 5080 tunc
3350 5025 3644 5096 intelliges

1999 5108 2275 5164 timorem
2304 5108 2554 5171 Domini,
2592 5112 2646 5164 et
2670 5108 2977 5165 scientiam
3016 5110 3117 5166 Dei
3152 5112 3418 5169 invenies
3449 5132 3461 5169 :
3503 5114 3647 5183 quia

2000 5196 2287 5252 Dominus
2318 5196 2420 5251 dat
2458 5196 2811 5266 sapientiam
2841 5215 2853 5250 :
2901 5205 2957 5255 et
2986 5214 3058 5255 ex
3088 5216 3188 5256 ore
3222 5204 3348 5271 ejus
3382 5198 3641 5261 scientia,

2002 5290 2056 5343 et
2086 5284 2397 5355 prudentia
2422 5285 2716 5355 procedet.
2734 5289 3035 5345 Custodiet
3054 5296 3350 5345 rectorum
3368 5288 3643 5352 salutem,

2003 5380 2058 5433 et
2086 5376 2353 5446 proteget
2372 5374 2707 5444 gradientes
2736 5377 3094 5449 simpliciter,
3126 5391 3371 5432 servans
3402 5372 3646 5429 semitas

2000 5462 2256 5537 justitiaa,
2309 5466 2365 5520 et
2418 5464 2579 5525 viam
2653 5471 2996 5527 sanctorum
3080 5463 3436 5526 custodiens.
3486 5463 3649 5542 Tunc
