4102 6176
479 237 586 295 263

1738 214 2196 276 BREVIARIUM
2235 213 2626 272 GOTHICUM.

3773 219 3884 275 264

482 358 773 427 intelliges
791 353 1097 426 justitiam,
1124 355 1182 407 et
1204 347 1519 420 judicium,
1552 348 1608 404 et
1649 345 2008 417 aequitatem,
2066 343 2123 396 et
2151 339 2201 393 A
2298 340 2586 397 Psalmus.
2618 339 2884 395 Miserere
2914 337 3051 409 mei,
3081 340 3238 427 Deus
3266 343 3418 427 totus
3448 352 3582 394 cum
3615 339 3873 427 Gloriae.

481 461 691 504 omnes
721 444 992 500 semitam
1012 441 1258 497 bonam.
1292 449 1355 507 Βί.
1387 437 1596 492 Amen.

551 535 850 605 Hymnus.
875 529 1116 586 Alleluia
1144 527 1276 599 piis.
1310 525 1638 595 Quare/‘01.
1677 525 1801 579 137.

556 621 855 691 Capitula.
873 616 1115 673 Alleluia
1124 629 1368 682 nomen,
1398 612 1564 685 quod
1580 607 2119 682 interpretationem

481 709 566 766 tui
576 708 816 764 laudem
827 719 1119 761 resonans
1131 702 1250 768 Dei,
1282 705 1410 758 esto
1431 698 1835 756 consumatrix
1845 692 2117 752 matutini

480 796 657 852 ofﬁcii
679 795 910 868 ;przebe
920 805 1162 864 quoque
1178 795 1240 847 tu
1265 791 1420 845 Deus
1437 787 1606 844 nobis
1625 788 1780 843 hanc
1818 784 1946 848 tibi,
1973 783 2120 838 dum

482 882 994 949 vivimus,diﬂ'uso
1006 895 1108 936 ore
1128 879 1439 935 concinere
1461 895 1478 946 ;
1497 877 1654 931 hanc
1671 874 1847 930 etiam
1872 872 2122 942 tibipost

483 972 817 1035 transitum,
847 971 1089 1038 peracto
1113 964 1326 1021 mundi
1345 965 1600 1019 termino
1642 961 1959 1016 decantare
1993 975 2005 1012 :
2036 961 2117 1022 ut,

481 1057 544 1112 in
573 1058 745 1126 cujus
776 1053 1327 1110 hicrenovationem
1348 1048 1764 1114 dulcessimus,
1791 1047 1853 1102 in
1910 1046 2040 1115 ejus
2066 1047 2121 1099 te

479 1147 774 1200 concentu
792 1145 933 1213 post
958 1145 1230 1198 nostrum
1259 1138 1491 1196 obitum
1537 1135 1836 1209 copiosius
1899 1131 2122 1204 ample-

476 1234 729 1286 ctamur.

545 1321 715 1373 Pater
741 1319 960 1372 noster.
994 1318 1062 1370 Et
1085 1329 1179 1371 ne.

542 1405 776 1461 Lauda.
809 1403 945 1467 Ibis,
979 1401 1242 1467 Alleluia,
1307 1415 1656 1474 prosperum
1712 1399 1844 1454 iter.
1913 1395 2120 1463 Quaere

471 1492 584 1561 fol.
631 1495 750 1547 138.
801 1490 1156 1548 Benedictio.
1214 1489 1478 1553 Alleluia,
1538 1502 1673 1559 quae
1710 1483 2108 1542 ineifabiliter.

470 1578 585 1647 fol.
616 1581 734 1634 138.

2228 428 2434 485 Postea
2451 427 2646 500 Kyrie,
2680 427 2932 484 eleison:
2957 426 3198 492 Christe,
3233 425 3454 482 eleison
3487 444 3500 481 :
3539 426 3707 500 14],
3762 431 3882 502 Ky-

2227 516 2330 582 rie,
2363 517 2601 574 eleison.
2630 517 2800 572 Pater
2834 520 3056 572 noster.
3088 514 3196 570 sub
3243 515 3497 571 silentio.

2298 605 2524 662 Preces.
2547 602 3249 670 Adverte,Domine,iram
3267 606 3432 658 tuam
3449 601 3690 658 anobis.
3707 603 3884 661 Adsit

2228 695 2403 750 nobis
2433 694 2696 766 potentia
2717 698 2836 750 tua.
2896 695 2954 746 P.
2981 696 3209 758 Averte,
3267 690 3536 759 Domine,
3580 691 3759 748 iram.
3799 693 3872 754 ir.

2230 783 2503 851 Benedic,
2533 779 3186 846 Domine,hereditatem
3216 783 3401 834 tuam.
3436 781 3494 834 P.
3525 783 3736 836 Averte
3768 781 3884 838 Do-

2229 871 2408 926 mine.
2430 871 2495 930 V.
2529 869 2794 926 Concede
2820 883 3033 940 pacem
3058 865 3332 922 Ecclesiae
3362 871 3506 922 tuas.
3531 865 3600 922 P.
3641 870 3878 934 Averte,

2228 958 2380 1015 iram
2399 963 2567 1014 tuam
2587 973 2624 1014 a
2646 955 2838 1012 nobis.

2303 1047 2521 1102 Oratio.
2601 1044 2826 1102 Exaudi
2879 1042 3205 1100 orationem
3255 1045 3550 1110 nostram,
3601 1043 3877 1100 Domine.

2226 1135 2340 1202 fol.
2369 1135 2490 1190 138.

2756 1220 2959 1276 FERIA
3000 1219 3314 1276 SECUNDA
3327 1259 3340 1273 .

2791 1307 2878 1364 Ad
2912 1307 3300 1364 Matutinum.

2295 1396 2662 1466 Antiphona.
2693 1398 2776 1452 Tu
2803 1399 3023 1459 autem,
3042 1393 3310 1460 Domine,
3345 1398 3652 1468 susceptor
3703 1409 3880 1453 meus

2225 1485 2502 1541 Psalmus
2540 1486 2621 1541 ui.

2299 1572 2519 1628 Oratio.
2542 1570 2826 1637 Quamvis
2842 1569 3093 1626 Domine
3109 1568 3372 1641 plurima
3405 1569 3880 1641 malignantium

548 1668 806 1722 Exeunte
846 1667 1109 1736 Vespera.
1133 1667 1197 1719 In
1214 1661 1754 1719 noctibusextollite
1779 1675 1996 1716 manus
2024 1674 2120 1714 ve-
2155 1674 2200 1730 Β
2227 1659 2548 1716 multitudo
2573 1658 2848 1729 abneget,
2913 1657 3162 1714 salutem
3197 1661 3468 1714 nostram
3504 1675 3634 1715 esse
3679 1661 3741 1716 in
3786 1664 3879 1717 te:

477 1755 628 1808 stras
656 1754 718 1808 in
748 1757 976 1822 sancta,
1028 1757 1084 1807 et
1130 1751 1459 1806 benedicite
1498 1749 1840 1806 Dominum.
1886 1748 1951 1808 )7.
2012 1747 2122 1812 Qui

479 1841 647 1897 statis
674 1841 737 1896 in
765 1841 948 1896 domo
977 1839 1235 1908 Domini,
1266 1840 1328 1894 in
1354 1839 1514 1895 atriis
1544 1837 1875 1894 domusDei
1903 1835 2112 1892 nostri.

552 1928 768 1983 Oratio.
801 1931 865 1983 In
890 1927 1166 1983 noctibus
1185 1942 1404 1983 manus
1430 1929 1662 1982 nostras
1691 1925 1768 1980 ad
1819 1927 1874 1979 te
1899 1921 2124 1978 extolli-

479 2031 638 2084 mus,
666 2017 932 2082 Domine,
966 2021 1030 2071 ut
1058 2031 1169 2071 nos
1199 2015 1260 2070 in
1299 2014 1559 2070 Ecclesia
1584 2018 1686 2069 tua
1708 2013 1862 2068 ﬁxos
1877 2015 2120 2078 statuas;

481 2119 550 2160 ac
581 2103 728 2158 dum
756 2102 1166 2158 mundialibus
1187 2103 1589 2174 imprimimur
1617 2099 1884 2170 sarcinis,
1920 2102 2123 2155 nostra

476 2191 723 2248 laudare
750 2197 804 2248 te
833 2191 1063 2247 actione
1092 2189 1408 2246 concedas.
1439 2201 1502 2259 BI.
1527 2192 1738 2245 Amen.

548 2281 660 2336 Per
688 2280 1163 2336 misericordiam
1191 2284 1372 2335 tuam.

546 2369 1122 2438 Sono.Antiphona.
1179 2371 1242 2423 ln
1273 2365 1549 2422 noctibus
1599 2363 1855 2420 extollite
1904 2379 2120 2420 manus

473 2461 696 2514 vestras
720 2458 780 2513 in
809 2462 1036 2524 sancta,
1064 2461 1120 2513 et
1143 2455 1473 2512 benedicite
1494 2453 1835 2509 Dominum.
1857 2452 1920 2507 P.
1938 2453 2117 2506 Bene-

473 2545 634 2602 dicat
662 2561 771 2602 vos
791 2546 1090 2608 Dominus,
1127 2544 1230 2616 qui
1259 2543 1395 2598 fecit
1440 2541 1658 2597 coelum
1688 2545 1744 2596 et
1773 2545 2011 2594 terram.
2041 2539 2109 2597 ἰν.

476 2630 622 2689 Ecée
651 2648 812 2688 nunc
827 2632 1158 2687 benedicite
1170 2630 1731 2697 Dominum,omnes
1756 2627 1909 2682 servi
1925 2625 2120 2681 Domi-

472 2715 1741 2787 ni,P.Benedicatvos.)7.Gloria,ethonor.P.
1774 2715 2109 2770 Benedlcat.

546 2807 947 2863 Lauda.Mane
981 2805 1145 2877 apud
1171 2820 1284 2860 nos
1310 2803 1505 2869 hodie,
1529 2808 1585 2858 et
1609 2801 1869 2858 crastina
1888 2801 2121 2874 proﬁci-

477 2894 1093 2956 sceris,Alleluia.P.Et
1121 2893 1268 2948 dum
1303 2896 1433 2947 orta
1454 2890 1628 2946 fuerit
1650 2890 1793 2955 dies,
1853 2888 2121 2945 ambula-

476 2983 574 3037 bis
596 2982 690 3037 via
709 2986 834 3036 tua.
860 2980 1128 3045 Alleluia,
1157 2977 1409 3035 alleluia.
1435 2977 1497 3036 ἡ.
1519 2977 1806 3032 Dominus
1826 2976 2121 3033 custodiat
2149 3007 2191 3064 ρ

476 3072 531 3123 te
563 3068 642 3123 ab
673 3066 841 3122 omni
867 3065 1030 3122 malo
1063 3083 1081 3123 :
1120 3064 1416 3120 custodiat
1441 3065 1708 3120 animam
1738 3069 1901 3119 tuam
1927 3065 2122 3120 Domi-

474 3171 608 3212 nus.
643 3159 702 3210 P.
738 3157 805 3210 Et
829 3153 976 3210 dum
1005 3157 1138 3210 orta
1160 3152 1351 3208 fuerit.
1393 3151 1455 3210 Y.
1488 3151 1696 3216 Gloria,
1728 3157 1782 3208 et
1813 3152 2023 3208 honor.
2058 3155 2116 3208 P.

473 3246 539 3300 Et
571 3243 716 3298 dum
747 3247 896 3299 orta.

547 3333 841 3403 Hymnus.
878 3329 1127 3386 Alleluia
1163 3329 1296 3400 piis.
1329 3328 1536 3395 Quaere
1569 3329 1680 3397 fol.
1714 3332 1830 3384 137.

539 3421 841 3491 Capitula.
873 3418 1018 3472 Ecce
1041 3417 1173 3474 laus
1203 3421 1326 3483 tua,
1357 3417 1533 3479 Deus,
1565 3431 1700 3488 quae
1730 3421 1818 3473 est
1846 3416 2111 3488 Alleluia,

466 3516 524 3566 et
549 3509 730 3565 caelos
759 3506 984 3578 implet,
1021 3510 1077 3562 et
1096 3509 1346 3562 terram:
1381 3520 1519 3561 cum
1551 3519 1947 3577 supernorum
1972 3505 2116 3560 inef-

463 3596 634 3654 fabili
665 3599 958 3651 concentu
983 3593 1354 3666 exprimitur,
1394 3598 1450 3649 et
1493 3599 1860 3649 terrenarum
1907 3593 2115 3650 ofﬁciis

467 3684 802 3748 declaratur
845 3699 858 3736 :
900 3697 1248 3753 quaesumus
1292 3696 1453 3751 ergo,
1485 3682 1658 3747 Deus,
1710 3686 1775 3737 ut
1803 3697 1941 3736 cum
1966 3685 2020 3736 te
2053 3682 2116 3736 in

467 3772 568 3829 illa
598 3771 689 3826 die
717 3770 968 3827 viderint
997 3770 1153 3826 oculi
1199 3770 1384 3826 nostri
1421 3771 1482 3825 in
1508 3769 1718 3839 gloria,
1747 3769 1976 3825 laetetur
2013 3785 2117 3826 cor

467 3865 743 3916 nostrum
775 3872 952 3928 super
975 3856 1223 3912 Alleluia
1255 3875 1267 3912 :
1302 3862 1366 3912 ut
1394 3873 1499 3929 per
1525 3857 1718 3913 laudis
1742 3857 1924 3927 hujus
1951 3858 2113 3913 exhi-

467 3948 756 4004 bitionem
788 3946 1086 4010 devotam,
1109 3945 1203 4000 hic
1219 3960 1587 4016 promeream
1596 3962 1664 4001 ur
1684 3945 2003 4001 criminum
2018 3962 2116 4002 ve-

467 4037 657 4106 niam,
693 4041 748 4090 et
779 4038 935 4108 post,
963 4037 1250 4089 aeternam
1282 4033 1685 4104 perducamur
1723 4032 1802 4091 ad
1835 4033 2108 4106 gloriam,

465 4140 604 4180 cum
632 4121 1011 4178 manifestata
1037 4120 1213 4177 fuerit
1231 4120 1410 4176 nobis
1436 4120 1617 4178 facies
1640 4127 1758 4179 tua.

536 4216 704 4268 Pater
741 4215 960 4267 noster.

537 4300 899 4359 Benedictio.
923 4297 1186 4369 Alleluia,
1215 4314 1437 4354 nomen
1467 4299 1660 4370 pium,
1699 4305 1880 4372 atque
1903 4301 2111 4372 jocun—

464 4391 634 4458 dum,
661 4388 935 4444 dilatetur
951 4386 1030 4442 ad
1043 4386 1286 4442 laudem
1313 4386 1413 4442 Dei
1432 4386 1492 4441 in
1512 4403 1619 4443 ora
1635 4389 1907 4443 omnium
1929 4405 2111 4461 popu-

463 4479 660 4535 lorum
693 4496 707 4530 :
739 4489 804 4546 ἢ.
826 4478 1031 4531 Amen.
1065 4474 1148 4531 Sit
1170 4475 1231 4530 in
1261 4474 1495 4530 vicibus
1525 4477 1890 4532 credentium
1929 4479 2105 4542 clara,

463 4562 1045 4638 quaeinAngelorum
1059 4560 1387 4617 ostenditur
1413 4561 1800 4618 concentibus
1826 4563 2102 4633 gloriosa.

467 4666 529 4723 B'.
565 4657 771 4709 Amen.
800 4653 885 4715 Et,
917 4666 1054 4722 quae
1080 4650 1140 4704 in
1158 4649 1391 4705 aeternis
1414 4649 1642 4706 civibus
1669 4651 1794 4706 sine
1821 4667 2110 4707 sonorum

469 4743 721 4814 strepitu
747 4741 945 4804 enitet,
978 4739 1041 4794 in
1068 4738 1277 4794 vestris
1301 4737 1583 4796 cordibus
1597 4738 1812 4796 aﬁ‘ectu
1845 4739 2110 4811 pleniore

467 4829 799 4886 fructiﬁcet.
840 4839 904 4898 BI.
935 4829 1142 4882 Amen.

539 4917 649 4972 Per
667 4915 1166 4974 misericordiam.

537 5005 763 5061 Lauda.
795 5005 1053 5076 Angelus
1082 5003 1320 5059 Domini
1340 5003 1537 5060 bonus
1554 5004 1866 5061 comitetur
1890 5009 2105 5073 tecum,

463 5092 712 5148 Alleluia
746 5114 758 5147 :
783 5097 840 5148 et
862 5093 1065 5149 omnia
1091 5093 1246 5147 bona
1268 5096 1563 5162 praeparet
1590 5092 1780 5149 itineri
1812 5098 1932 5150 tuo.
1961 5097 2019 5149 P.
2046 5098 2112 5151 Et

461 5184 676 5239 iterum
714 5198 851 5238 cum
879 5181 1098 5252 gaudio
1140 5181 1450 5235 revertaris
1492 5182 1569 5236 ad
1599 5197 1732 5250 nos,
1759 5181 2020 5240 Alleluia.
2044 5184 2106 5244 ἲν.

463 5273 644 5329 Mittat
673 5271 776 5327 tibi
808 5270 1095 5327 auxilium
1121 5267 1195 5321 de
1227 5271 1432 5324 sancto
1461 5288 1474 5336 ς
1504 5273 1560 5324 et
1601 5270 1675 5325 de
1709 5270 1845 5326 Sion
1878 5278 2112 5328 tueatur

461 5363 538 5418 te.
567 5363 625 5416 P.
659 5363 728 5416 Et
753 5359 988 5416 iterum.
1020 5355 1082 5414 νιν.
1112 5351 1322 5416 Gloria,
1356 5358 1414 5409 et
1444 5355 1656 5412 honor.
1685 5359 1743 5414 P.
1765 5361 1831 5414 Et
1859 5359 2098 5416 iterum.

463 5449 579 5505 Hic
617 5447 927 5505 clauditur
955 5441 1219 5502 Alleluia.

2229 1747 2404 1804 nobis
2435 1752 2637 1803 tamen
2656 1745 2841 1802 robur
2866 1744 2993 1816 spei
3048 1744 3305 1800 multum
3347 1751 3614 1817 augetur,
3644 1748 3794 1819 quia
3819 1753 3884 1805 tu

2233 1839 2539 1907 susceptor
2563 1839 2763 1890 noster
2791 1849 2925 1889 esse
2945 1832 3227 1902 dignatus
3275 1848 3362 1890 es.
3403 1833 3742 1891 Obstruitur
3769 1836 3882 1892 ita-

2231 1940 2346 1996 que
2363 1940 2433 1979 os
2456 1923 2830 1996 loquentium
2855 1921 3060 1993 iniqua
3083 1936 3256 1988 ;cum
3284 1926 3591 1993 sperantes
3607 1923 3669 1979 in
3694 1928 3753 1980 te
3775 1925 3886 1980 mi-

2233 2011 2558 2068 sericordia
2577 2009 2908 2066 circumdat
2926 2008 3191 2066 assidua.
3220 2020 3282 2078 Bi-
3300 2010 3506 2065 Amen.

2300 2103 2424 2156 Per.

2301 2187 2718 2256 Antiphonal.
2751 2190 2814 2242 ln
2838 2186 2968 2256 lege
2991 2185 3230 2242 Domini
3251 2187 3614 2244 sitvoluntas
3647 2194 3879 2256 nostra,

2229 2281 2287 2332 et
2307 2275 2368 2330 in
2398 2277 2528 2344 lege
2553 2275 2681 2345 ejus
2706 2273 3064 2330 meditemur
3083 2272 3178 2328 die
3208 2289 3278 2329 ac
3297 2278 3489 2330 nocte.
3521 2275 3798 2331 Psalmus
3823 2294 3869 2332 ι.

2301 2364 2525 2419 Oratio.
2556 2361 2828 2426 Domine,
2862 2361 3025 2433 apud
3042 2377 3220 2433 quem
3239 2367 3330 2417 est
3345 2361 3508 2418 salus
3523 2361 3724 2434 plenaj
3737 2365 3877 2420 usti-

2227 2451 2342 2520 tiie,
2371 2458 2426 2508 et
2442 2449 3116 2523 perfectiobeatitudinis
3141 2449 3498 2522 incorrupta:
3531 2467 3544 2518 ;
3577 2450 3656 2507 da
3673 2451 3874 2519 nobis,

2228 2544 2293 2594 ut
2313 2539 2373 2595 in
2406 2540 2554 2609 legis
2582 2544 2700 2595 tuae
2720 2538 3103 2595 meditatione
3131 2537 3228 2594 die
3258 2553 3328 2594 ac
3375 2543 3548 2594 nocte
3597 2549 3879 2612 tempora

2228 2632 2624 2698 transeamus,
2653 2633 2711 2683 et
2732 2627 2810 2683 ab
2840 2627 3162 2698 impiorum
3174 2626 3439 2698 consilio,
3481 2633 3660 2700 atque
3686 2645 3722 2684 a
3739 2645 3880 2700 pec-

2229 2721 2499 2771 catorum
2518 2715 2736 2780 via,vel
2754 2731 2789 2770 a
2804 2713 3150 2787 pestilentiae
3163 2715 3454 2771 Cathedra
3476 2715 3870 2772 declinemus:

2229 2803 2537 2874 quo,velut
2559 2803 2788 2873 lignum
2802 2802 3494 2874 fructiferum,aquarum
3509 2803 3874 2860 decursibus

2229 2891 2632 2956 enutritum,et
2645 2889 2934 2946 fructibus
2957 2889 3316 2962 repleamur,
3348 2895 3406 2947 et
3422 2891 3611 2961 gratia
3631 2891 3877 2948 decore-

2229 2994 2383 3034 mur.
2418 2990 2486 3048 Bt.
2526 2983 2734 3034 Amen.

2300 3069 2426 3122 Per.

2297 3154 2631 3223 Antiphona
2657 3159 2709 3208 2.
2737 3157 2922 3218 Nunc,
2953 3168 3143 3226 reges,
3176 3153 3478 3225 intelligite
3511 3171 3525 3208 :
3553 3146 3878 3211 erudimini

2226 3257 2435 3298 omnes
2481 3243 2580 3314 qui
2626 3242 2909 3315 judicatis
2955 3248 3191 3300 terram.
3249 3243 3469 3300 Servite
3508 3243 3761 3300 Domino
3809 3243 3879 3300 in

2225 3331 2453 3386 timore.
2481 3333 2750 3388 Psalmus
2776 3333 2835 3387 ll.

2298 3419 2522 3474 Oratio.
2552 3419 2873 3490 Disciplina
2888 3423 3010 3485 tua,
3036 3418 3307 3487 Domine,
3329 3434 3441 3475 nos
3465 3419 3569 3476 tibi
3589 3424 3874 3476 etsancto

2224 3507 2418 3562 timori
2447 3507 2792 3577 conjungat;
2821 3512 2877 3563 et
2905 3506 2982 3563 ad
3021 3506 3445 3563 exultationem
3469 3511 3638 3564 tuam
3659 3508 3874 3564 timore

2223 3609 2334 3650 nos
2359 3595 2651 3651 attrahat:
2682 3611 2751 3651 ac
2776 3611 2849 3650 ne
2879 3611 2916 3651 a
2962 3595 3059 3651 via
3101 3595 3266 3666 justa
3316 3595 3690 3668 recedamus,
3763 3612 3877 3652 nos

2223 3684 2586 3740 continezut
2605 3684 2765 3741 beati
2785 3699 2916 3740 esse
2939 3684 3243 3756 possimus
3286 3685 3348 3740 in
3393 3689 3446 3741 te
3491 3684 3678 3741 ﬁdere
3731 3701 3876 3741 con-

2222 3773 2384 3828 cede.
2419 3785 2482 3842 n.
2504 3778 2712 3829 Amen.

2292 3864 2414 3917 Per.

2293 3949 2637 4018 Antiphona
2668 3953 2722 4006 3.
2757 3948 3092 4006 Sacriﬁcate
3123 3949 3479 4005 sacriﬁcium
3497 3949 3759 4018 justitiie,
3822 3956 3886 4008 et

2222 4043 2451 4109 sperate
2483 4038 2543 4094 in
2571 4037 2842 4093 Domino.
2878 4039 3156 4094 Psalmus
3183 4053 3263 4094 1v.

2293 4127 2519 4183 Oratio.
2541 4125 2928 4197 Singulariter
2950 4125 3011 4181 in
3041 4141 3146 4199 spe
3177 4130 3280 4182 tua
3299 4125 3619 4182 constitue:
3640 4129 3727 4194 ut,
3768 4127 3877 4198 qui
3915 4161 3920 4166 ς

2219 4215 2316 4270 hic
2334 4231 2438 4287 per
2457 4214 2639 4270 ﬁdem
2663 4214 3047 4271 ambulamus
3072 4219 3128 4269 et
3149 4229 3270 4270 non
3287 4229 3388 4284 per
3415 4213 3697 4286 speciem,
3733 4230 3873 4285 spes

2222 4302 2356 4374 ipsa
2384 4318 2494 4358 nos
2517 4302 2595 4358 ad
2625 4318 2750 4358 rem
2781 4301 3195 4373 promissionis
3231 4299 3524 4356 adducat:
3547 4316 3680 4372 quae
3717 4299 3876 4356 desi-

2219 4390 2453 4445 derium
2480 4394 2750 4445 nostrum
2773 4389 3092 4446 tolerantiae
3103 4389 3540 4460 expectationes
3553 4393 3871 4457 sustentet,

2219 4483 2276 4534 et
2305 4479 2586 4535 charitate
2606 4483 3000 4534 consummet.
3043 4489 3105 4546 ﬁ.
3146 4482 3353 4533 Amen.

2290 4569 2412 4622 Per.

2290 4667 2356 4724 Bg.
2382 4653 2578 4727 Aperi,
2601 4654 2874 4719 Domine,
2905 4653 3277 4721 oculostuos,
3304 4656 3362 4708 et
3396 4650 3532 4707 vide
3561 4649 3874 4707 miseriam

2218 4747 2516 4799 nostram:
2542 4743 2764 4798 inclina
2792 4757 2998 4798 aurem
3035 4743 3282 4806 tuam,et
3308 4739 3650 4795 exaudinos
3662 4753 3875 4794 servos

2220 4836 2372 4896 tuos,
2396 4835 2462 4886 ut
2485 4845 2607 4886 non
2634 4834 2838 4901 pereat
2893 4828 3071 4884 vinea
3118 4832 3241 4884 tua.
3268 4829 3325 4882 P.
3357 4827 3549 4889 Quam
3596 4823 3878 4896 plantam

2217 4919 2502 4988 dignatus
2519 4934 2600 4975 es.
2630 4929 2692 4988 ﬁ.
2722 4917 2968 4974 Domine
2993 4918 3148 4972 Deus
3175 4914 3471 4979 virtutem,
3505 4917 3878 4969 convertere:

2218 5023 2378 5064 nunc
2407 5008 2634 5080 respice
2661 5007 2737 5063 de
2757 5006 2928 5076 coelo,
2987 5010 3044 5061 et
3085 5004 3237 5069 vide,
3293 5008 3351 5059 et
3406 5002 3580 5058 visita
3627 5001 3879 5058 vineam

2219 5102 2402 5154 tuam.
2427 5098 2487 5152 P.
2518 5099 2729 5163 Quam.
2762 5095 2824 5155 ἲν.
2858 5094 3073 5150 Gloria.
3112 5094 3458 5149 Reiteretur.
3485 5102 3552 5161 ni.

2815 5183 2885 5238 In
2932 5181 3232 5238 Laudibus
3245 5225 3258 5237 .

2288 5273 2648 5342 Antiphona.
2675 5271 2942 5326 Miserere
2973 5273 3088 5325 mei
3158 5269 3334 5331 Deus,
3367 5266 3706 5322 secundum
3742 5281 3880 5322 ma-

2219 5375 2403 5430 gnam
2434 5359 2906 5416 misericordiam
2937 5363 3123 5414 tuam.
3153 5357 3426 5413 Psalmus
3452 5371 3504 5411 L.

2290 5447 2506 5504 Oratio.
2541 5447 2804 5505 Miserere
2824 5446 3071 5505 Domine
3091 5445 3321 5502 miseris
3335 5462 3348 5502 :
3363 5445 3422 5500 et
3441 5442 3588 5513 quia
3597 5445 3878 5499 nostram
