4102 6176
482 176 586 232 267

482 384 634 442 inter
669 376 873 437 omnia
918 369 1266 438 animantia,
1324 372 1381 427 et
1420 368 1645 427 bestias
1704 371 1902 424 terrae:
1949 377 2129 437 super

483 476 689 547 pectus
715 472 885 526 tuum
923 462 1231 535 gradieris,
1264 465 1318 519 et
1344 464 1560 518 terram
1587 456 1865 515 comedes
1901 453 2127 510 cunctis
2229 447 2450 518 [01.40.

482 561 696 619 diebus
727 556 857 614 vitae
877 559 1014 612 tuae.
1039 551 1378 608 Inimicitias
1402 565 1624 623 ponam
1649 548 1798 602 inter
1829 549 1881 600 te
1913 549 1967 599 et
1999 558 2128 598 mu-

478 651 701 714 lierem,
734 649 790 703 et
819 658 1022 700 semen
1044 646 1211 698 tuum
1257 645 1312 696 et
1356 653 1560 694 semen
1606 637 1770 707 ejus:
1798 634 1929 706 ipsa
1987 646 2126 686 con-

482 743 627 796 teret
651 739 829 809 caput
856 737 1046 798 tuum,
1075 735 1131 786 et
1162 733 1219 785 tu
1240 727 1619 785 insidiaberis
1641 725 1924 781 calcaneo
1956 721 2113 791 ejus.

483 825 702 884 Mulieri
723 837 963 896 quoque
985 819 1131 876 dixit
1157 840 1168 874 :
1194 815 1594 889 Multiplicabo
1613 827 1917 870 aerumnas
1965 813 2120 874 tuas,

481 922 537 973 et
560 919 883 980 conceptus
900 915 1031 965 tuos
1057 927 1068 964 ε
1093 908 1153 963 in
1179 907 1382 963 dolore
1412 904 1606 978 paries
1628 903 1865 959 ﬁlioszet
1888 900 1999 956 sub
2015 897 2122 953 viri

478 1008 767 1078 potestate
797 999 930 1067 eris,
960 1003 1016 1053 et
1044 997 1169 1068 ipse
1199 994 1610 1051 dominabitur
1640 992 1741 1047 tui.
1783 990 1923 1046 Adae
1983 1002 2120 1078 vero

478 1074 624 1149 dixit
647 1110 659 1146 :
686 1089 832 1154 Quia
854 1085 1069 1142 audisti
1095 1101 1300 1140 vocem
1327 1084 1524 1138 uxoris
1549 1087 1681 1144 tum,
1711 1083 1767 1134 et
1815 1074 2122 1133 comedisti

476 1182 551 1235 de
576 1179 756 1247 ligno,
790 1192 861 1231 ex
886 1191 1008 1247 quo
1029 1189 1431 1246 prteceperam
1481 1169 1602 1237 tibi,
1645 1185 1718 1225 ne
1753 1167 2120 1231 comederes,

485 1267 654 1340 15.3
681 1264 990 1321 maledicta
1039 1259 1271 1318 terrain
1329 1276 1506 1333 opere
1557 1258 1775 1314 tuozin
1817 1255 2123 1311 laboribus

475 1355 754 1413 comedes
784 1370 852 1408 ex
875 1368 946 1408 ea
968 1352 1197 1406 cunctis
1224 1347 1439 1404 diebus
1485 1348 1616 1402 vitae
1643 1352 1755 1402 ture
1787 1362 1797 1399 :
1828 1344 2031 1416 spinas
2070 1345 2125 1397 et

475 1443 720 1501 tribulos
739 1440 1098 1512 germinabit
1120 1439 1241 1503 tibi,
1271 1444 1327 1494 et
1349 1436 1628 1493 comedes
1666 1433 1884 1489 herbas
1907 1438 2074 1487 terrae
2104 1449 2117 1485 :

472 1531 532 1589 in
557 1532 773 1588 sudore
794 1529 988 1585 vultus
1019 1529 1100 1584 tui
1117 1528 1371 1584 vesceris
1395 1543 1572 1600 pane,
1600 1525 1788 1581 donec
1813 1520 2122 1578 revertaris

1724 145 2176 209 BHEVIAHIUM
2215 148 2610 212 GOTHICUM.

487 298 642 352 Deus
672 291 751 349 ad
770 288 1134 360 serpentem:
1158 281 1308 349 Quia
1327 281 1507 337 fecisti
1530 282 1666 349 hoc,
1685 277 2037 334 maledictus
2066 290 2128 330 es
2159 273 2204 328 A

3791 157 3908 215 268

2843 280 2938 336 Ad
3002 280 3280 336 Tertiam.

2305 359 2778 434 Prophetia.Fili,
2809 371 2887 424 Ne
2909 360 3277 424 obliviscaris
3294 365 3444 437 legis
3469 380 3644 425 meas.
3678 369 3767 438 Qu
3780 386 3908 430 mre

2552 543 2749 600 Lectio
2781 543 2922 600 libri
2969 539 3205 602 Genesis
3264 543 3434 618 (Cap.
3464 545 3562 616 iv).

2306 640 2370 698 ηε.
2404 627 2522 686 1)θο
2545 632 2788 702 gratias.

2307 721 2367 772 In
2400 717 2510 775 illis
2538 721 2750 778 diebus
2777 742 2789 780 :
2816 722 3009 778 Adam
3053 724 3333 793 cognovit
3369 727 3590 781 Hevam
3636 740 3894 784 uxorem

2235 822 2408 863 suam
2430 826 2441 864 :
2467 825 2600 881 quae
2650 812 2923 883 concepit
2962 815 3016 866 et
3038 811 3265 882 peperit
3298 813 3461 880 Cain,
3486 813 3892 873 dicenszpos-

2234 895 2665 952 sedinominem
2685 914 2790 970 per
2802 899 3512 973 Dominum.Rursumque
3533 905 3760 974 peperit
3779 904 3894 963 fra-

2234 987 2379 1038 trem
2403 985 2528 1056 ejus
2549 985 2846 1042 Abel.Fuit
2868 992 3068 1043 autem
3084 987 3229 1043 Abel
3251 992 3534 1060 pastor,et
3559 991 3704 1048 Cain
3727 994 3891 1064 agri-

2233 1071 2381 1127 cola.
2419 1073 2656 1130 Factum
2683 1079 2768 1130 est
2788 1081 2988 1132 autem
3013 1079 3145 1149 post
3165 1077 3387 1134 multos
3417 1078 3539 1134 dies
3563 1081 3626 1137 ut
3650 1082 3894 1140 offerret

2235 1160 2377 1214 Cain
2409 1162 2481 1215 de
2504 1161 2789 1218 fructibus
2814 1169 2979 1220 terra;
3005 1180 3254 1222 munera
3283 1165 3547 1223 Domino.
3567 1169 3711 1226 Abel
3736 1186 3895 1244 quo-

2233 1265 2349 1320 que
2367 1249 2661 1307 obtulitde
2679 1255 3090 1325 primogenitis
3114 1254 3310 1326 gregis
3335 1253 3589 1325 sui,etde
3603 1253 3892 1330 adipibus

2234 1354 2473 1398 eorum:
2502 1345 2557 1397 et
2606 1343 2859 1413 respexit
2898 1343 3186 1398 Dominus
3229 1343 3305 1399 ad
3347 1341 3512 1411 Abel,
3555 1351 3612 1402 et
3647 1345 3725 1402 ad
3760 1364 3892 1404 mu-

2232 1443 2375 1483 nera
2397 1429 2548 1499 ejus.
2581 1430 2668 1484 Ad
2693 1431 2834 1486 Cain
2882 1447 3045 1499 vero,
3087 1438 3142 1488 et
3163 1431 3240 1488 ad
3273 1449 3522 1491 munera
3572 1434 3730 1490 illius
3761 1452 3884 1493 non

2231 1517 2493 1587 respexit
2517 1536 2528 1573 :
2555 1519 2858 1591 iratusque
2882 1520 3126 1576 estCain
3141 1519 3537 1589 vehementer,
3555 1525 3888 1582 etconcidit

471 1621 529 1678 in
553 1627 771 1678 terram
824 1619 898 1674 de
927 1635 1051 1690 qua
1101 1623 1378 1689 sumptus
1403 1633 1463 1671 es
1489 1633 1500 1670 :
1523 1614 1666 1687 quia
1713 1613 1904 1686 pulvis
1945 1628 2026 1680 es,
2068 1614 2195 1678 etB
2231 1603 2428 1659 vultus
2449 1606 2596 1677 ejus.
2640 1607 2910 1680 Dixitque
2945 1607 3234 1665 Dominus
3255 1607 3334 1664 ad
3359 1625 3499 1665 eum
3525 1627 3536 1666 :
3563 1611 3756 1676 Quare
3775 1613 3888 1670 ira-

467 1710 847 1782 inpulverem
863 1707 1260 1762 reverteris.Et
1277 1705 1510 1760 vocavit
1528 1703 1717 1758 Adam
1737 1716 1959 1757 nomen
1981 1716 2122 1755 uxo-

469 1801 548 1856 ris
567 1815 714 1865 suae,
742 1797 1065 1853 Hevamzeo
1090 1796 1252 1867 quod
1275 1799 1463 1849 mater
1485 1797 1637 1848 esset
1663 1794 2016 1847 cunctorum
2041 1789 2124 1843 vi-

466 1889 748 1945 ventium.
794 1884 945 1941 Fecit
970 1900 1206 1956 quoque
1230 1883 1510 1939 Dominus
1537 1881 1690 1936 Deus
1721 1879 1862 1935 AdtB
1877 1882 1932 1934 et
1952 1878 2121 1933 uxori

467 1977 597 2048 ejus
627 1975 856 2031 tunicas
910 1973 1207 2047 pelliceas,
1261 1976 1316 2028 et
1341 1971 1535 2026 induit
1591 1967 2119 2025 eos:etait:Ecce

464 2065 659 2121 Adam
680 2063 870 2118 factus
888 2067 975 2117 est
997 2061 1170 2134 quasi
1190 2076 1347 2115 unus
1368 2075 1438 2115 ex
1455 2058 1649 2126 nobis,
1672 2057 1863 2111 sciens
1886 2055 2117 2111 bonum

467 2157 525 2210 et
549 2151 774 2209 malum
802 2167 812 2208 :
848 2165 1007 2206 nunc
1025 2165 1166 2219 ergo
1189 2165 1262 2204 ne
1284 2147 1432 2204 forte
1450 2148 1641 2204 mittat
1660 2161 1906 2202 manum
1921 2161 2112 2217 suam,

465 2247 522 2299 et
546 2238 939 2297 sumatetiam
966 2238 1040 2293 de
1066 2237 1228 2308 ligno
1252 2237 1403 2301 vitae,
1431 2241 1486 2292 et
1514 2235 1808 2299 comedat,
1857 2238 1913 2289 et
1960 2234 2119 2289 vivat

462 2330 524 2388 in
546 2335 857 2386 aeternum.
888 2325 1092 2382 Emisit
1117 2341 1255 2381 eum
1283 2325 1561 2381 Dominus
1593 2323 1667 2379 de
1697 2322 1979 2395 paradiso
2015 2338 2116 2378 vo-

459 2416 725 2491 luptatis,
757 2421 820 2474 ut
862 2418 1208 2487 operaretur
1262 2417 1504 2482 terram,
1552 2411 1628 2468 de
1676 2428 1800 2484 qua
1839 2417 2114 2484 sumptus

461 2511 568 2564 est.
627 2506 925 2577 Ejecitque
978 2503 1284 2560 Adamzet
1306 2500 1622 2558 collocavit
1675 2504 1812 2556 ante
1878 2498 2114 2572 paradi-

459 2612 596 2653 sum
624 2592 947 2666 voluptatis
977 2591 1308 2657 cherubim,
1341 2596 1398 2647 et
1438 2589 1790 2646 ﬂammeum
1843 2588 2112 2658 gladium

457 2686 636 2755 atque
660 2677 1102 2746 versatilem,ad
1115 2679 1567 2736 custodiendam
1581 2675 1744 2734 viam
1775 2677 1920 2750 ligni
1942 2676 2100 2733 vitae.

456 2781 524 2841 BI.
565 2774 778 2828 Amen.

2233 1697 2324 1747 tus
2350 1694 2454 1748 es?
2475 1700 2652 1750 etcur
2683 1696 2944 1752 concidit
2972 1695 3153 1752 facies
3204 1697 3348 1754 tua?
3373 1699 3581 1755 Nonne
3624 1697 3675 1755 si
3727 1699 3886 1758 bene

2231 1783 2776 1856 egeris,recipies:si
2794 1791 2994 1841 autem
3010 1785 3390 1853 male,statim
3415 1785 3474 1842 in
3497 1785 3724 1844 foribus
3749 1805 3888 1862 pec-

2231 1876 2430 1927 catum
2455 1878 2622 1928 tuum
2643 1874 2859 1930 aderit?
2881 1875 2982 1930 sed
3004 1874 3115 1930 sub
3139 1880 3190 1931 te
3214 1875 3322 1931 erit
3339 1878 3636 1949 appetitus
3653 1877 3805 1949 ejus,
3827 1885 3886 1936 et

2229 1963 2291 2015 tu
2319 1959 2725 2018 dominaberis
2740 1962 2915 2018 illius.
2933 1963 3207 2036 Dixitque
3221 1965 3360 2020 Cain
3380 1963 3457 2022 ad
3479 1964 3625 2022 Abel
3640 1965 3884 2024 fratrem

2229 2049 3046 2120 suum:Egrediamurforas.
3083 2055 3350 2126 Cumque
3390 2060 3585 2113 essent
3611 2056 3671 2111 in
3712 2071 3882 2127 agro,

2228 2141 2598 2197 consurrexit
2629 2142 2768 2198 Cain
2796 2144 3083 2199 adversus
3113 2141 3255 2199 Abel
3277 2143 3519 2202 fratrem
3563 2159 3741 2202 suum
3777 2159 3794 2208 ε
3829 2147 3886 2204 et

2227 2227 2508 2286 interfecit
2537 2246 2696 2287 eum.
2741 2233 2807 2287 Et
2859 2231 2940 2288 ait
2972 2231 3255 2288 Dominus
3309 2232 3386 2289 ad
3413 2233 3730 2291 Caianbi
3793 2241 3887 2294 est

2223 2317 2369 2374 Abel
2400 2317 2580 2375 frater
2598 2321 2766 2376 tuus?
2789 2322 2899 2387 Qui
2935 2319 3277 2395 respondit:
3309 2323 3549 2380 Nescio:
3571 2325 3880 2398 Numquid

2224 2407 2630 2463 custosfratris
2643 2409 2759 2465 mei
2783 2425 2920 2465 sum
2939 2426 3052 2481 ego
3067 2412 3096 2468 ἵ
3124 2409 3396 2485 Dixitque
3417 2413 3496 2468 ad
3522 2427 3661 2469 eum
3686 2428 3698 2468 :
3720 2415 3879 2479 Quid

2222 2492 2458 2551 fecisti?
2481 2512 2597 2552 vox
2623 2498 2932 2568 sanguinis
2957 2498 3154 2556 fratris
3182 2500 3264 2555 tui
3308 2499 3528 2559 clamat
3557 2501 3633 2559 ad
3673 2517 3770 2558 me
3799 2504 3880 2560 de

2222 2588 2392 2641 terra.
2420 2586 2784 2657 Nuncigitur
2845 2587 3199 2646 maledictus
3227 2589 3340 2646 eris
3394 2607 3575 2664 super
3630 2597 3878 2658 terram,

2220 2690 2355 2746 quae
2383 2677 2613 2747 aperuit
2643 2693 2710 2733 os
2727 2683 2988 2746 suum,et
3018 2680 3276 2752 suscepit
3306 2681 3882 2751 sanguinemfratris

2219 2763 2393 2819 tuide
2423 2779 2605 2820 manu
2638 2768 2914 2823 tua.Cum
2943 2771 3221 2840 operatus
3242 2767 3422 2825 fueris
3452 2785 3608 2838 eam,
3635 2785 3757 2828 non
3771 2772 3882 2830 da-

524 2859 818 2930 Hymnus.
863 2851 1158 2931 Fulgentis
1174 2860 1383 2914 auctor
1404 2847 1659 2924 mtheris,
1713 2859 1827 2911 etc.
1907 2853 2110 2922 Quaere
2218 2851 2304 2908 bit
2327 2851 2925 2925 fructussuos.Vagus
2939 2856 3295 2928 etprofugus
3316 2857 3430 2913 eris
3447 2873 3625 2931 super
3649 2863 3881 2918 terram

447 2941 558 3016 fol.
582 2950 669 3004 96.
702 2948 938 3004 Preces.
968 2948 1238 3011 Oremus,
1265 2949 1330 3002 ut
1358 2961 1470 3001 nos
1490 2947 1868 3001 sacrosancto
1878 2942 2108 3014 jejunio
2141 2975 2182 3032 α
2217 2941 2498 3032 omnibus
2518 2943 2730 2999 diebus
2758 2945 2888 3000 vita:
2911 2949 3046 3000 tuae.
3072 2945 3344 3018 Dixitque
3384 2949 3524 3004 Cain
3541 2948 3618 3004 ad
3664 2949 3880 3006 Domi-

453 3038 721 3107 tempore
743 3036 863 3101 Qua
875 3033 1508 3106 dragesimaiﬂequire
1537 3033 1598 3088 in
1619 3034 1834 3103 primis
1912 3032 2109 3102 Vespe-

454 3124 537 3179 ris
576 3123 647 3180 de
674 3124 981 3180 Dominieo
1005 3123 1201 3193 primo
1231 3121 1734 3192 Quadragesimae.

523 3227 817 3299 Capitula.
844 3230 964 3284 Rex
983 3232 1183 3284 noster
1195 3233 1251 3284 et
1273 3228 1427 3283 Deus
1451 3233 1652 3284 noster
1673 3225 1900 3299 depelle
1933 3243 2105 3283 acor-

447 3315 626 3373 dibus
646 3316 865 3373 nostris
881 3317 1094 3372 erroris
1115 3322 1172 3373 et
1186 3315 1536 3386 ignorantiae
1555 3322 1791 3374 noctem
1821 3334 1834 3369 :
1857 3319 1920 3372 ut
1933 3332 2104 3373 reno-

446 3405 644 3462 vando
672 3421 782 3463 nos
801 3405 864 3461 in
884 3421 1107 3461 novum
1135 3404 1649 3473 hominem,mane
1665 3410 1899 3462 nostras
1921 3422 2102 3462 exau-

445 3493 578 3551 dias
598 3509 809 3550 voces;
839 3493 931 3551 fac
955 3510 1065 3550 nos
1085 3495 1147 3550 in
1172 3494 1347 3550 bonis
1397 3494 1680 3567 operibus
1705 3493 1808 3550 tibi
1861 3494 2098 3551 adstare

442 3581 708 3638 diluculo
729 3601 744 3653 ;
765 3586 822 3639 et
838 3582 916 3639 ad
935 3583 1538 3655 contemplandumte
1584 3583 1760 3641 nobis
1808 3599 2098 3640 resurrec-

443 3669 619 3726 tionis
648 3675 763 3726 tuze
803 3670 996 3728 tribue
1035 3676 1501 3730 sacramentum.

514 3758 690 3816 Pater
718 3764 948 3817 noster.
988 3760 1072 3816 Et.

510 3866 744 3922 Lauda.
773 3866 1011 3922 Initium
1030 3867 1334 3939 sapientiae
1350 3867 1526 3924 timor
1550 3867 1806 3924 Domini.
1840 3867 2095 3924 P.1ntel-

436 3951 624 4011 lectus
667 3955 866 4012 bonus
907 3953 1263 4011 facientibus
1317 3958 1576 4020 eumzi'.
1626 3956 1915 4014 Laudatio
1963 3957 2093 4026 ejus

437 4047 641 4101 manet
690 4045 751 4101 in
772 4043 1072 4101 saeculum.
1097 4045 1316 4101 saeculi.
1359 4048 1423 4101 P.
1479 4047 1812 4103 Intellectus
1856 4046 2080 4102 bonus.

435 4130 496 4194 ῒ.
526 4133 735 4204 Gloria,
768 4137 824 4190 et
841 4133 1036 4190 honor
1063 4133 1240 4202 Patri,
1276 4139 1383 4190 etc.
1414 4135 1473 4191 P.
1509 4135 1841 4192 Intellectus
1862 4134 2087 4191 bonus.

506 4239 1426 4308 0ratio.Misericors.Domine,tu
1447 4240 1811 4313 principium
1829 4256 1892 4296 es
1915 4240 2088 4297 timo-

430 4328 509 4385 ris
540 4332 597 4386 et
622 4330 948 4401 sapientiaa,
978 4329 1040 4385 in
1066 4330 1180 4386 isto
1211 4345 1321 4386 nos
1351 4345 1492 4402 ergo
1529 4332 1770 4401 instrue,
1807 4335 1866 4386 et
1890 4330 1952 4386 in
1984 4330 2085 4387 illo
2116 4331 2162 4385 D

2217 3030 2572 3102 num:Major
2594 3037 2682 3088 est
2704 3031 2987 3104 iniquitas
3009 3047 3162 3098 mea,
3191 3049 3377 3107 quam
3409 3041 3470 3092 ut
3495 3038 3733 3094 veniam
3750 3055 3875 3096 me-

2214 3133 2367 3173 rear.
2403 3117 2547 3174 Ecce
2571 3120 2770 3191 ejicies
2788 3137 2882 3177 me
2904 3120 3082 3178 hodie
3111 3138 3148 3179 a
3171 3122 3319 3180 facie
3339 3127 3526 3190 terrm,
3569 3129 3624 3182 et
3652 3140 3689 3182 a
3712 3126 3868 3185 facie

2214 3210 2315 3263 tua
2339 3206 2700 3279 abscondar,
2734 3213 2789 3265 et
2809 3226 2909 3268 ero
2948 3225 3140 3283 vagus
3174 3217 3230 3268 et
3265 3211 3554 3284 profugus
3583 3214 3641 3270 in
3669 3223 3864 3275 terra:

2213 3296 2407 3351 omnis
2439 3295 2616 3368 igitur
2643 3298 2743 3370 qui
2774 3299 3063 3356 invenerit
3091 3301 3864 3378 me,occidetme.Dixitque

2211 3385 2263 3440 ei
2284 3385 2436 3441 Deus
2459 3403 2470 3440 :
2497 3389 2890 3460 Nequaquam
2914 3389 2994 3444 ita
3025 3387 3125 3444 ﬁet
3153 3405 3166 3445 :
3198 3389 3304 3447 sed
3336 3391 3533 3448 omnis
3558 3394 3661 3465 qui
3706 3396 3865 3452 occi-

2209 3471 2359 3529 derit
2386 3474 2894 3548 Cain,septuplum
2913 3476 3206 3548 punietur.
3231 3478 3550 3553 Posuitque
3570 3483 3862 3541 Dominus

2209 3557 2269 3617 in
2297 3560 2441 3619 Cain
2467 3564 2800 3635 signum,ut
2823 3581 2944 3621 non
2962 3566 3314 3624 interﬁceret
3342 3585 3482 3625 eum
3507 3571 3708 3626 omnis
3753 3575 3861 3646 qui

2205 3649 2532 3706 invenisset
2566 3667 2725 3708 eum.
2758 3652 3161 3726 Egressusque
3183 3654 3327 3711 Cain
3352 3671 3388 3712 a
3423 3655 3569 3713 facie
3595 3657 3858 3731 Domini,

2205 3736 2493 3796 habitavit
2521 3739 2808 3812 profugus
2835 3740 2892 3797 in
2922 3747 3082 3799 terra
3111 3741 3190 3799 ad
3218 3744 3567 3801 orientalem
3609 3745 3859 3819 plagam

2206 3826 2679 3900 Eden.Cognovit
2701 3836 2900 3888 autem
2926 3831 3071 3888 Cain
3094 3847 3342 3890 uxorem
3357 3849 3696 3908 suam,quaa
3717 3853 3863 3895 con-

2204 3919 2376 3990 cepit,
2407 3919 2705 3993 etpeperit
2728 3920 2969 3978 Henoch
2990 3927 3066 3978 :et
3093 3922 3410 3981 aediﬁcavit
3435 3925 3752 3995 civitatem,
3798 3932 3857 3987 et

2201 4009 2432 4064 vocavit
2454 4025 2674 4067 nomen
2729 4011 2857 4081 ejus
2885 4026 2957 4066 ex
2987 4011 3230 4068 nomine
3274 4013 3376 4068 ﬂlii
3431 4014 3521 4070 sui
3573 4016 3844 4074 Henoeh.

2200 4099 2378 4157 Porro
2403 4098 2641 4156 IIenoch
2671 4099 2872 4170 genuit
2901 4101 3054 4173 Irad,
3089 4105 3146 4158 et
3175 4102 3312 4160 Irad
3336 4105 3542 4173 genuit
3584 4106 3849 4174 Maviael,

2197 4191 2253 4242 et
2307 4187 2554 4245 Maviael
2593 4191 2795 4260 genuit
2828 4190 3169 4259 Mathusael,
3197 4195 3253 4248 et
3286 4191 3457 4264 144
3517 4194 3846 4252 Mathusael

2197 4275 2398 4346 genuit
2437 4277 2711 4333 Lamech.
2737 4278 2848 4344 Qui
2891 4279 3116 4352 accepit
3153 4278 3305 4337 duas
3337 4297 3570 4348 uxores,
3616 4297 3845 4341 nomen

2193 4364 2298 4420 uni
2329 4364 2469 4430 Ada,
2507 4370 2562 4422 et
2590 4381 2812 4423 nomen
2843 4367 3008 4425 alteri
3040 4369 3551 4443 Sella.Genultque
3574 4372 3704 4430 Ada
3751 4373 3850 4432 Ja-

429 4419 930 4535 ξξιῇξξλαέξωετε
947 4418 1375 4535 ξιεζξξξοιιοανθι
1392 4419 1699 4493 sapientis
1723 4419 2084 4491 ρθτῖεοιίοηο
2190 4418 2306 4523 ξεί,
2334 4418 2569 4528 qm;
2590 4418 3845 4535 ῥίζιἔέῑιεῖίῐεὶἑιιῖιὶξ’ίῐῖῐῖιίῖοῐῑίέζῖιιξιῖο

427 4519 806 4566 consumma.
838 4517 902 4581 Ir.
943 4511 1130 4565 Amen
1145 4551 1158 4566 .

495 4601 602 4655 Per
640 4598 1111 4656 misericordiam
1140 4603 1327 4656 tuam.

492 4705 632 4763 Alia
660 4705 886 4763 Lauda.
920 4705 1460 4775 Utinam,Domine,
1490 4704 1826 4777 dirigantur
1848 4707 1919 4762 P.
1959 4707 2075 4763 Vite

2188 4549 2520 4616 pastorum.
2555 4545 2619 4601 Et
2649 4559 2871 4602 nomen
2925 4546 3117 4604 fratris
3142 4546 3268 4620 ejus
3315 4548 3490 4605 Jubal
3522 4549 3688 4622 :ipse
3731 4551 3847 4610 fuit

2187 4636 2355 4704 pater
2375 4631 2718 4691 canentium
2746 4635 2972 4694 cithara
2997 4641 3054 4693 et
3086 4651 3338 4706 organo.
3388 4637 3543 4696 Sella
3597 4653 3845 4714 quoque

2185 4723 2391 4793 genuit
2428 4723 2770 4791 Tubalcain,
2804 4723 2909 4797 qui
2939 4724 3049 4782 fuit
3099 4725 3414 4783 malleator
3464 4731 3521 4782 et
3544 4726 3716 4784 faber
3775 4729 3837 4785 in

420 4797 634 4851 nostrae
652 4794 730 4852 ad
752 4793 1170 4852 custodiendas
1189 4795 1644 4867 justiticationes
1669 4794 1890 4855 tuast
1915 4797 2074 4886 Tunc
2183 4818 2400 4869 cuncta
2427 4829 2612 4886 opem
2635 4813 2766 4870 agris
2789 4793 2845 4870 εἰ
2884 4811 3041 4870 ferri.
3084 4816 3261 4872 εοιιοιι
3311 4829 3454 4872 vero
3503 4809 3842 4874 Τυδιιοαίη

418 4883 1390 4976 ξιοῐὶξκξξξῖιωάᾶΐνἀιξηῑξ-Γθξρίοίφ
1429 4885 1490 4941 in
1538 4885 1751 4976 omni?
1788 4883 2074 4941 mandata
2181 4903 2423 4959 Noema.
2468 4883 2740 4976 Dixitque
2799 4903 3053 4960 Lamech
3100 4904 3388 4961 uxoribus
3427 4905 3550 4962 suis
3590 4905 3736 4962 Adae
3776 4910 3833 4964 et

418 4970 734 5030 tua.P.Viee
748 4972 1341 5045 nostraa.i,'.Gloria,et
1362 4973 1572 5030 honor.
1604 4975 1666 5030 Ρ.
1696 4973 1808 5028 Viae
1825 4977 2064 5030 nostras.

486 5077 709 5136 Oratio.
742 5079 1079 5151 Dirigantur
1108 5081 1219 5136 viae
1247 5081 1764 5154 nostrae,Domine,
1781 5079 1858 5138 ad
1874 5084 2068 5138 custo-

411 5167 1133 5241 diendasjustiticationes
1158 5173 1288 5224 tuas
1315 5186 1326 5225 :
1356 5175 1429 5232 et,
1466 5171 1568 5243 qui
1601 5170 1749 5241 legis
1800 5174 1913 5226 tuas
1936 5169 2066 5226 niti-

409 5275 545 5315 mur
567 5261 925 5332 perscrutari
974 5261 1218 5322 secreta,
1254 5261 1350 5314 tua
1382 5275 1623 5332 quoque
1660 5261 2063 5333 perducamur

405 5345 486 5404 ad
515 5347 783 5421 praemia.
814 5359 877 5419 Ir.
916 5349 1123 5402 Amen.

477 5435 586 5494 Per
623 5433 1099 5495 misericordiam
1130 5438 1318 5496 tuam.

2183 4990 2384 5048 Sellae:
2417 4992 2628 5049 Audite
2677 5007 2888 5049 vocem
2915 5008 3114 5050 meam
3162 5008 3378 5050 uxores
3410 4994 3687 5062 Lamech,
3733 5005 3841 5052 au‘

2178 5079 2423 5137 scultate
2451 5096 2792 5137 sermonem
2806 5082 3327 5154 meumzquoniam
3343 5082 3536 5140 occidi
3557 5083 3753 5140 virum
3777 5085 3841 5142 in

2175 5169 2391 5225 vulnus
2416 5175 2700 5241 meum,et
2725 5169 3318 5228 adolescentulumin
3338 5170 3586 5228 livorem
3603 5187 3835 5229 meum.

2177 5259 2526 5329 Septuplum
2558 5257 2702 5314 ultio
2731 5259 2973 5316 dabitur
3003 5259 3077 5316 de
3099 5261 3275 5320 Cain:
3305 5262 3380 5317 de
3403 5261 3662 5318 Lamech
3692 5273 3836 5319 vero

2174 5347 2513 5418 septuagies
2543 5347 3077 5420 septies.Cognovit
3114 5363 3358 5423 quoque
3403 5350 3605 5407 adhuc
3634 5351 3830 5408 Adam

2172 5449 2422 5492 uxorem
2451 5442 2704 5497 suamzet
2729 5437 2957 5512 peperit
2975 5439 3185 5510 tilium,
3213 5439 3572 5515 vocavitque
3601 5451 3830 5500 nomen
