  <div class='ocr_page' id='page_1' title='image "/cluster/home/n/w/nwhite01/storage/ocr_20150623/86/hvd.32044054758909/140.png"; bbox 0 0 4102 6176; ppageno 0'>
   <div class='ocr_carea' id='block_1_1' title="bbox 175 213 3590 296">
    <p class='ocr_par' dir='ltr' id='par_1_1' title="bbox 175 213 3590 296">
     <span class='ocr_line' id='line_1_1' title="bbox 175 213 3590 296; baseline 0.009 -36"><span class='ocrx_word' id='word_1_1' title='bbox 175 220 276 273; x_wconf 64' lang='lat'>259</span> <span class='ocrx_word' id='word_1_2' title='bbox 1355 215 1702 272; x_wconf 83' lang='lat' dir='ltr'>DOMINICA</span> <span class='ocrx_word' id='word_1_3' title='bbox 1746 213 1767 268; x_wconf 94' lang='lat' dir='ltr'>I</span> <span class='ocrx_word' id='word_1_4' title='bbox 1810 213 2413 282; x_wconf 55' lang='lat' dir='ltr'>QUADRAGESIMzE.</span> <span class='ocrx_word' id='word_1_5' title='bbox 3483 233 3590 296; x_wconf 85' lang='lat' dir='ltr'>27o</span> 
     </span>
    </p>
   </div>
   <div class='ocr_carea' id='block_1_2' title="bbox 177 322 1910 411">
    <p class='ocr_par' dir='ltr' id='par_1_2' title="bbox 177 322 1910 411">
     <span class='ocr_line' id='line_1_2' title="bbox 177 322 1910 411; baseline -0.002 -15"><span class='ocrx_word' id='word_1_6' title='bbox 177 344 302 411; x_wconf 85' lang='lat' dir='ltr'>ejus</span> <span class='ocrx_word' id='word_1_7' title='bbox 331 340 491 400; x_wconf 87' lang='lat' dir='ltr'>Seth,</span> <span class='ocrx_word' id='word_1_8' title='bbox 524 337 729 393; x_wconf 90' lang='lat' dir='ltr'>dicens</span> <span class='ocrx_word' id='word_1_9' title='bbox 764 355 775 393; x_wconf 88' lang='lat'><em>:</em></span> <span class='ocrx_word' id='word_1_10' title='bbox 806 339 1010 395; x_wconf 84' lang='lat' dir='ltr'>Posuit</span> <span class='ocrx_word' id='word_1_11' title='bbox 1057 341 1200 396; x_wconf 90' lang='lat' dir='ltr'>mihi</span> <span class='ocrx_word' id='word_1_12' title='bbox 1233 342 1384 397; x_wconf 93' lang='lat' dir='ltr'>Deus</span> <span class='ocrx_word' id='word_1_13' title='bbox 1417 322 1622 396; x_wconf 80' lang='lat' dir='ltr'>semen</span> <span class='ocrx_word' id='word_1_14' title='bbox 1671 339 1833 395; x_wconf 87' lang='lat' dir='ltr'>aliud</span> <span class='ocrx_word' id='word_1_15' title='bbox 1864 337 1910 391; x_wconf 88' lang='lat' dir='ltr'><strong>A</strong></span> 
     </span>
    </p>
   </div>
   <div class='ocr_carea' id='block_1_3' title="bbox 171 427 1835 502">
    <p class='ocr_par' dir='ltr' id='par_1_3' title="bbox 171 427 1835 502">
     <span class='ocr_line' id='line_1_3' title="bbox 171 427 1835 502; baseline 0 -17"><span class='ocrx_word' id='word_1_16' title='bbox 171 446 270 502; x_wconf 87' lang='lat' dir='ltr'>pro</span> <span class='ocrx_word' id='word_1_17' title='bbox 304 429 468 492; x_wconf 81' lang='lat' dir='ltr'>Abel,</span> <span class='ocrx_word' id='word_1_18' title='bbox 503 441 686 499; x_wconf 87' lang='lat' dir='ltr'>quem</span> <span class='ocrx_word' id='word_1_19' title='bbox 721 427 936 483; x_wconf 90' lang='lat' dir='ltr'>occidit</span> <span class='ocrx_word' id='word_1_20' title='bbox 959 430 1119 485; x_wconf 86' lang='lat' dir='ltr'>Cain.</span> <span class='ocrx_word' id='word_1_21' title='bbox 1156 431 1268 485; x_wconf 86' lang='lat' dir='ltr'>Sed</span> <span class='ocrx_word' id='word_1_22' title='bbox 1295 435 1352 486; x_wconf 93' lang='lat' dir='ltr'>et</span> <span class='ocrx_word' id='word_1_23' title='bbox 1373 430 1509 487; x_wconf 90' lang='lat' dir='ltr'>Seth</span> <span class='ocrx_word' id='word_1_24' title='bbox 1540 434 1715 485; x_wconf 87' lang='lat' dir='ltr'>natus</span> <span class='ocrx_word' id='word_1_25' title='bbox 1747 433 1835 485; x_wconf 92' lang='lat' dir='ltr'>est</span> 
     </span>
    </p>
   </div>
   <div class='ocr_carea' id='block_1_4' title="bbox 172 517 1830 591">
    <p class='ocr_par' dir='ltr' id='par_1_4' title="bbox 172 517 1830 591">
     <span class='ocr_line' id='line_1_4' title="bbox 172 517 1830 591; baseline 0 -17"><span class='ocrx_word' id='word_1_26' title='bbox 172 520 348 582; x_wconf 89' lang='lat' dir='ltr'>ﬁlius,</span> <span class='ocrx_word' id='word_1_27' title='bbox 381 532 568 589; x_wconf 88' lang='lat' dir='ltr'>quem</span> <span class='ocrx_word' id='word_1_28' title='bbox 598 517 833 573; x_wconf 85' lang='lat' dir='ltr'>vocavit</span> <span class='ocrx_word' id='word_1_29' title='bbox 854 520 1010 573; x_wconf 88' lang='lat' dir='ltr'>Enos</span> <span class='ocrx_word' id='word_1_30' title='bbox 1041 534 1051 574; x_wconf 94' lang='lat'>:</span> <span class='ocrx_word' id='word_1_31' title='bbox 1087 519 1197 574; x_wconf 91' lang='lat' dir='ltr'>iste</span> <span class='ocrx_word' id='word_1_32' title='bbox 1228 519 1406 591; x_wconf 79' lang='lat' dir='ltr'>coepit</span> <span class='ocrx_word' id='word_1_33' title='bbox 1425 519 1702 577; x_wconf 88' lang='lat' dir='ltr'>invocare</span> <span class='ocrx_word' id='word_1_34' title='bbox 1726 533 1830 575; x_wconf 92' lang='lat' dir='ltr'>no-</span> 
     </span>
    </p>
   </div>
   <div class='ocr_carea' id='block_1_5' title="bbox 173 606 971 666">
    <p class='ocr_par' dir='ltr' id='par_1_5' title="bbox 173 606 971 666">
     <span class='ocr_line' id='line_1_5' title="bbox 173 606 971 666; baseline -0.003 -2"><span class='ocrx_word' id='word_1_35' title='bbox 173 623 308 664; x_wconf 88' lang='lat' dir='ltr'>men</span> <span class='ocrx_word' id='word_1_36' title='bbox 350 606 612 663; x_wconf 85' lang='lat' dir='ltr'>Domini.</span> <span class='ocrx_word' id='word_1_37' title='bbox 646 616 714 666; x_wconf 63' lang='grc' dir='ltr'><strong>ἢ.</strong></span> <span class='ocrx_word' id='word_1_38' title='bbox 757 607 971 662; x_wconf 84' lang='lat' dir='ltr'>Amen.</span> 
     </span>
    </p>
   </div>
   <div class='ocr_carea' id='block_1_6' title="bbox 241 694 1832 771">
    <p class='ocr_par' dir='ltr' id='par_1_6' title="bbox 241 694 1832 771">
     <span class='ocr_line' id='line_1_6' title="bbox 241 694 1832 771; baseline 0.001 -19"><span class='ocrx_word' id='word_1_39' title='bbox 241 697 614 766; x_wconf 82' lang='lat' dir='ltr'>Antiphona.</span> <span class='ocrx_word' id='word_1_40' title='bbox 647 696 699 750; x_wconf 77' lang='grc'>1.</span> <span class='ocrx_word' id='word_1_41' title='bbox 728 694 1098 753; x_wconf 89' lang='lat' dir='ltr'>Desiderium</span> <span class='ocrx_word' id='word_1_42' title='bbox 1119 711 1456 771; x_wconf 82' lang='lat' dir='ltr'>pauperum</span> <span class='ocrx_word' id='word_1_43' title='bbox 1482 698 1700 754; x_wconf 84' lang='lat' dir='ltr'>exaudi</span> <span class='ocrx_word' id='word_1_44' title='bbox 1725 699 1832 754; x_wconf 84' lang='lat' dir='ltr'>Do-</span> 
     </span>
    </p>
   </div>
   <div class='ocr_carea' id='block_1_7' title="bbox 175 785 798 842">
    <p class='ocr_par' dir='ltr' id='par_1_7' title="bbox 175 785 798 842">
     <span class='ocr_line' id='line_1_7' title="bbox 175 785 798 842; baseline -0.006 0"><span class='ocrx_word' id='word_1_45' title='bbox 175 787 395 842; x_wconf 85' lang='lat' dir='ltr'>minus.</span> <span class='ocrx_word' id='word_1_46' title='bbox 425 785 700 841; x_wconf 81' lang='lat' dir='ltr'>Psalmus</span> <span class='ocrx_word' id='word_1_47' title='bbox 724 798 798 840; x_wconf 81' lang='lat' dir='ltr'>ix.</span> 
     </span>
    </p>
   </div>
   <div class='ocr_carea' id='block_1_8' title="bbox 250 873 1833 948">
    <p class='ocr_par' dir='ltr' id='par_1_8' title="bbox 250 873 1833 948">
     <span class='ocr_line' id='line_1_8' title="bbox 250 873 1833 948; baseline 0.001 -18"><span class='ocrx_word' id='word_1_48' title='bbox 250 875 476 931; x_wconf 79' lang='lat' dir='ltr'>Oratio.</span> <span class='ocrx_word' id='word_1_49' title='bbox 511 873 716 930; x_wconf 87' lang='lat' dir='ltr'>Exalta</span> <span class='ocrx_word' id='word_1_50' title='bbox 745 888 857 930; x_wconf 93' lang='lat' dir='ltr'>nos</span> <span class='ocrx_word' id='word_1_51' title='bbox 889 873 1140 932; x_wconf 85' lang='lat' dir='ltr'>Domine</span> <span class='ocrx_word' id='word_1_52' title='bbox 1170 874 1244 932; x_wconf 92' lang='lat' dir='ltr'>de</span> <span class='ocrx_word' id='word_1_53' title='bbox 1292 877 1476 948; x_wconf 90' lang='lat' dir='ltr'>portis</span> <span class='ocrx_word' id='word_1_54' title='bbox 1513 877 1745 948; x_wconf 88' lang='lat' dir='ltr'>mortis,</span> <span class='ocrx_word' id='word_1_55' title='bbox 1768 879 1833 932; x_wconf 90' lang='lat' dir='ltr'>ut</span> 
     </span>
    </p>
   </div>
   <div class='ocr_carea' id='block_1_9' title="bbox 177 963 1827 1040">
    <p class='ocr_par' dir='ltr' id='par_1_9' title="bbox 177 963 1827 1040">
     <span class='ocr_line' id='line_1_9' title="bbox 177 963 1827 1040; baseline 0.001 -20"><span class='ocrx_word' id='word_1_56' title='bbox 177 965 382 1021; x_wconf 84' lang='lat' dir='ltr'>laudes</span> <span class='ocrx_word' id='word_1_57' title='bbox 396 968 527 1020; x_wconf 91' lang='lat' dir='ltr'>tuas</span> <span class='ocrx_word' id='word_1_58' title='bbox 539 963 598 1019; x_wconf 92' lang='lat' dir='ltr'>in</span> <span class='ocrx_word' id='word_1_59' title='bbox 618 963 804 1034; x_wconf 87' lang='lat' dir='ltr'>portis</span> <span class='ocrx_word' id='word_1_60' title='bbox 816 963 959 1020; x_wconf 68' lang='lat' dir='ltr'>ﬁliae</span> <span class='ocrx_word' id='word_1_61' title='bbox 973 964 1110 1021; x_wconf 87' lang='lat' dir='ltr'>Sion</span> <span class='ocrx_word' id='word_1_62' title='bbox 1125 965 1478 1023; x_wconf 81' lang='lat' dir='ltr'>adnuntiare</span> <span class='ocrx_word' id='word_1_63' title='bbox 1490 967 1794 1040; x_wconf 87' lang='lat' dir='ltr'>possimus</span> <span class='ocrx_word' id='word_1_64' title='bbox 1814 984 1827 1022; x_wconf 91' lang='lat'><strong>:</strong></span> 
     </span>
    </p>
   </div>
   <div class='ocr_carea' id='block_1_10' title="bbox 178 1052 1830 1124">
    <p class='ocr_par' dir='ltr' id='par_1_10' title="bbox 178 1052 1830 1124">
     <span class='ocr_line' id='line_1_10' title="bbox 178 1052 1830 1124; baseline 0.001 -17"><span class='ocrx_word' id='word_1_65' title='bbox 178 1053 317 1109; x_wconf 84' lang='lat' dir='ltr'>illuc</span> <span class='ocrx_word' id='word_1_66' title='bbox 347 1068 458 1108; x_wconf 89' lang='lat' dir='ltr'>nos</span> <span class='ocrx_word' id='word_1_67' title='bbox 488 1052 803 1124; x_wconf 89' lang='lat' dir='ltr'>pertrahe;</span> <span class='ocrx_word' id='word_1_68' title='bbox 838 1057 894 1109; x_wconf 91' lang='lat' dir='ltr'>et</span> <span class='ocrx_word' id='word_1_69' title='bbox 916 1053 1054 1109; x_wconf 90' lang='lat' dir='ltr'>inde</span> <span class='ocrx_word' id='word_1_70' title='bbox 1085 1069 1197 1109; x_wconf 92' lang='lat' dir='ltr'>nos</span> <span class='ocrx_word' id='word_1_71' title='bbox 1221 1069 1463 1111; x_wconf 84' lang='lat' dir='ltr'><strong>remove</strong></span> <span class='ocrx_word' id='word_1_72' title='bbox 1495 1073 1508 1111; x_wconf 89' lang='lat'>:</span> <span class='ocrx_word' id='word_1_73' title='bbox 1536 1059 1601 1111; x_wconf 91' lang='lat' dir='ltr'>ut</span> <span class='ocrx_word' id='word_1_74' title='bbox 1625 1054 1703 1110; x_wconf 94' lang='lat' dir='ltr'>ad</span> <span class='ocrx_word' id='word_1_75' title='bbox 1729 1069 1830 1110; x_wconf 90' lang='lat' dir='ltr'>su-</span> 
     </span>
    </p>
   </div>
   <div class='ocr_carea' id='block_1_11' title="bbox 177 1141 1827 1215">
    <p class='ocr_par' dir='ltr' id='par_1_11' title="bbox 177 1141 1827 1215">
     <span class='ocr_line' id='line_1_11' title="bbox 177 1141 1827 1215; baseline 0 -17"><span class='ocrx_word' id='word_1_76' title='bbox 177 1157 424 1215; x_wconf 84' lang='lat' dir='ltr'>pernam</span> <span class='ocrx_word' id='word_1_77' title='bbox 436 1141 1055 1210; x_wconf 85' lang='lat' dir='ltr'>voluntatem,muntis</span> <span class='ocrx_word' id='word_1_78' title='bbox 1067 1147 1286 1199; x_wconf 76' lang='lat' dir='ltr'>nostrte</span> <span class='ocrx_word' id='word_1_79' title='bbox 1301 1160 1365 1199; x_wconf 92' lang='lat' dir='ltr'>se</span> <span class='ocrx_word' id='word_1_80' title='bbox 1378 1143 1827 1207; x_wconf 91' lang='lat' dir='ltr'>tendaterectio,</span> 
     </span>
    </p>
   </div>
   <div class='ocr_carea' id='block_1_12' title="bbox 174 1231 1830 1304">
    <p class='ocr_par' dir='ltr' id='par_1_12' title="bbox 174 1231 1830 1304">
     <span class='ocr_line' id='line_1_12' title="bbox 174 1231 1830 1304; baseline 0 -17"><span class='ocrx_word' id='word_1_81' title='bbox 174 1236 228 1287; x_wconf 90' lang='lat' dir='ltr'>et</span> <span class='ocrx_word' id='word_1_82' title='bbox 247 1231 636 1287; x_wconf 82' lang='lat' dir='ltr'>tenebrarum</span> <span class='ocrx_word' id='word_1_83' title='bbox 649 1245 852 1302; x_wconf 86' lang='lat' dir='ltr'>opera,</span> <span class='ocrx_word' id='word_1_84' title='bbox 873 1231 1281 1288; x_wconf 85' lang='lat' dir='ltr'>conversionis</span> <span class='ocrx_word' id='word_1_85' title='bbox 1298 1237 1516 1289; x_wconf 62' lang='lat' dir='ltr'>nostrae</span> <span class='ocrx_word' id='word_1_86' title='bbox 1532 1232 1830 1304; x_wconf 87' lang='lat' dir='ltr'>relinquat</span> 
     </span>
    </p>
   </div>
   <div class='ocr_carea' id='block_1_13' title="bbox 174 1321 769 1388">
    <p class='ocr_par' dir='ltr' id='par_1_13' title="bbox 174 1321 769 1388">
     <span class='ocr_line' id='line_1_13' title="bbox 174 1321 769 1388; baseline -0.003 -14"><span class='ocrx_word' id='word_1_87' title='bbox 174 1321 448 1376; x_wconf 79' lang='lat' dir='ltr'>intentio.</span> <span class='ocrx_word' id='word_1_88' title='bbox 475 1331 540 1388; x_wconf 60' lang='grc' dir='ltr'><strong>ἢ.</strong></span> <span class='ocrx_word' id='word_1_89' title='bbox 569 1324 769 1376; x_wconf 77' lang='lat' dir='ltr'>Amen.</span> 
     </span>
    </p>
   </div>
   <div class='ocr_carea' id='block_1_14' title="bbox 251 1407 1230 1480">
    <p class='ocr_par' dir='ltr' id='par_1_14' title="bbox 251 1407 1230 1480">
     <span class='ocr_line' id='line_1_14' title="bbox 251 1407 1230 1480; baseline 0.003 -17"><span class='ocrx_word' id='word_1_90' title='bbox 251 1410 365 1464; x_wconf 86' lang='lat' dir='ltr'>Per</span> <span class='ocrx_word' id='word_1_91' title='bbox 396 1407 867 1465; x_wconf 86' lang='lat' dir='ltr'>misericordiam</span> <span class='ocrx_word' id='word_1_92' title='bbox 895 1414 1078 1480; x_wconf 89' lang='lat' dir='ltr'>tuam,</span> <span class='ocrx_word' id='word_1_93' title='bbox 1123 1414 1230 1466; x_wconf 89' lang='lat' dir='ltr'>etc.</span> 
     </span>
    </p>
   </div>
   <div class='ocr_carea' id='block_1_15' title="bbox 244 1497 1830 1570">
    <p class='ocr_par' dir='ltr' id='par_1_15' title="bbox 244 1497 1830 1570">
     <span class='ocr_line' id='line_1_15' title="bbox 244 1497 1830 1570; baseline 0.003 -18"><span class='ocrx_word' id='word_1_94' title='bbox 244 1501 292 1552; x_wconf 86' lang='lat' dir='ltr'><strong><em>A</em></strong></span> <span class='ocrx_word' id='word_1_95' title='bbox 305 1498 601 1566; x_wconf 74' lang='lat' dir='ltr'>ntip/iona</span> <span class='ocrx_word' id='word_1_96' title='bbox 619 1501 670 1552; x_wconf 79' lang='lat'>2.</span> <span class='ocrx_word' id='word_1_97' title='bbox 687 1498 889 1553; x_wconf 78' lang='lat' dir='ltr'>Justus</span> <span class='ocrx_word' id='word_1_98' title='bbox 904 1498 1194 1554; x_wconf 92' lang='lat' dir='ltr'>Dominus</span> <span class='ocrx_word' id='word_1_99' title='bbox 1214 1503 1269 1554; x_wconf 91' lang='lat' dir='ltr'>et</span> <span class='ocrx_word' id='word_1_100' title='bbox 1277 1499 1297 1570; x_wconf 86' lang='lat' dir='ltr'>j</span> <span class='ocrx_word' id='word_1_101' title='bbox 1309 1497 1577 1556; x_wconf 90' lang='lat' dir='ltr'>ustitiam</span> <span class='ocrx_word' id='word_1_102' title='bbox 1592 1497 1830 1556; x_wconf 79' lang='lat' dir='ltr'>dilexit:</span> 
     </span>
    </p>
   </div>
   <div class='ocr_carea' id='block_1_16' title="bbox 175 1585 1442 1658">
    <p class='ocr_par' dir='ltr' id='par_1_16' title="bbox 175 1585 1442 1658">
     <span class='ocr_line' id='line_1_16' title="bbox 175 1585 1442 1658; baseline -0.001 -16"><span class='ocrx_word' id='word_1_103' title='bbox 175 1586 522 1658; x_wconf 68' lang='lat' dir='ltr'>aequitatem</span> <span class='ocrx_word' id='word_1_104' title='bbox 550 1585 709 1641; x_wconf 82' lang='lat' dir='ltr'>videt</span> <span class='ocrx_word' id='word_1_105' title='bbox 735 1585 934 1641; x_wconf 88' lang='lat' dir='ltr'>vultus</span> <span class='ocrx_word' id='word_1_106' title='bbox 964 1585 1112 1657; x_wconf 86' lang='lat' dir='ltr'>ejus.</span> <span class='ocrx_word' id='word_1_107' title='bbox 1139 1586 1358 1642; x_wconf 88' lang='lat' dir='ltr'>Psalm.</span> <span class='ocrx_word' id='word_1_108' title='bbox 1388 1604 1442 1641; x_wconf 87' lang='lat' dir='ltr'>x.</span> 
     </span>
    </p>
   </div>
   <div class='ocr_carea' id='block_1_17' title="bbox 246 1673 1913 1749">
    <p class='ocr_par' dir='ltr' id='par_1_17' title="bbox 246 1673 1913 1749">
     <span class='ocr_line' id='line_1_17' title="bbox 246 1673 1913 1749; baseline 0 -19"><span class='ocrx_word' id='word_1_109' title='bbox 246 1675 477 1730; x_wconf 82' lang='lat' dir='ltr'>Oratio.</span> <span class='ocrx_word' id='word_1_110' title='bbox 512 1676 718 1730; x_wconf 84' lang='lat' dir='ltr'>Justus</span> <span class='ocrx_word' id='word_1_111' title='bbox 738 1689 800 1729; x_wconf 91' lang='lat' dir='ltr'>es</span> <span class='ocrx_word' id='word_1_112' title='bbox 817 1673 1088 1744; x_wconf 88' lang='lat' dir='ltr'>Domine,</span> <span class='ocrx_word' id='word_1_113' title='bbox 1113 1679 1167 1730; x_wconf 91' lang='lat' dir='ltr'>et</span> <span class='ocrx_word' id='word_1_114' title='bbox 1180 1675 1475 1745; x_wconf 81' lang='lat' dir='ltr'>justitiam</span> <span class='ocrx_word' id='word_1_115' title='bbox 1501 1673 1723 1746; x_wconf 84' lang='lat' dir='ltr'>diligis,</span> <span class='ocrx_word' id='word_1_116' title='bbox 1752 1678 1835 1731; x_wconf 87' lang='lat' dir='ltr'>at-</span> <span class='ocrx_word' id='word_1_117' title='bbox 1856 1691 1913 1749; x_wconf 67' lang='grc' dir='ltr'>Β</span> 
     </span>
    </p>
   </div>
   <div class='ocr_carea' id='block_1_18' title="bbox 175 1761 1836 1836">
    <p class='ocr_par' dir='ltr' id='par_1_18' title="bbox 175 1761 1836 1836">
     <span class='ocr_line' id='line_1_18' title="bbox 175 1761 1836 1836; baseline 0.001 -17"><span class='ocrx_word' id='word_1_118' title='bbox 175 1779 292 1836; x_wconf 91' lang='lat' dir='ltr'>que</span> <span class='ocrx_word' id='word_1_119' title='bbox 320 1763 541 1835; x_wconf 84' lang='lat' dir='ltr'>aspicis</span> <span class='ocrx_word' id='word_1_120' title='bbox 568 1763 914 1835; x_wconf 62' lang='lat' dir='ltr'>aequitatem</span> <span class='ocrx_word' id='word_1_121' title='bbox 949 1780 960 1818; x_wconf 93' lang='lat'><strong>:</strong></span> <span class='ocrx_word' id='word_1_122' title='bbox 997 1763 1076 1820; x_wconf 90' lang='lat' dir='ltr'>da</span> <span class='ocrx_word' id='word_1_123' title='bbox 1104 1763 1279 1820; x_wconf 93' lang='lat' dir='ltr'>nobis</span> <span class='ocrx_word' id='word_1_124' title='bbox 1318 1769 1453 1820; x_wconf 86' lang='lat' dir='ltr'>ante</span> <span class='ocrx_word' id='word_1_125' title='bbox 1483 1761 1690 1821; x_wconf 89' lang='lat' dir='ltr'>oculos</span> <span class='ocrx_word' id='word_1_126' title='bbox 1732 1764 1836 1820; x_wconf 89' lang='lat' dir='ltr'>tibi</span> 
     </span>
    </p>
   </div>
   <div class='ocr_carea' id='block_1_19' title="bbox 175 1851 1834 1926">
    <p class='ocr_par' dir='ltr' id='par_1_19' title="bbox 175 1851 1834 1926">
     <span class='ocr_line' id='line_1_19' title="bbox 175 1851 1834 1926; baseline 0.001 -18"><span class='ocrx_word' id='word_1_127' title='bbox 175 1853 398 1925; x_wconf 88' lang='lat' dir='ltr'>placita</span> <span class='ocrx_word' id='word_1_128' title='bbox 427 1858 482 1908; x_wconf 89' lang='lat' dir='ltr'>et</span> <span class='ocrx_word' id='word_1_129' title='bbox 505 1851 803 1924; x_wconf 84' lang='lat' dir='ltr'>placitura</span> <span class='ocrx_word' id='word_1_130' title='bbox 826 1852 1144 1924; x_wconf 91' lang='lat' dir='ltr'>perﬁcere;</span> <span class='ocrx_word' id='word_1_131' title='bbox 1175 1857 1231 1910; x_wconf 92' lang='lat' dir='ltr'>et</span> <span class='ocrx_word' id='word_1_132' title='bbox 1256 1868 1490 1926; x_wconf 89' lang='lat' dir='ltr'>semper</span> <span class='ocrx_word' id='word_1_133' title='bbox 1506 1853 1690 1924; x_wconf 88' lang='lat' dir='ltr'>digna</span> <span class='ocrx_word' id='word_1_134' title='bbox 1719 1858 1834 1910; x_wconf 69' lang='lat' dir='ltr'>tuae</span> 
     </span>
    </p>
   </div>
   <div class='ocr_carea' id='block_1_20' title="bbox 170 1938 1833 2015">
    <p class='ocr_par' dir='ltr' id='par_1_20' title="bbox 170 1938 1833 2015">
     <span class='ocr_line' id='line_1_20' title="bbox 170 1938 1833 2015; baseline 0 -17"><span class='ocrx_word' id='word_1_135' title='bbox 170 1942 416 2012; x_wconf 70' lang='lat' dir='ltr'>justitiae</span> <span class='ocrx_word' id='word_1_136' title='bbox 463 1945 640 2013; x_wconf 89' lang='lat' dir='ltr'>atque</span> <span class='ocrx_word' id='word_1_137' title='bbox 685 1938 982 2013; x_wconf 71' lang='lat' dir='ltr'>aequitatis</span> <span class='ocrx_word' id='word_1_138' title='bbox 1029 1957 1211 2015; x_wconf 87' lang='lat' dir='ltr'>opera</span> <span class='ocrx_word' id='word_1_139' title='bbox 1259 1957 1704 1999; x_wconf 88' lang='lat' dir='ltr'>consummare.</span> <span class='ocrx_word' id='word_1_140' title='bbox 1769 1953 1833 2011; x_wconf 62' lang='lat' dir='ltr'>ﬁ.</span> 
     </span>
    </p>
   </div>
   <div class='ocr_carea' id='block_1_21' title="bbox 177 2035 389 2087">
    <p class='ocr_par' dir='ltr' id='par_1_21' title="bbox 177 2035 389 2087">
     <span class='ocr_line' id='line_1_21' title="bbox 177 2035 389 2087; baseline -0.005 -1"><span class='ocrx_word' id='word_1_141' title='bbox 177 2035 389 2087; x_wconf 76' lang='lat' dir='ltr'>Amen.</span> 
     </span>
    </p>
   </div>
   <div class='ocr_carea' id='block_1_22' title="bbox 250 2117 1095 2176">
    <p class='ocr_par' dir='ltr' id='par_1_22' title="bbox 250 2117 1095 2176">
     <span class='ocr_line' id='line_1_22' title="bbox 250 2117 1095 2176; baseline 0.001 -3"><span class='ocrx_word' id='word_1_142' title='bbox 250 2121 366 2175; x_wconf 88' lang='lat' dir='ltr'>Per</span> <span class='ocrx_word' id='word_1_143' title='bbox 397 2117 882 2175; x_wconf 88' lang='lat' dir='ltr'>misericordiam</span> <span class='ocrx_word' id='word_1_144' title='bbox 909 2123 1095 2176; x_wconf 85' lang='lat' dir='ltr'>tuam.</span> 
     </span>
    </p>
   </div>
   <div class='ocr_carea' id='block_1_23' title="bbox 245 2205 1837 2277">
    <p class='ocr_par' dir='ltr' id='par_1_23' title="bbox 245 2205 1837 2277">
     <span class='ocr_line' id='line_1_23' title="bbox 245 2205 1837 2277; baseline 0.001 -14"><span class='ocrx_word' id='word_1_145' title='bbox 245 2208 596 2277; x_wconf 79' lang='lat' dir='ltr'>Antiphona</span> <span class='ocrx_word' id='word_1_146' title='bbox 631 2211 680 2263; x_wconf 86' lang='lat'>3.</span> <span class='ocrx_word' id='word_1_147' title='bbox 713 2209 798 2263; x_wconf 91' lang='lat' dir='ltr'>Tu</span> <span class='ocrx_word' id='word_1_148' title='bbox 821 2209 1067 2264; x_wconf 89' lang='lat' dir='ltr'>Domine</span> <span class='ocrx_word' id='word_1_149' title='bbox 1097 2206 1360 2264; x_wconf 89' lang='lat' dir='ltr'>servabis</span> <span class='ocrx_word' id='word_1_150' title='bbox 1377 2221 1490 2264; x_wconf 91' lang='lat' dir='ltr'>nos</span> <span class='ocrx_word' id='word_1_151' title='bbox 1521 2223 1536 2263; x_wconf 88' lang='lat'><strong>:</strong></span> <span class='ocrx_word' id='word_1_152' title='bbox 1567 2205 1623 2264; x_wconf 83' lang='lat' dir='ltr'>ei</span> <span class='ocrx_word' id='word_1_153' title='bbox 1642 2211 1837 2265; x_wconf 90' lang='lat' dir='ltr'>custo-</span> 
     </span>
    </p>
   </div>
   <div class='ocr_carea' id='block_1_24' title="bbox 183 2295 1765 2369">
    <p class='ocr_par' dir='ltr' id='par_1_24' title="bbox 183 2295 1765 2369">
     <span class='ocr_line' id='line_1_24' title="bbox 183 2295 1765 2369; baseline 0.001 -19"><span class='ocrx_word' id='word_1_154' title='bbox 183 2296 316 2353; x_wconf 90' lang='lat' dir='ltr'>dies</span> <span class='ocrx_word' id='word_1_155' title='bbox 344 2311 459 2351; x_wconf 91' lang='lat' dir='ltr'>nos</span> <span class='ocrx_word' id='word_1_156' title='bbox 487 2299 523 2351; x_wconf 77' lang='lat' dir='ltr'>a</span> <span class='ocrx_word' id='word_1_157' title='bbox 564 2296 964 2364; x_wconf 82' lang='lat' dir='ltr'>generatione,</span> <span class='ocrx_word' id='word_1_158' title='bbox 994 2296 1055 2352; x_wconf 92' lang='lat' dir='ltr'>in</span> <span class='ocrx_word' id='word_1_159' title='bbox 1080 2295 1384 2369; x_wconf 80' lang='lat' dir='ltr'>progenie.</span> <span class='ocrx_word' id='word_1_160' title='bbox 1407 2295 1674 2353; x_wconf 81' lang='lat' dir='ltr'>Psalmus</span> <span class='ocrx_word' id='word_1_161' title='bbox 1693 2312 1765 2352; x_wconf 68' lang='grc' dir='ltr'><strong>χι.</strong></span> 
     </span>
    </p>
   </div>
   <div class='ocr_carea' id='block_1_25' title="bbox 237 2383 1830 2446">
    <p class='ocr_par' dir='ltr' id='par_1_25' title="bbox 237 2383 1830 2446">
     <span class='ocr_line' id='line_1_25' title="bbox 237 2383 1830 2446; baseline 0.002 -7"><span class='ocrx_word' id='word_1_162' title='bbox 237 2397 308 2446; x_wconf 62' lang='grc' dir='ltr'><strong>ἢ.</strong></span> <span class='ocrx_word' id='word_1_163' title='bbox 348 2386 781 2441; x_wconf 86' lang='lat' dir='ltr'>Convertamur</span> <span class='ocrx_word' id='word_1_164' title='bbox 833 2384 911 2441; x_wconf 88' lang='lat' dir='ltr'>ad</span> <span class='ocrx_word' id='word_1_165' title='bbox 957 2385 1279 2442; x_wconf 90' lang='lat' dir='ltr'>Dominum</span> <span class='ocrx_word' id='word_1_166' title='bbox 1313 2383 1498 2442; x_wconf 92' lang='lat' dir='ltr'>Deum</span> <span class='ocrx_word' id='word_1_167' title='bbox 1537 2390 1830 2442; x_wconf 91' lang='lat' dir='ltr'>nostrum.</span> 
     </span>
    </p>
   </div>
   <div class='ocr_carea' id='block_1_26' title="bbox 170 2473 1832 2545">
    <p class='ocr_par' dir='ltr' id='par_1_26' title="bbox 170 2473 1832 2545">
     <span class='ocr_line' id='line_1_26' title="bbox 170 2473 1832 2545; baseline 0.001 -17"><span class='ocrx_word' id='word_1_168' title='bbox 170 2475 226 2528; x_wconf 89' lang='lat' dir='ltr'>P.</span> <span class='ocrx_word' id='word_1_169' title='bbox 253 2474 560 2539; x_wconf 88' lang='lat' dir='ltr'>Quoniam</span> <span class='ocrx_word' id='word_1_170' title='bbox 583 2473 881 2545; x_wconf 91' lang='lat' dir='ltr'>benignus</span> <span class='ocrx_word' id='word_1_171' title='bbox 902 2489 970 2530; x_wconf 91' lang='lat' dir='ltr'>ac</span> <span class='ocrx_word' id='word_1_172' title='bbox 991 2475 1148 2530; x_wconf 91' lang='lat' dir='ltr'>mitis</span> <span class='ocrx_word' id='word_1_173' title='bbox 1170 2479 1257 2531; x_wconf 88' lang='lat' dir='ltr'>est</span> <span class='ocrx_word' id='word_1_174' title='bbox 1278 2473 1355 2531; x_wconf 89' lang='lat' dir='ltr'>ad</span> <span class='ocrx_word' id='word_1_175' title='bbox 1377 2475 1832 2544; x_wconf 85' lang='lat' dir='ltr'>ignoscendum.</span> 
     </span>
    </p>
   </div>
   <div class='ocr_carea' id='block_1_27' title="bbox 170 2561 1836 2635">
    <p class='ocr_par' dir='ltr' id='par_1_27' title="bbox 170 2561 1836 2635">
     <span class='ocr_line' id='line_1_27' title="bbox 170 2561 1836 2635; baseline 0 -14"><span class='ocrx_word' id='word_1_176' title='bbox 170 2563 225 2622; x_wconf 62' lang='grc' dir='ltr'>Ῠ.</span> <span class='ocrx_word' id='word_1_177' title='bbox 247 2563 459 2619; x_wconf 91' lang='lat' dir='ltr'>Venite</span> <span class='ocrx_word' id='word_1_178' title='bbox 485 2563 816 2619; x_wconf 81' lang='lat' dir='ltr'>exultemus</span> <span class='ocrx_word' id='word_1_179' title='bbox 840 2565 900 2618; x_wconf 94' lang='lat' dir='ltr'>in</span> <span class='ocrx_word' id='word_1_180' title='bbox 930 2564 1182 2621; x_wconf 91' lang='lat' dir='ltr'>Domino</span> <span class='ocrx_word' id='word_1_181' title='bbox 1214 2582 1230 2618; x_wconf 90' lang='lat'><strong><em>:</em></strong></span> <span class='ocrx_word' id='word_1_182' title='bbox 1258 2561 1584 2635; x_wconf 89' lang='lat' dir='ltr'>jubilemus</span> <span class='ocrx_word' id='word_1_183' title='bbox 1609 2565 1724 2621; x_wconf 92' lang='lat' dir='ltr'>Deo</span> <span class='ocrx_word' id='word_1_184' title='bbox 1746 2579 1836 2621; x_wconf 85' lang='lat' dir='ltr'>sa-</span> 
     </span>
    </p>
   </div>
   <div class='ocr_carea' id='block_1_28' title="bbox 168 2652 1838 2723">
    <p class='ocr_par' dir='ltr' id='par_1_28' title="bbox 168 2652 1838 2723">
     <span class='ocr_line' id='line_1_28' title="bbox 168 2652 1838 2723; baseline -0.001 -15"><span class='ocrx_word' id='word_1_185' title='bbox 168 2653 345 2708; x_wconf 84' lang='lat' dir='ltr'>lutari</span> <span class='ocrx_word' id='word_1_186' title='bbox 390 2657 620 2710; x_wconf 87' lang='lat' dir='ltr'>nostro.</span> <span class='ocrx_word' id='word_1_187' title='bbox 656 2653 726 2710; x_wconf 90' lang='lat' dir='ltr'>P.</span> <span class='ocrx_word' id='word_1_188' title='bbox 761 2653 1058 2718; x_wconf 85' lang='lat' dir='ltr'>Quoniam</span> <span class='ocrx_word' id='word_1_189' title='bbox 1089 2653 1408 2723; x_wconf 87' lang='lat' dir='ltr'>benignus.</span> <span class='ocrx_word' id='word_1_190' title='bbox 1433 2653 1501 2715; x_wconf 62' lang='lat' dir='ltr'>Y.</span> <span class='ocrx_word' id='word_1_191' title='bbox 1542 2652 1755 2722; x_wconf 87' lang='lat' dir='ltr'>Gloria,</span> <span class='ocrx_word' id='word_1_192' title='bbox 1781 2657 1838 2708; x_wconf 89' lang='lat' dir='ltr'>et</span> 
     </span>
    </p>
   </div>
   <div class='ocr_carea' id='block_1_29' title="bbox 172 2741 1039 2812">
    <p class='ocr_par' dir='ltr' id='par_1_29' title="bbox 172 2741 1039 2812">
     <span class='ocr_line' id='line_1_29' title="bbox 172 2741 1039 2812; baseline -0.001 -16"><span class='ocrx_word' id='word_1_193' title='bbox 172 2741 369 2798; x_wconf 86' lang='lat' dir='ltr'>honor</span> <span class='ocrx_word' id='word_1_194' title='bbox 403 2742 582 2796; x_wconf 88' lang='lat' dir='ltr'>Patri.</span> <span class='ocrx_word' id='word_1_195' title='bbox 617 2742 949 2797; x_wconf 80' lang='lat' dir='ltr'>Reiteretur</span> <span class='ocrx_word' id='word_1_196' title='bbox 976 2753 1039 2812; x_wconf 55' lang='lat' dir='ltr'>nr.</span> 
     </span>
    </p>
   </div>
   <div class='ocr_carea' id='block_1_30' title="bbox 243 2830 1839 2898">
    <p class='ocr_par' dir='ltr' id='par_1_30' title="bbox 243 2830 1839 2898">
     <span class='ocr_line' id='line_1_30' title="bbox 243 2830 1839 2898; baseline 0.002 -14"><span class='ocrx_word' id='word_1_197' title='bbox 243 2831 472 2887; x_wconf 86' lang='lat' dir='ltr'>Preces.</span> <span class='ocrx_word' id='word_1_198' title='bbox 498 2830 588 2885; x_wconf 80' lang='lat' dir='ltr'>Ad</span> <span class='ocrx_word' id='word_1_199' title='bbox 615 2835 669 2886; x_wconf 91' lang='lat' dir='ltr'>te</span> <span class='ocrx_word' id='word_1_200' title='bbox 700 2830 1056 2898; x_wconf 88' lang='lat' dir='ltr'>clamamus,</span> <span class='ocrx_word' id='word_1_201' title='bbox 1081 2830 1349 2888; x_wconf 90' lang='lat' dir='ltr'>Domine.</span> <span class='ocrx_word' id='word_1_202' title='bbox 1376 2831 1437 2886; x_wconf 90' lang='lat' dir='ltr'>P.</span> <span class='ocrx_word' id='word_1_203' title='bbox 1463 2831 1750 2897; x_wconf 87' lang='lat' dir='ltr'>Miserere,</span> <span class='ocrx_word' id='word_1_204' title='bbox 1781 2833 1839 2887; x_wconf 86' lang='lat' dir='ltr'>et</span> 
     </span>
    </p>
   </div>
   <div class='ocr_carea' id='block_1_31' title="bbox 174 2919 1836 2992">
    <p class='ocr_par' dir='ltr' id='par_1_31' title="bbox 174 2919 1836 2992">
     <span class='ocr_line' id='line_1_31' title="bbox 174 2919 1836 2992; baseline 0.001 -18"><span class='ocrx_word' id='word_1_205' title='bbox 174 2935 356 2991; x_wconf 85' lang='lat' dir='ltr'>parce</span> <span class='ocrx_word' id='word_1_206' title='bbox 400 2919 648 2990; x_wconf 90' lang='lat' dir='ltr'>populo.</span> <span class='ocrx_word' id='word_1_207' title='bbox 706 2931 768 2988; x_wconf 57' lang='lat' dir='ltr'>nu</span> <span class='ocrx_word' id='word_1_208' title='bbox 799 2919 1195 2984; x_wconf 89' lang='lat' dir='ltr'>Sarcerdotes,</span> <span class='ocrx_word' id='word_1_209' title='bbox 1237 2924 1419 2992; x_wconf 85' lang='lat' dir='ltr'>orate,</span> <span class='ocrx_word' id='word_1_210' title='bbox 1479 2923 1536 2976; x_wconf 90' lang='lat' dir='ltr'>et</span> <span class='ocrx_word' id='word_1_211' title='bbox 1591 2919 1836 2976; x_wconf 90' lang='lat' dir='ltr'>ﬂecten-</span> 
     </span>
    </p>
   </div>
   <div class='ocr_carea' id='block_1_32' title="bbox 177 3007 1904 3098">
    <p class='ocr_par' dir='ltr' id='par_1_32' title="bbox 177 3007 1904 3098">
     <span class='ocr_line' id='line_1_32' title="bbox 177 3007 1904 3098; baseline 0.001 -36"><span class='ocrx_word' id='word_1_212' title='bbox 177 3013 282 3098; x_wconf 76' lang='lat' dir='ltr'>tes</span> <span class='ocrx_word' id='word_1_213' title='bbox 312 3023 527 3098; x_wconf 81' lang='lat' dir='ltr'>genua,</span> <span class='ocrx_word' id='word_1_214' title='bbox 580 3007 755 3098; x_wconf 88' lang='lat' dir='ltr'>dicite</span> <span class='ocrx_word' id='word_1_215' title='bbox 788 3025 805 3063; x_wconf 86' lang='lat'><strong><em>:</em></strong></span> <span class='ocrx_word' id='word_1_216' title='bbox 846 3008 904 3064; x_wconf 91' lang='lat' dir='ltr'>P.</span> <span class='ocrx_word' id='word_1_217' title='bbox 943 3008 1224 3098; x_wconf 82' lang='lat' dir='ltr'>Miserere,</span> <span class='ocrx_word' id='word_1_218' title='bbox 1271 3013 1327 3064; x_wconf 93' lang='lat' dir='ltr'>et</span> <span class='ocrx_word' id='word_1_219' title='bbox 1373 3024 1584 3098; x_wconf 61' lang='lat' dir='ltr'>parce.</span> <span class='ocrx_word' id='word_1_220' title='bbox 1614 3008 1676 3098; x_wconf 6' lang='lat' dir='ltr'>vi.</span> <span class='ocrx_word' id='word_1_221' title='bbox 1719 3007 1835 3065; x_wconf 91' lang='lat' dir='ltr'>Nos</span> <span class='ocrx_word' id='word_1_222' title='bbox 1862 3042 1904 3098; x_wconf 62' lang='grc' dir='ltr'>α</span> 
     </span>
    </p>
   </div>
   <div class='ocr_carea' id='block_1_33' title="bbox 180 3095 1832 3167">
    <p class='ocr_par' dir='ltr' id='par_1_33' title="bbox 180 3095 1832 3167">
     <span class='ocr_line' id='line_1_33' title="bbox 180 3095 1832 3167; baseline 0.002 -18"><span class='ocrx_word' id='word_1_223' title='bbox 180 3095 289 3150; x_wconf 88' lang='lat' dir='ltr'>tibi</span> <span class='ocrx_word' id='word_1_224' title='bbox 317 3096 425 3150; x_wconf 92' lang='lat' dir='ltr'>soli</span> <span class='ocrx_word' id='word_1_225' title='bbox 457 3097 862 3167; x_wconf 81' lang='lat' dir='ltr'>peccavimus,</span> <span class='ocrx_word' id='word_1_226' title='bbox 902 3101 959 3154; x_wconf 90' lang='lat' dir='ltr'>et</span> <span class='ocrx_word' id='word_1_227' title='bbox 980 3097 1211 3154; x_wconf 88' lang='lat' dir='ltr'>malum</span> <span class='ocrx_word' id='word_1_228' title='bbox 1244 3112 1446 3154; x_wconf 90' lang='lat' dir='ltr'>coram</span> <span class='ocrx_word' id='word_1_229' title='bbox 1477 3101 1532 3152; x_wconf 90' lang='lat' dir='ltr'>te</span> <span class='ocrx_word' id='word_1_230' title='bbox 1562 3097 1832 3153; x_wconf 92' lang='lat' dir='ltr'>fecimus.</span> 
     </span>
    </p>
   </div>
   <div class='ocr_carea' id='block_1_34' title="bbox 178 3185 557 3241">
    <p class='ocr_par' dir='ltr' id='par_1_34' title="bbox 178 3185 557 3241">
     <span class='ocr_line' id='line_1_34' title="bbox 178 3185 557 3241; baseline 0.005 -2"><span class='ocrx_word' id='word_1_231' title='bbox 178 3185 241 3240; x_wconf 88' lang='lat' dir='ltr'>P.</span> <span class='ocrx_word' id='word_1_232' title='bbox 270 3185 557 3241; x_wconf 79' lang='lat' dir='ltr'>Miserere.</span> 
     </span>
    </p>
   </div>
   <div class='ocr_carea' id='block_1_35' title="bbox 243 3273 1834 3348">
    <p class='ocr_par' dir='ltr' id='par_1_35' title="bbox 243 3273 1834 3348">
     <span class='ocr_line' id='line_1_35' title="bbox 243 3273 1834 3348; baseline 0 -16"><span class='ocrx_word' id='word_1_233' title='bbox 243 3274 303 3332; x_wconf 70' lang='grc' dir='ltr'>ῒ.</span> <span class='ocrx_word' id='word_1_234' title='bbox 327 3279 601 3344; x_wconf 84' lang='lat' dir='ltr'>Agnosce</span> <span class='ocrx_word' id='word_1_235' title='bbox 640 3275 822 3343; x_wconf 86' lang='lat' dir='ltr'>mala,</span> <span class='ocrx_word' id='word_1_236' title='bbox 849 3290 984 3348; x_wconf 68' lang='lat' dir='ltr'>quia</span> <span class='ocrx_word' id='word_1_237' title='bbox 1004 3275 1333 3348; x_wconf 80' lang='lat' dir='ltr'><strong>gessimus:</strong></span> <span class='ocrx_word' id='word_1_238' title='bbox 1361 3277 1486 3332; x_wconf 90' lang='lat' dir='ltr'>esto</span> <span class='ocrx_word' id='word_1_239' title='bbox 1510 3273 1834 3347; x_wconf 90' lang='lat' dir='ltr'>nobispro-</span> 
     </span>
    </p>
   </div>
   <div class='ocr_carea' id='block_1_36' title="bbox 174 3363 1834 3436">
    <p class='ocr_par' dir='ltr' id='par_1_36' title="bbox 174 3363 1834 3436">
     <span class='ocr_line' id='line_1_36' title="bbox 174 3363 1834 3436; baseline 0.002 -19"><span class='ocrx_word' id='word_1_240' title='bbox 174 3363 376 3432; x_wconf 91' lang='lat' dir='ltr'>pitius.</span> <span class='ocrx_word' id='word_1_241' title='bbox 419 3363 485 3417; x_wconf 86' lang='lat' dir='ltr'>P.</span> <span class='ocrx_word' id='word_1_242' title='bbox 527 3363 817 3421; x_wconf 74' lang='lat' dir='ltr'>Miserere.</span> <span class='ocrx_word' id='word_1_243' title='bbox 879 3374 943 3430; x_wconf 58' lang='grc' dir='ltr'>ἢ.</span> <span class='ocrx_word' id='word_1_244' title='bbox 1001 3368 1278 3421; x_wconf 80' lang='lat' dir='ltr'>Arentem</span> <span class='ocrx_word' id='word_1_245' title='bbox 1333 3369 1550 3421; x_wconf 89' lang='lat' dir='ltr'>terram</span> <span class='ocrx_word' id='word_1_246' title='bbox 1582 3365 1713 3436; x_wconf 89' lang='lat' dir='ltr'>jam</span> <span class='ocrx_word' id='word_1_247' title='bbox 1746 3379 1834 3420; x_wconf 89' lang='lat' dir='ltr'>re-</span> 
     </span>
    </p>
   </div>
   <div class='ocr_carea' id='block_1_37' title="bbox 181 3452 1834 3523">
    <p class='ocr_par' dir='ltr' id='par_1_37' title="bbox 181 3452 1834 3523">
     <span class='ocr_line' id='line_1_37' title="bbox 181 3452 1834 3523; baseline 0.003 -20"><span class='ocrx_word' id='word_1_248' title='bbox 181 3452 337 3523; x_wconf 87' lang='lat' dir='ltr'>spice</span> <span class='ocrx_word' id='word_1_249' title='bbox 371 3459 474 3517; x_wconf 86' lang='lat' dir='ltr'>;et</span> <span class='ocrx_word' id='word_1_250' title='bbox 516 3453 778 3509; x_wconf 86' lang='lat' dir='ltr'>imbrem</span> <span class='ocrx_word' id='word_1_251' title='bbox 835 3453 1039 3522; x_wconf 64' lang='lat' dir='ltr'>gratiae</span> <span class='ocrx_word' id='word_1_252' title='bbox 1081 3453 1295 3511; x_wconf 89' lang='lat' dir='ltr'>tribue.</span> <span class='ocrx_word' id='word_1_253' title='bbox 1336 3453 1401 3509; x_wconf 89' lang='lat' dir='ltr'>P.</span> <span class='ocrx_word' id='word_1_254' title='bbox 1442 3453 1727 3520; x_wconf 82' lang='lat' dir='ltr'>Miserere,</span> <span class='ocrx_word' id='word_1_255' title='bbox 1779 3456 1834 3508; x_wconf 92' lang='lat' dir='ltr'>et</span> 
     </span>
    </p>
   </div>
   <div class='ocr_carea' id='block_1_38' title="bbox 173 3542 769 3614">
    <p class='ocr_par' dir='ltr' id='par_1_38' title="bbox 173 3542 769 3614">
     <span class='ocr_line' id='line_1_38' title="bbox 173 3542 769 3614; baseline 0.003 -18"><span class='ocrx_word' id='word_1_256' title='bbox 173 3555 352 3610; x_wconf 89' lang='lat' dir='ltr'>parce</span> <span class='ocrx_word' id='word_1_257' title='bbox 383 3542 616 3614; x_wconf 88' lang='lat' dir='ltr'>populo</span> <span class='ocrx_word' id='word_1_258' title='bbox 637 3546 769 3598; x_wconf 91' lang='lat' dir='ltr'>tuo.</span> 
     </span>
    </p>
   </div>
   <div class='ocr_carea' id='block_1_39' title="bbox 245 3631 1832 3705">
    <p class='ocr_par' dir='ltr' id='par_1_39' title="bbox 245 3631 1832 3705">
     <span class='ocr_line' id='line_1_39' title="bbox 245 3631 1832 3705; baseline 0.003 -20"><span class='ocrx_word' id='word_1_259' title='bbox 245 3631 512 3700; x_wconf 82' lang='lat' dir='ltr'>Hymnus</span> <span class='ocrx_word' id='word_1_260' title='bbox 535 3632 825 3688; x_wconf 81' lang='lat' dir='ltr'>dicendus</span> <span class='ocrx_word' id='word_1_261' title='bbox 849 3647 957 3702; x_wconf 78' lang='lat' dir='ltr'>per</span> <span class='ocrx_word' id='word_1_262' title='bbox 985 3646 1184 3689; x_wconf 85' lang='lat' dir='ltr'>omnes</span> <span class='ocrx_word' id='word_1_263' title='bbox 1205 3632 1325 3689; x_wconf 80' lang='lat' dir='ltr'>dies</span> <span class='ocrx_word' id='word_1_264' title='bbox 1349 3632 1832 3705; x_wconf 72' lang='lat' dir='ltr'>Quadragesima!</span> 
     </span>
    </p>
   </div>
   <div class='ocr_carea' id='block_1_40' title="bbox 177 3719 1832 3791">
    <p class='ocr_par' dir='ltr' id='par_1_40' title="bbox 177 3719 1832 3791">
     <span class='ocr_line' id='line_1_40' title="bbox 177 3719 1832 3791; baseline 0.002 -17"><span class='ocrx_word' id='word_1_265' title='bbox 177 3720 251 3774; x_wconf 86' lang='lat' dir='ltr'>ad</span> <span class='ocrx_word' id='word_1_266' title='bbox 286 3721 571 3787; x_wconf 85' lang='lat' dir='ltr'>Tertiam,</span> <span class='ocrx_word' id='word_1_267' title='bbox 611 3722 705 3778; x_wconf 84' lang='lat' dir='ltr'>vel</span> <span class='ocrx_word' id='word_1_268' title='bbox 736 3721 993 3786; x_wconf 74' lang='lat' dir='ltr'>Sextum,</span> <span class='ocrx_word' id='word_1_269' title='bbox 1025 3723 1118 3779; x_wconf 84' lang='lat' dir='ltr'>vel</span> <span class='ocrx_word' id='word_1_270' title='bbox 1160 3722 1395 3778; x_wconf 78' lang='lat' dir='ltr'>Nonum</span> <span class='ocrx_word' id='word_1_271' title='bbox 1428 3719 1596 3791; x_wconf 70' lang='lat' dir='ltr'>infra</span> <span class='ocrx_word' id='word_1_272' title='bbox 1621 3722 1832 3779; x_wconf 83' lang='lat' dir='ltr'>hebdo-</span> 
     </span>
    </p>
   </div>
   <div class='ocr_carea' id='block_1_41' title="bbox 178 3811 428 3867">
    <p class='ocr_par' dir='ltr' id='par_1_41' title="bbox 178 3811 428 3867">
     <span class='ocr_line' id='line_1_41' title="bbox 178 3811 428 3867; baseline 0.012 -3"><span class='ocrx_word' id='word_1_273' title='bbox 178 3811 428 3867; x_wconf 84' lang='lat' dir='ltr'>madam.</span> 
     </span>
    </p>
   </div>
   <div class='ocr_carea' id='block_1_42' title="bbox 781 3913 1232 3957">
    <p class='ocr_par' dir='ltr' id='par_1_42' title="bbox 781 3913 1232 3957">
     <span class='ocr_line' id='line_1_42' title="bbox 781 3913 1232 3957; baseline 0.002 -2"><span class='ocrx_word' id='word_1_274' title='bbox 781 3913 940 3957; x_wconf 70' lang='lat' dir='ltr'>FERIA</span> <span class='ocrx_word' id='word_1_275' title='bbox 971 3915 1232 3956; x_wconf 74' lang='lat' dir='ltr'>SECUNDA.</span> 
     </span>
    </p>
   </div>
   <div class='ocr_carea' id='block_1_43' title="bbox 861 3989 1148 4059">
    <p class='ocr_par' dir='ltr' id='par_1_43' title="bbox 861 3989 1148 4059">
     <span class='ocr_line' id='line_1_43' title="bbox 861 3989 1148 4059; baseline 0.003 -16"><span class='ocrx_word' id='word_1_276' title='bbox 861 3989 1148 4059; x_wconf 83' lang='lat' dir='ltr'>Hymnus.</span> 
     </span>
    </p>
   </div>
   <div class='ocr_carea' id='block_1_44' title="bbox 424 4077 1828 4145">
    <p class='ocr_par' dir='ltr' id='par_1_44' title="bbox 424 4077 1828 4145">
     <span class='ocr_line' id='line_1_44' title="bbox 424 4077 1828 4145; baseline 0.002 -13"><span class='ocrx_word' id='word_1_277' title='bbox 424 4078 469 4132; x_wconf 90' lang='grc' dir='ltr'>Ο</span> <span class='ocrx_word' id='word_1_278' title='bbox 495 4080 818 4145; x_wconf 81' lang='lat' dir='ltr'>Nazarene,</span> <span class='ocrx_word' id='word_1_279' title='bbox 833 4077 938 4134; x_wconf 88' lang='lat' dir='ltr'>lux</span> <span class='ocrx_word' id='word_1_280' title='bbox 961 4077 1324 4145; x_wconf 89' lang='lat' dir='ltr'>Bethlehem,</span> <span class='ocrx_word' id='word_1_281' title='bbox 1346 4077 1600 4133; x_wconf 86' lang='lat' dir='ltr'>Verbum</span> <span class='ocrx_word' id='word_1_282' title='bbox 1621 4077 1828 4136; x_wconf 85' lang='lat' dir='ltr'>Patris.</span> 
     </span>
    </p>
   </div>
   <div class='ocr_carea' id='block_1_45' title="bbox 357 4166 1540 4239">
    <p class='ocr_par' dir='ltr' id='par_1_45' title="bbox 357 4166 1540 4239">
     <span class='ocr_line' id='line_1_45' title="bbox 357 4166 1540 4239; baseline 0.001 -18"><span class='ocrx_word' id='word_1_283' title='bbox 357 4167 550 4231; x_wconf 84' lang='lat' dir='ltr'>Quem</span> <span class='ocrx_word' id='word_1_284' title='bbox 575 4171 778 4238; x_wconf 90' lang='lat' dir='ltr'>partus</span> <span class='ocrx_word' id='word_1_285' title='bbox 804 4167 920 4223; x_wconf 91' lang='lat' dir='ltr'>alvi</span> <span class='ocrx_word' id='word_1_286' title='bbox 943 4167 1253 4237; x_wconf 89' lang='lat' dir='ltr'>Virginalis</span> <span class='ocrx_word' id='word_1_287' title='bbox 1283 4166 1540 4239; x_wconf 88' lang='lat' dir='ltr'>protulit,</span> 
     </span>
    </p>
   </div>
   <div class='ocr_carea' id='block_1_46' title="bbox 365 4253 1512 4329">
    <p class='ocr_par' dir='ltr' id='par_1_46' title="bbox 365 4253 1512 4329">
     <span class='ocr_line' id='line_1_46' title="bbox 365 4253 1512 4329; baseline 0.003 -22"><span class='ocrx_word' id='word_1_288' title='bbox 365 4253 580 4311; x_wconf 81' lang='lat' dir='ltr'>Adesto</span> <span class='ocrx_word' id='word_1_289' title='bbox 607 4256 803 4322; x_wconf 87' lang='lat' dir='ltr'>castis,</span> <span class='ocrx_word' id='word_1_290' title='bbox 839 4255 1086 4321; x_wconf 85' lang='lat' dir='ltr'>Christe,</span> <span class='ocrx_word' id='word_1_291' title='bbox 1109 4256 1512 4329; x_wconf 88' lang='lat' dir='ltr'>parsimoniis,</span> 
     </span>
    </p>
   </div>
   <div class='ocr_carea' id='block_1_47' title="bbox 362 4345 1720 4419">
    <p class='ocr_par' dir='ltr' id='par_1_47' title="bbox 362 4345 1720 4419">
     <span class='ocr_line' id='line_1_47' title="bbox 362 4345 1720 4419; baseline 0.002 -19"><span class='ocrx_word' id='word_1_292' title='bbox 362 4346 718 4418; x_wconf 90' lang='lat' dir='ltr'>Festumque</span> <span class='ocrx_word' id='word_1_293' title='bbox 747 4349 1021 4402; x_wconf 89' lang='lat' dir='ltr'>nostrum</span> <span class='ocrx_word' id='word_1_294' title='bbox 1051 4362 1156 4402; x_wconf 91' lang='lat' dir='ltr'>rex</span> <span class='ocrx_word' id='word_1_295' title='bbox 1181 4362 1424 4402; x_wconf 92' lang='lat' dir='ltr'>serenus</span> <span class='ocrx_word' id='word_1_296' title='bbox 1454 4345 1720 4419; x_wconf 88' lang='lat' dir='ltr'>adspice,</span> 
     </span>
    </p>
   </div>
   <div class='ocr_carea' id='block_1_48' title="bbox 360 4433 1528 4504">
    <p class='ocr_par' dir='ltr' id='par_1_48' title="bbox 360 4433 1528 4504">
     <span class='ocr_line' id='line_1_48' title="bbox 360 4433 1528 4504; baseline -0.001 -15"><span class='ocrx_word' id='word_1_297' title='bbox 360 4433 732 4504; x_wconf 82' lang='lat' dir='ltr'>Jejuniorum</span> <span class='ocrx_word' id='word_1_298' title='bbox 764 4435 911 4490; x_wconf 92' lang='lat' dir='ltr'>dum</span> <span class='ocrx_word' id='word_1_299' title='bbox 939 4435 1180 4491; x_wconf 89' lang='lat' dir='ltr'>litamus</span> <span class='ocrx_word' id='word_1_300' title='bbox 1207 4435 1528 4491; x_wconf 86' lang='lat' dir='ltr'>victimam.</span> 
     </span>
    </p>
   </div>
   <div class='ocr_carea' id='block_1_49' title="bbox 420 4523 1516 4598">
    <p class='ocr_par' dir='ltr' id='par_1_49' title="bbox 420 4523 1516 4598">
     <span class='ocr_line' id='line_1_49' title="bbox 420 4523 1516 4598; baseline 0.002 -18"><span class='ocrx_word' id='word_1_301' title='bbox 420 4523 510 4580; x_wconf 82' lang='lat' dir='ltr'>Nil</span> <span class='ocrx_word' id='word_1_302' title='bbox 534 4524 652 4580; x_wconf 90' lang='lat' dir='ltr'>hoc</span> <span class='ocrx_word' id='word_1_303' title='bbox 680 4525 944 4597; x_wconf 86' lang='lat' dir='ltr'>profecto</span> <span class='ocrx_word' id='word_1_304' title='bbox 969 4525 1181 4598; x_wconf 90' lang='lat' dir='ltr'>purius</span> <span class='ocrx_word' id='word_1_305' title='bbox 1209 4526 1516 4597; x_wconf 87' lang='lat' dir='ltr'>mysterio,</span> 
     </span>
    </p>
   </div>
   <div class='ocr_carea' id='block_1_50' title="bbox 355 4613 1411 4686">
    <p class='ocr_par' dir='ltr' id='par_1_50' title="bbox 355 4613 1411 4686">
     <span class='ocr_line' id='line_1_50' title="bbox 355 4613 1411 4686; baseline -0.001 -17"><span class='ocrx_word' id='word_1_306' title='bbox 355 4614 483 4679; x_wconf 88' lang='lat' dir='ltr'>Quo</span> <span class='ocrx_word' id='word_1_307' title='bbox 513 4613 670 4669; x_wconf 87' lang='lat' dir='ltr'>ﬁbra</span> <span class='ocrx_word' id='word_1_308' title='bbox 691 4613 888 4670; x_wconf 90' lang='lat' dir='ltr'>cordis</span> <span class='ocrx_word' id='word_1_309' title='bbox 909 4614 1183 4686; x_wconf 84' lang='lat' dir='ltr'>expiatur</span> <span class='ocrx_word' id='word_1_310' title='bbox 1212 4613 1411 4679; x_wconf 88' lang='lat' dir='ltr'>vividi,</span> 
     </span>
    </p>
   </div>
   <div class='ocr_carea' id='block_1_51' title="bbox 351 4702 1523 4776">
    <p class='ocr_par' dir='ltr' id='par_1_51' title="bbox 351 4702 1523 4776">
     <span class='ocr_line' id='line_1_51' title="bbox 351 4702 1523 4776; baseline 0.003 -19"><span class='ocrx_word' id='word_1_311' title='bbox 351 4702 753 4775; x_wconf 90' lang='lat' dir='ltr'>Intemperata</span> <span class='ocrx_word' id='word_1_312' title='bbox 780 4720 902 4776; x_wconf 91' lang='lat' dir='ltr'>quo</span> <span class='ocrx_word' id='word_1_313' title='bbox 927 4703 1254 4760; x_wconf 91' lang='lat' dir='ltr'>domantur</span> <span class='ocrx_word' id='word_1_314' title='bbox 1273 4703 1523 4771; x_wconf 87' lang='lat' dir='ltr'>viscera,</span> 
     </span>
    </p>
   </div>
   <div class='ocr_carea' id='block_1_52' title="bbox 349 4792 1604 4864">
    <p class='ocr_par' dir='ltr' id='par_1_52' title="bbox 349 4792 1604 4864">
     <span class='ocr_line' id='line_1_52' title="bbox 349 4792 1604 4864; baseline 0.002 -18"><span class='ocrx_word' id='word_1_315' title='bbox 349 4793 572 4848; x_wconf 79' lang='lat' dir='ltr'>Arvina</span> <span class='ocrx_word' id='word_1_316' title='bbox 610 4798 843 4863; x_wconf 87' lang='lat' dir='ltr'>putrem</span> <span class='ocrx_word' id='word_1_317' title='bbox 869 4808 942 4850; x_wconf 93' lang='lat' dir='ltr'>ne</span> <span class='ocrx_word' id='word_1_318' title='bbox 972 4792 1264 4849; x_wconf 90' lang='lat' dir='ltr'>resudans</span> <span class='ocrx_word' id='word_1_319' title='bbox 1295 4792 1604 4864; x_wconf 88' lang='lat' dir='ltr'>crapulam</span> 
     </span>
    </p>
   </div>
   <div class='ocr_carea' id='block_1_53' title="bbox 354 4879 1686 4952">
    <p class='ocr_par' dir='ltr' id='par_1_53' title="bbox 354 4879 1686 4952">
     <span class='ocr_line' id='line_1_53' title="bbox 354 4879 1686 4952; baseline 0.001 -15"><span class='ocrx_word' id='word_1_320' title='bbox 354 4879 839 4952; x_wconf 84' lang='lat' dir='ltr'>Obstrangulatee</span> <span class='ocrx_word' id='word_1_321' title='bbox 861 4882 1072 4937; x_wconf 88' lang='lat' dir='ltr'>mentis</span> <span class='ocrx_word' id='word_1_322' title='bbox 1102 4881 1409 4950; x_wconf 89' lang='lat' dir='ltr'>ingenium</span> <span class='ocrx_word' id='word_1_323' title='bbox 1434 4884 1686 4952; x_wconf 87' lang='lat' dir='ltr'>premat.</span> 
     </span>
    </p>
   </div>
   <div class='ocr_carea' id='block_1_54' title="bbox 420 4968 1668 5041">
    <p class='ocr_par' dir='ltr' id='par_1_54' title="bbox 420 4968 1668 5041">
     <span class='ocr_line' id='line_1_54' title="bbox 420 4968 1668 5041; baseline 0.001 -17"><span class='ocrx_word' id='word_1_324' title='bbox 420 4971 564 5026; x_wconf 84' lang='lat' dir='ltr'>Hinc</span> <span class='ocrx_word' id='word_1_325' title='bbox 598 4971 954 5041; x_wconf 82' lang='lat' dir='ltr'>subjugatur</span> <span class='ocrx_word' id='word_1_326' title='bbox 980 4969 1171 5033; x_wconf 89' lang='lat' dir='ltr'>luxus,</span> <span class='ocrx_word' id='word_1_327' title='bbox 1203 4973 1260 5024; x_wconf 88' lang='lat' dir='ltr'>et</span> <span class='ocrx_word' id='word_1_328' title='bbox 1291 4968 1472 5040; x_wconf 87' lang='lat' dir='ltr'>turpis</span> <span class='ocrx_word' id='word_1_329' title='bbox 1504 4968 1668 5040; x_wconf 88' lang='lat' dir='ltr'>gula,</span> 
     </span>
    </p>
   </div>
   <div class='ocr_carea' id='block_1_55' title="bbox 351 5057 1520 5130">
    <p class='ocr_par' dir='ltr' id='par_1_55' title="bbox 351 5057 1520 5130">
     <span class='ocr_line' id='line_1_55' title="bbox 351 5057 1520 5130; baseline 0 -18"><span class='ocrx_word' id='word_1_330' title='bbox 351 5058 478 5113; x_wconf 87' lang='lat' dir='ltr'>Vini</span> <span class='ocrx_word' id='word_1_331' title='bbox 505 5063 690 5130; x_wconf 86' lang='lat' dir='ltr'>atque</span> <span class='ocrx_word' id='word_1_332' title='bbox 714 5060 908 5114; x_wconf 90' lang='lat' dir='ltr'>somni</span> <span class='ocrx_word' id='word_1_333' title='bbox 941 5058 1203 5129; x_wconf 90' lang='lat' dir='ltr'>degener</span> <span class='ocrx_word' id='word_1_334' title='bbox 1233 5057 1520 5124; x_wconf 89' lang='lat' dir='ltr'>socordia,</span> 
     </span>
    </p>
   </div>
   <div class='ocr_carea' id='block_1_56' title="bbox 350 5143 1540 5218">
    <p class='ocr_par' dir='ltr' id='par_1_56' title="bbox 350 5143 1540 5218">
     <span class='ocr_line' id='line_1_56' title="bbox 350 5143 1540 5218; baseline -0.003 -15"><span class='ocrx_word' id='word_1_335' title='bbox 350 5147 559 5204; x_wconf 83' lang='lat' dir='ltr'>Libido</span> <span class='ocrx_word' id='word_1_336' title='bbox 588 5148 866 5214; x_wconf 88' lang='lat' dir='ltr'>sordens,</span> <span class='ocrx_word' id='word_1_337' title='bbox 891 5146 1327 5204; x_wconf 89' lang='lat' dir='ltr'>inverecundus</span> <span class='ocrx_word' id='word_1_338' title='bbox 1357 5143 1540 5218; x_wconf 88' lang='lat' dir='ltr'>lepos,</span> 
     </span>
    </p>
   </div>
   <div class='ocr_carea' id='block_1_57' title="bbox 349 5235 1686 5309">
    <p class='ocr_par' dir='ltr' id='par_1_57' title="bbox 349 5235 1686 5309">
     <span class='ocr_line' id='line_1_57' title="bbox 349 5235 1686 5309; baseline 0.002 -22"><span class='ocrx_word' id='word_1_339' title='bbox 349 5235 664 5309; x_wconf 70' lang='lat' dir='ltr'>Variaeque</span> <span class='ocrx_word' id='word_1_340' title='bbox 695 5242 885 5307; x_wconf 88' lang='lat' dir='ltr'>pestes</span> <span class='ocrx_word' id='word_1_341' title='bbox 924 5236 1348 5307; x_wconf 90' lang='lat' dir='ltr'>languidorum</span> <span class='ocrx_word' id='word_1_342' title='bbox 1395 5247 1686 5291; x_wconf 91' lang='lat' dir='ltr'>sensuum</span> 
     </span>
    </p>
   </div>
   <div class='ocr_carea' id='block_1_58' title="bbox 348 5324 1612 5397">
    <p class='ocr_par' dir='ltr' id='par_1_58' title="bbox 348 5324 1612 5397">
     <span class='ocr_line' id='line_1_58' title="bbox 348 5324 1612 5397; baseline 0.004 -20"><span class='ocrx_word' id='word_1_343' title='bbox 348 5326 594 5381; x_wconf 86' lang='lat' dir='ltr'>Parcam</span> <span class='ocrx_word' id='word_1_344' title='bbox 631 5324 896 5381; x_wconf 64' lang='lat' dir='ltr'>subactas</span> <span class='ocrx_word' id='word_1_345' title='bbox 924 5325 1305 5397; x_wconf 90' lang='lat' dir='ltr'>disciplinam</span> <span class='ocrx_word' id='word_1_346' title='bbox 1334 5324 1612 5382; x_wconf 91' lang='lat' dir='ltr'>sentiunt.</span> 
     </span>
    </p>
   </div>
   <div class='ocr_carea' id='block_1_59' title="bbox 421 5415 1679 5488">
    <p class='ocr_par' dir='ltr' id='par_1_59' title="bbox 421 5415 1679 5488">
     <span class='ocr_line' id='line_1_59' title="bbox 421 5415 1679 5488; baseline 0.002 -18"><span class='ocrx_word' id='word_1_347' title='bbox 421 5418 571 5472; x_wconf 77' lang='lat' dir='ltr'>Nam</span> <span class='ocrx_word' id='word_1_348' title='bbox 606 5416 650 5471; x_wconf 89' lang='lat' dir='ltr'>si</span> <span class='ocrx_word' id='word_1_349' title='bbox 689 5415 934 5472; x_wconf 88' lang='lat' dir='ltr'>licenter</span> <span class='ocrx_word' id='word_1_350' title='bbox 960 5416 1241 5472; x_wconf 82' lang='lat' dir='ltr'>difﬂuens</span> <span class='ocrx_word' id='word_1_351' title='bbox 1271 5421 1418 5488; x_wconf 87' lang='lat' dir='ltr'>potu</span> <span class='ocrx_word' id='word_1_352' title='bbox 1440 5419 1498 5472; x_wconf 90' lang='lat' dir='ltr'>et</span> <span class='ocrx_word' id='word_1_353' title='bbox 1523 5415 1679 5486; x_wconf 90' lang='lat' dir='ltr'>cibo,</span> 
     </span>
    </p>
   </div>
   <div class='ocr_carea' id='block_1_60' title="bbox 347 5503 1537 5576">
    <p class='ocr_par' dir='ltr' id='par_1_60' title="bbox 347 5503 1537 5576">
     <span class='ocr_line' id='line_1_60' title="bbox 347 5503 1537 5576; baseline 0.002 -16"><span class='ocrx_word' id='word_1_354' title='bbox 347 5503 375 5556; x_wconf 89' lang='lat' dir='ltr'><strong>J</strong></span> <span class='ocrx_word' id='word_1_355' title='bbox 383 5505 430 5576; x_wconf 89' lang='lat' dir='ltr'>ej</span> <span class='ocrx_word' id='word_1_356' title='bbox 442 5521 565 5564; x_wconf 85' lang='lat' dir='ltr'>una</span> <span class='ocrx_word' id='word_1_357' title='bbox 595 5505 706 5563; x_wconf 88' lang='lat' dir='ltr'>rite</span> <span class='ocrx_word' id='word_1_358' title='bbox 734 5508 1007 5564; x_wconf 89' lang='lat' dir='ltr'>membra</span> <span class='ocrx_word' id='word_1_359' title='bbox 1033 5519 1159 5564; x_wconf 92' lang='lat' dir='ltr'>non</span> <span class='ocrx_word' id='word_1_360' title='bbox 1183 5507 1537 5564; x_wconf 86' lang='lat' dir='ltr'>coerceant:</span> 
     </span>
    </p>
   </div>
   <div class='ocr_carea' id='block_1_61' title="bbox 2123 347 3482 422">
    <p class='ocr_par' dir='ltr' id='par_1_61' title="bbox 2123 347 3482 422">
     <span class='ocr_line' id='line_1_61' title="bbox 2123 347 3482 422; baseline 0.01 -23"><span class='ocrx_word' id='word_1_361' title='bbox 2123 347 2412 414; x_wconf 84' lang='lat' dir='ltr'>Sequitur,</span> <span class='ocrx_word' id='word_1_362' title='bbox 2442 347 2733 420; x_wconf 87' lang='lat' dir='ltr'>frequenti</span> <span class='ocrx_word' id='word_1_363' title='bbox 2765 351 3037 408; x_wconf 85' lang='lat' dir='ltr'>marcida</span> <span class='ocrx_word' id='word_1_364' title='bbox 3066 354 3482 422; x_wconf 90' lang='lat' dir='ltr'>oblectamine,</span> 
     </span>
    </p>
   </div>
   <div class='ocr_carea' id='block_1_62' title="bbox 2122 435 3259 512">
    <p class='ocr_par' dir='ltr' id='par_1_62' title="bbox 2122 435 3259 512">
     <span class='ocr_line' id='line_1_62' title="bbox 2122 435 3259 512; baseline 0.008 -22"><span class='ocrx_word' id='word_1_365' title='bbox 2122 435 2383 492; x_wconf 89' lang='lat' dir='ltr'>Scintilla</span> <span class='ocrx_word' id='word_1_366' title='bbox 2409 437 2621 493; x_wconf 90' lang='lat' dir='ltr'>mentis</span> <span class='ocrx_word' id='word_1_367' title='bbox 2649 443 2710 495; x_wconf 92' lang='lat' dir='ltr'>ut</span> <span class='ocrx_word' id='word_1_368' title='bbox 2738 443 2998 512; x_wconf 88' lang='lat' dir='ltr'>tepescat</span> <span class='ocrx_word' id='word_1_369' title='bbox 3025 443 3259 511; x_wconf 89' lang='lat' dir='ltr'>nobilis,</span> 
     </span>
    </p>
   </div>
   <div class='ocr_carea' id='block_1_63' title="bbox 2117 523 3399 603">
    <p class='ocr_par' dir='ltr' id='par_1_63' title="bbox 2117 523 3399 603">
     <span class='ocr_line' id='line_1_63' title="bbox 2117 523 3399 603; baseline 0.009 -25"><span class='ocrx_word' id='word_1_370' title='bbox 2117 523 2485 598; x_wconf 81' lang='lat' dir='ltr'>Animusque</span> <span class='ocrx_word' id='word_1_371' title='bbox 2507 525 2691 598; x_wconf 88' lang='lat' dir='ltr'>pigris</span> <span class='ocrx_word' id='word_1_372' title='bbox 2715 532 2915 585; x_wconf 86' lang='lat' dir='ltr'>stertat</span> <span class='ocrx_word' id='word_1_373' title='bbox 2944 533 3008 586; x_wconf 93' lang='lat' dir='ltr'>ut</span> <span class='ocrx_word' id='word_1_374' title='bbox 3028 532 3399 603; x_wconf 80' lang='lat' dir='ltr'>praecordiis.</span> 
     </span>
    </p>
   </div>
   <div class='ocr_carea' id='block_1_64' title="bbox 2188 612 3086 688">
    <p class='ocr_par' dir='ltr' id='par_1_64' title="bbox 2188 612 3086 688">
     <span class='ocr_line' id='line_1_64' title="bbox 2188 612 3086 688; baseline 0.011 -23"><span class='ocrx_word' id='word_1_375' title='bbox 2188 612 2396 670; x_wconf 89' lang='lat' dir='ltr'>Amen.</span> <span class='ocrx_word' id='word_1_376' title='bbox 2427 612 2646 680; x_wconf 87' lang='lat' dir='ltr'>Honor,</span> <span class='ocrx_word' id='word_1_377' title='bbox 2671 620 2952 688; x_wconf 89' lang='lat' dir='ltr'>potestas,</span> <span class='ocrx_word' id='word_1_378' title='bbox 2975 623 3086 675; x_wconf 89' lang='lat' dir='ltr'>etc.</span> 
     </span>
    </p>
   </div>
   <div class='ocr_carea' id='block_1_65' title="bbox 2567 719 2973 762">
    <p class='ocr_par' dir='ltr' id='par_1_65' title="bbox 2567 719 2973 762">
     <span class='ocr_line' id='line_1_65' title="bbox 2567 719 2973 762; baseline 0.007 -3"><span class='ocrx_word' id='word_1_379' title='bbox 2567 719 2726 759; x_wconf 73' lang='lat' dir='ltr'>PERIA</span> <span class='ocrx_word' id='word_1_380' title='bbox 2757 720 2949 762; x_wconf 79' lang='lat' dir='ltr'>TERTIA</span> <span class='ocrx_word' id='word_1_381' title='bbox 2962 749 2973 762; x_wconf 89' lang='lat'>.</span> 
     </span>
    </p>
   </div>
   <div class='ocr_carea' id='block_1_66' title="bbox 2560 793 2977 852">
    <p class='ocr_par' dir='ltr' id='par_1_66' title="bbox 2560 793 2977 852">
     <span class='ocr_line' id='line_1_66' title="bbox 2560 793 2977 852; baseline 0.005 -2"><span class='ocrx_word' id='word_1_382' title='bbox 2560 794 2660 850; x_wconf 87' lang='lat' dir='ltr'>Ad</span> <span class='ocrx_word' id='word_1_383' title='bbox 2695 793 2977 852; x_wconf 79' lang='lat' dir='ltr'>Tertiam.</span> 
     </span>
    </p>
   </div>
   <div class='ocr_carea' id='block_1_67' title="bbox 2614 884 2912 954">
    <p class='ocr_par' dir='ltr' id='par_1_67' title="bbox 2614 884 2912 954">
     <span class='ocr_line' id='line_1_67' title="bbox 2614 884 2912 954; baseline 0.01 -16"><span class='ocrx_word' id='word_1_384' title='bbox 2614 884 2912 954; x_wconf 83' lang='lat' dir='ltr'>Hymnus.</span> 
     </span>
    </p>
   </div>
   <div class='ocr_carea' id='block_1_68' title="bbox 2190 968 3376 1048">
    <p class='ocr_par' dir='ltr' id='par_1_68' title="bbox 2190 968 3376 1048">
     <span class='ocr_line' id='line_1_68' title="bbox 2190 968 3376 1048; baseline 0.008 -26"><span class='ocrx_word' id='word_1_385' title='bbox 2190 968 2510 1026; x_wconf 86' lang='lat' dir='ltr'>Frenentur</span> <span class='ocrx_word' id='word_1_386' title='bbox 2535 985 2676 1042; x_wconf 87' lang='lat' dir='ltr'>ergo</span> <span class='ocrx_word' id='word_1_387' title='bbox 2697 987 3019 1044; x_wconf 91' lang='lat' dir='ltr'>corporum</span> <span class='ocrx_word' id='word_1_388' title='bbox 3040 974 3376 1048; x_wconf 88' lang='lat' dir='ltr'>cupidines,</span> 
     </span>
    </p>
   </div>
   <div class='ocr_carea' id='block_1_69' title="bbox 2120 1055 3263 1135">
    <p class='ocr_par' dir='ltr' id='par_1_69' title="bbox 2120 1055 3263 1135">
     <span class='ocr_line' id='line_1_69' title="bbox 2120 1055 3263 1135; baseline 0.008 -25"><span class='ocrx_word' id='word_1_389' title='bbox 2120 1055 2359 1114; x_wconf 89' lang='lat' dir='ltr'>Detersa</span> <span class='ocrx_word' id='word_1_390' title='bbox 2383 1061 2438 1114; x_wconf 91' lang='lat' dir='ltr'>et</span> <span class='ocrx_word' id='word_1_391' title='bbox 2467 1057 2625 1115; x_wconf 91' lang='lat' dir='ltr'>intus</span> <span class='ocrx_word' id='word_1_392' title='bbox 2651 1061 2864 1117; x_wconf 89' lang='lat' dir='ltr'>emicet</span> <span class='ocrx_word' id='word_1_393' title='bbox 2899 1061 3216 1135; x_wconf 88' lang='lat' dir='ltr'>prudentia</span> <span class='ocrx_word' id='word_1_394' title='bbox 3251 1087 3263 1119; x_wconf 93' lang='lat'><strong>:</strong></span> 
     </span>
    </p>
   </div>
   <div class='ocr_carea' id='block_1_70' title="bbox 2123 1141 3145 1221">
    <p class='ocr_par' dir='ltr' id='par_1_70' title="bbox 2123 1141 3145 1221">
     <span class='ocr_line' id='line_1_70' title="bbox 2123 1141 3145 1221; baseline 0.009 -22"><span class='ocrx_word' id='word_1_395' title='bbox 2123 1141 2213 1200; x_wconf 94' lang='lat' dir='ltr'>Sic</span> <span class='ocrx_word' id='word_1_396' title='bbox 2236 1146 2488 1203; x_wconf 88' lang='lat' dir='ltr'>excitato</span> <span class='ocrx_word' id='word_1_397' title='bbox 2509 1147 2828 1221; x_wconf 86' lang='lat' dir='ltr'>perspicax</span> <span class='ocrx_word' id='word_1_398' title='bbox 2849 1151 3145 1216; x_wconf 89' lang='lat' dir='ltr'>acumine,</span> 
     </span>
    </p>
   </div>
   <div class='ocr_carea' id='block_1_71' title="bbox 2120 1232 3092 1311">
    <p class='ocr_par' dir='ltr' id='par_1_71' title="bbox 2120 1232 3092 1311">
     <span class='ocr_line' id='line_1_71' title="bbox 2120 1232 3092 1311; baseline 0.006 -23"><span class='ocrx_word' id='word_1_399' title='bbox 2120 1232 2405 1306; x_wconf 88' lang='lat' dir='ltr'>Liberque</span> <span class='ocrx_word' id='word_1_400' title='bbox 2426 1233 2571 1292; x_wconf 88' lang='lat' dir='ltr'>ﬂatu</span> <span class='ocrx_word' id='word_1_401' title='bbox 2599 1237 2822 1294; x_wconf 86' lang='lat' dir='ltr'>laxiore</span> <span class='ocrx_word' id='word_1_402' title='bbox 2853 1234 3092 1311; x_wconf 90' lang='lat' dir='ltr'>spiritus</span> 
     </span>
    </p>
   </div>
   <div class='ocr_carea' id='block_1_72' title="bbox 2119 1324 3298 1398">
    <p class='ocr_par' dir='ltr' id='par_1_72' title="bbox 2119 1324 3298 1398">
     <span class='ocr_line' id='line_1_72' title="bbox 2119 1324 3298 1398; baseline 0.008 -21"><span class='ocrx_word' id='word_1_403' title='bbox 2119 1324 2335 1378; x_wconf 85' lang='lat' dir='ltr'>Rerum</span> <span class='ocrx_word' id='word_1_404' title='bbox 2358 1325 2665 1380; x_wconf 87' lang='lat' dir='ltr'>Parentem</span> <span class='ocrx_word' id='word_1_405' title='bbox 2690 1325 2906 1382; x_wconf 89' lang='lat' dir='ltr'>rectius</span> <span class='ocrx_word' id='word_1_406' title='bbox 2933 1325 3298 1398; x_wconf 87' lang='lat' dir='ltr'>precabitur.</span> 
     </span>
    </p>
   </div>
   <div class='ocr_carea' id='block_1_73' title="bbox 2192 1410 3089 1472">
    <p class='ocr_par' dir='ltr' id='par_1_73' title="bbox 2192 1410 3089 1472">
     <span class='ocr_line' id='line_1_73' title="bbox 2192 1410 3089 1472; baseline 0.007 -6"><span class='ocrx_word' id='word_1_407' title='bbox 2192 1410 2344 1468; x_wconf 90' lang='lat' dir='ltr'>Elias</span> <span class='ocrx_word' id='word_1_408' title='bbox 2366 1411 2465 1468; x_wconf 88' lang='lat' dir='ltr'>tali</span> <span class='ocrx_word' id='word_1_409' title='bbox 2496 1413 2680 1470; x_wconf 89' lang='lat' dir='ltr'>crevit</span> <span class='ocrx_word' id='word_1_410' title='bbox 2707 1413 3089 1472; x_wconf 88' lang='lat' dir='ltr'>observantia</span> 
     </span>
    </p>
   </div>
   <div class='ocr_carea' id='block_1_74' title="bbox 2120 1500 3287 1574">
    <p class='ocr_par' dir='ltr' id='par_1_74' title="bbox 2120 1500 3287 1574">
     <span class='ocr_line' id='line_1_74' title="bbox 2120 1500 3287 1574; baseline 0.008 -21"><span class='ocrx_word' id='word_1_411' title='bbox 2120 1500 2295 1555; x_wconf 86' lang='lat' dir='ltr'>Vetus</span> <span class='ocrx_word' id='word_1_412' title='bbox 2320 1500 2629 1567; x_wconf 91' lang='lat' dir='ltr'>Sacerdos,</span> <span class='ocrx_word' id='word_1_413' title='bbox 2658 1501 2813 1558; x_wconf 90' lang='lat' dir='ltr'>ruris</span> <span class='ocrx_word' id='word_1_414' title='bbox 2845 1502 3065 1574; x_wconf 88' lang='lat' dir='ltr'>hospes</span> <span class='ocrx_word' id='word_1_415' title='bbox 3089 1505 3242 1561; x_wconf 89' lang='lat' dir='ltr'>aridi</span> <span class='ocrx_word' id='word_1_416' title='bbox 3273 1522 3287 1562; x_wconf 91' lang='lat'><strong>:</strong></span> 
     </span>
    </p>
   </div>
   <div class='ocr_carea' id='block_1_75' title="bbox 2123 1589 3592 1669">
    <p class='ocr_par' dir='ltr' id='par_1_75' title="bbox 2123 1589 3592 1669">
     <span class='ocr_line' id='line_1_75' title="bbox 2123 1589 3592 1669; baseline 0.008 -26"><span class='ocrx_word' id='word_1_417' title='bbox 2123 1590 2377 1659; x_wconf 84' lang='lat' dir='ltr'>Fragore</span> <span class='ocrx_word' id='word_1_418' title='bbox 2397 1589 2474 1646; x_wconf 92' lang='lat' dir='ltr'>ab</span> <span class='ocrx_word' id='word_1_419' title='bbox 2492 1591 2658 1648; x_wconf 91' lang='lat' dir='ltr'>omni</span> <span class='ocrx_word' id='word_1_420' title='bbox 2679 1606 2860 1664; x_wconf 88' lang='lat' dir='ltr'>quem</span> <span class='ocrx_word' id='word_1_421' title='bbox 2881 1599 3180 1650; x_wconf 91' lang='lat' dir='ltr'>remotum</span> <span class='ocrx_word' id='word_1_422' title='bbox 3201 1599 3258 1651; x_wconf 90' lang='lat' dir='ltr'>et</span> <span class='ocrx_word' id='word_1_423' title='bbox 3273 1610 3592 1669; x_wconf 90' lang='lat' dir='ltr'>segregum</span> 
     </span>
    </p>
   </div>
   <div class='ocr_carea' id='block_1_76' title="bbox 2122 1671 3484 1754">
    <p class='ocr_par' dir='ltr' id='par_1_76' title="bbox 2122 1671 3484 1754">
     <span class='ocr_line' id='line_1_76' title="bbox 2122 1671 3484 1754; baseline 0.008 -23"><span class='ocrx_word' id='word_1_424' title='bbox 2122 1671 2421 1748; x_wconf 89' lang='lat' dir='ltr'>Sprevisse</span> <span class='ocrx_word' id='word_1_425' title='bbox 2446 1679 2686 1735; x_wconf 91' lang='lat' dir='ltr'>tradunt</span> <span class='ocrx_word' id='word_1_426' title='bbox 2713 1679 3031 1736; x_wconf 90' lang='lat' dir='ltr'>criminum</span> <span class='ocrx_word' id='word_1_427' title='bbox 3066 1681 3484 1754; x_wconf 88' lang='lat' dir='ltr'>frequentiam,</span> 
     </span>
    </p>
   </div>
   <div class='ocr_carea' id='block_1_77' title="bbox 2122 1762 3187 1839">
    <p class='ocr_par' dir='ltr' id='par_1_77' title="bbox 2122 1762 3187 1839">
     <span class='ocr_line' id='line_1_77' title="bbox 2122 1762 3187 1839; baseline 0.001 -17"><span class='ocrx_word' id='word_1_428' title='bbox 2122 1765 2295 1822; x_wconf 86' lang='lat' dir='ltr'>Casto</span> <span class='ocrx_word' id='word_1_429' title='bbox 2330 1762 2622 1822; x_wconf 84' lang='lat' dir='ltr'>fruentem</span> <span class='ocrx_word' id='word_1_430' title='bbox 2652 1767 2910 1839; x_wconf 86' lang='lat' dir='ltr'>Syrtium</span> <span class='ocrx_word' id='word_1_431' title='bbox 2937 1767 3187 1826; x_wconf 88' lang='lat' dir='ltr'>silentio.</span> 
     </span>
    </p>
   </div>
   <div class='ocr_carea' id='block_1_78' title="bbox 2194 1858 2732 1931">
    <p class='ocr_par' dir='ltr' id='par_1_78' title="bbox 2194 1858 2732 1931">
     <span class='ocr_line' id='line_1_78' title="bbox 2194 1858 2732 1931; baseline 0.004 -19"><span class='ocrx_word' id='word_1_432' title='bbox 2194 1858 2410 1923; x_wconf 87' lang='lat' dir='ltr'>Honor,</span> <span class='ocrx_word' id='word_1_433' title='bbox 2442 1861 2732 1931; x_wconf 88' lang='lat' dir='ltr'>potestas.</span> 
     </span>
    </p>
   </div>
   <div class='ocr_carea' id='block_1_79' title="bbox 2563 1963 2988 2012">
    <p class='ocr_par' dir='ltr' id='par_1_79' title="bbox 2563 1963 2988 2012">
     <span class='ocr_line' id='line_1_79' title="bbox 2563 1963 2988 2012; baseline -0.005 -9"><span class='ocrx_word' id='word_1_434' title='bbox 2563 1963 2718 2003; x_wconf 78' lang='lat' dir='ltr'>FERIA</span> <span class='ocrx_word' id='word_1_435' title='bbox 2747 1964 2988 2012; x_wconf 77' lang='lat' dir='ltr'>QUARTA.</span> 
     </span>
    </p>
   </div>
   <div class='ocr_carea' id='block_1_80' title="bbox 2567 2035 2968 2094">
    <p class='ocr_par' dir='ltr' id='par_1_80' title="bbox 2567 2035 2968 2094">
     <span class='ocr_line' id='line_1_80' title="bbox 2567 2035 2968 2094; baseline 0.002 -3"><span class='ocrx_word' id='word_1_436' title='bbox 2567 2035 2662 2091; x_wconf 84' lang='lat' dir='ltr'>Ad</span> <span class='ocrx_word' id='word_1_437' title='bbox 2691 2038 2968 2094; x_wconf 82' lang='lat' dir='ltr'>Tertiam.</span> 
     </span>
    </p>
   </div>
   <div class='ocr_carea' id='block_1_81' title="bbox 2613 2125 2914 2197">
    <p class='ocr_par' dir='ltr' id='par_1_81' title="bbox 2613 2125 2914 2197">
     <span class='ocr_line' id='line_1_81' title="bbox 2613 2125 2914 2197; baseline 0.003 -17"><span class='ocrx_word' id='word_1_438' title='bbox 2613 2125 2914 2197; x_wconf 84' lang='lat' dir='ltr'>Hymnus.</span> 
     </span>
    </p>
   </div>
   <div class='ocr_carea' id='block_1_82' title="bbox 2196 2207 3316 2286">
    <p class='ocr_par' dir='ltr' id='par_1_82' title="bbox 2196 2207 3316 2286">
     <span class='ocr_line' id='line_1_82' title="bbox 2196 2207 3316 2286; baseline 0.003 -17"><span class='ocrx_word' id='word_1_439' title='bbox 2196 2210 2309 2269; x_wconf 90' lang='lat' dir='ltr'>Sed</span> <span class='ocrx_word' id='word_1_440' title='bbox 2331 2227 2472 2270; x_wconf 91' lang='lat' dir='ltr'>mox</span> <span class='ocrx_word' id='word_1_441' title='bbox 2491 2211 2552 2268; x_wconf 92' lang='lat' dir='ltr'>in</span> <span class='ocrx_word' id='word_1_442' title='bbox 2575 2229 2755 2271; x_wconf 84' lang='lat' dir='ltr'>auras</span> <span class='ocrx_word' id='word_1_443' title='bbox 2778 2207 2968 2283; x_wconf 89' lang='lat' dir='ltr'>igneis</span> <span class='ocrx_word' id='word_1_444' title='bbox 2988 2213 3316 2286; x_wconf 89' lang='lat' dir='ltr'>jugalibus,</span> 
     </span>
    </p>
   </div>
   <div class='ocr_carea' id='block_1_83' title="bbox 2125 2302 3238 2377">
    <p class='ocr_par' dir='ltr' id='par_1_83' title="bbox 2125 2302 3238 2377">
     <span class='ocr_line' id='line_1_83' title="bbox 2125 2302 3238 2377; baseline 0.002 -18"><span class='ocrx_word' id='word_1_445' title='bbox 2125 2303 2434 2376; x_wconf 89' lang='lat' dir='ltr'>Cursuque</span> <span class='ocrx_word' id='word_1_446' title='bbox 2455 2306 2658 2374; x_wconf 86' lang='lat' dir='ltr'>raptus</span> <span class='ocrx_word' id='word_1_447' title='bbox 2680 2302 2938 2361; x_wconf 90' lang='lat' dir='ltr'>evolavit</span> <span class='ocrx_word' id='word_1_448' title='bbox 2967 2305 3238 2377; x_wconf 83' lang='lat' dir='ltr'>praepeti,</span> 
     </span>
    </p>
   </div>
   <div class='ocr_carea' id='block_1_84' title="bbox 2123 2391 3278 2467">
    <p class='ocr_par' dir='ltr' id='par_1_84' title="bbox 2123 2391 3278 2467">
     <span class='ocr_line' id='line_1_84' title="bbox 2123 2391 3278 2467; baseline 0.003 -19"><span class='ocrx_word' id='word_1_449' title='bbox 2123 2394 2202 2448; x_wconf 89' lang='lat' dir='ltr'>Ne</span> <span class='ocrx_word' id='word_1_450' title='bbox 2232 2391 2306 2448; x_wconf 91' lang='lat' dir='ltr'>de</span> <span class='ocrx_word' id='word_1_451' title='bbox 2330 2392 2674 2465; x_wconf 89' lang='lat' dir='ltr'>propinquo</span> <span class='ocrx_word' id='word_1_452' title='bbox 2700 2391 2968 2450; x_wconf 88' lang='lat' dir='ltr'>sordium</span> <span class='ocrx_word' id='word_1_453' title='bbox 3001 2395 3278 2467; x_wconf 92' lang='lat' dir='ltr'>contagio</span> 
     </span>
    </p>
   </div>
   <div class='ocr_carea' id='block_1_85' title="bbox 2123 2481 3360 2554">
    <p class='ocr_par' dir='ltr' id='par_1_85' title="bbox 2123 2481 3360 2554">
     <span class='ocr_line' id='line_1_85' title="bbox 2123 2481 3360 2554; baseline 0.006 -19"><span class='ocrx_word' id='word_1_454' title='bbox 2123 2481 2293 2536; x_wconf 91' lang='lat' dir='ltr'>Dirus</span> <span class='ocrx_word' id='word_1_455' title='bbox 2315 2481 2586 2554; x_wconf 90' lang='lat' dir='ltr'>quietum</span> <span class='ocrx_word' id='word_1_456' title='bbox 2613 2482 2880 2538; x_wconf 90' lang='lat' dir='ltr'>mundus</span> <span class='ocrx_word' id='word_1_457' title='bbox 2908 2481 3140 2541; x_wconf 85' lang='lat' dir='ltr'>afﬂaret</span> <span class='ocrx_word' id='word_1_458' title='bbox 3166 2484 3360 2542; x_wconf 92' lang='lat' dir='ltr'>virum</span> 
     </span>
    </p>
   </div>
   <div class='ocr_carea' id='block_1_86' title="bbox 2131 2568 3367 2644">
    <p class='ocr_par' dir='ltr' id='par_1_86' title="bbox 2131 2568 3367 2644">
     <span class='ocr_line' id='line_1_86' title="bbox 2131 2568 3367 2644; baseline 0.002 -16"><span class='ocrx_word' id='word_1_459' title='bbox 2131 2568 2302 2641; x_wconf 69' lang='lat'>145</span> <span class='ocrx_word' id='word_1_460' title='bbox 2327 2570 2476 2626; x_wconf 93' lang='lat' dir='ltr'>Olim</span> <span class='ocrx_word' id='word_1_461' title='bbox 2496 2571 2766 2642; x_wconf 90' lang='lat' dir='ltr'>probatis</span> <span class='ocrx_word' id='word_1_462' title='bbox 2797 2571 3085 2641; x_wconf 89' lang='lat' dir='ltr'>inclytum</span> <span class='ocrx_word' id='word_1_463' title='bbox 3101 2573 3367 2644; x_wconf 89' lang='lat' dir='ltr'>jejuniis.</span> 
     </span>
    </p>
   </div>
   <div class='ocr_carea' id='block_1_87' title="bbox 2195 2657 3446 2731">
    <p class='ocr_par' dir='ltr' id='par_1_87' title="bbox 2195 2657 3446 2731">
     <span class='ocr_line' id='line_1_87' title="bbox 2195 2657 3446 2731; baseline 0.006 -21"><span class='ocrx_word' id='word_1_464' title='bbox 2195 2660 2323 2712; x_wconf 84' lang='lat' dir='ltr'>Non</span> <span class='ocrx_word' id='word_1_465' title='bbox 2358 2662 2496 2713; x_wconf 87' lang='lat' dir='ltr'>ante</span> <span class='ocrx_word' id='word_1_466' title='bbox 2527 2657 2658 2713; x_wconf 80' lang='lat' dir='ltr'>coeli</span> <span class='ocrx_word' id='word_1_467' title='bbox 2686 2657 3020 2729; x_wconf 90' lang='lat' dir='ltr'>principem</span> <span class='ocrx_word' id='word_1_468' title='bbox 3043 2661 3446 2731; x_wconf 90' lang='lat' dir='ltr'>septemplicis</span> 
     </span>
    </p>
   </div>
   <div class='ocr_carea' id='block_1_88' title="bbox 2122 2739 3381 2816">
    <p class='ocr_par' dir='ltr' id='par_1_88' title="bbox 2122 2739 3381 2816">
     <span class='ocr_line' id='line_1_88' title="bbox 2122 2739 3381 2816; baseline 0.002 -15"><span class='ocrx_word' id='word_1_469' title='bbox 2122 2747 2349 2816; x_wconf 88' lang='lat' dir='ltr'>Moyses</span> <span class='ocrx_word' id='word_1_470' title='bbox 2389 2745 2679 2800; x_wconf 89' lang='lat' dir='ltr'>tremendi</span> <span class='ocrx_word' id='word_1_471' title='bbox 2697 2743 2855 2799; x_wconf 88' lang='lat' dir='ltr'>ﬁdus</span> <span class='ocrx_word' id='word_1_472' title='bbox 2875 2739 3158 2816; x_wconf 88' lang='lat' dir='ltr'>interpres</span> <span class='ocrx_word' id='word_1_473' title='bbox 3187 2747 3381 2803; x_wconf 89' lang='lat' dir='ltr'>throni</span> 
     </span>
    </p>
   </div>
   <div class='ocr_carea' id='block_1_89' title="bbox 2123 2831 3397 2904">
    <p class='ocr_par' dir='ltr' id='par_1_89' title="bbox 2123 2831 3397 2904">
     <span class='ocr_line' id='line_1_89' title="bbox 2123 2831 3397 2904; baseline 0.002 -16"><span class='ocrx_word' id='word_1_474' title='bbox 2123 2831 2320 2888; x_wconf 89' lang='lat' dir='ltr'>Potuit</span> <span class='ocrx_word' id='word_1_475' title='bbox 2348 2832 2571 2903; x_wconf 90' lang='lat' dir='ltr'>videre,</span> <span class='ocrx_word' id='word_1_476' title='bbox 2612 2848 2798 2904; x_wconf 91' lang='lat' dir='ltr'>quam</span> <span class='ocrx_word' id='word_1_477' title='bbox 2828 2832 3036 2888; x_wconf 88' lang='lat' dir='ltr'>decem</span> <span class='ocrx_word' id='word_1_478' title='bbox 3056 2832 3397 2890; x_wconf 87' lang='lat' dir='ltr'>recursibus</span> 
     </span>
    </p>
   </div>
   <div class='ocr_carea' id='block_1_90' title="bbox 2123 2920 3242 2993">
    <p class='ocr_par' dir='ltr' id='par_1_90' title="bbox 2123 2920 3242 2993">
     <span class='ocr_line' id='line_1_90' title="bbox 2123 2920 3242 2993; baseline 0.003 -16"><span class='ocrx_word' id='word_1_479' title='bbox 2123 2924 2340 2988; x_wconf 88' lang='lat' dir='ltr'>Quater</span> <span class='ocrx_word' id='word_1_480' title='bbox 2358 2920 2574 2978; x_wconf 90' lang='lat' dir='ltr'>volutis</span> <span class='ocrx_word' id='word_1_481' title='bbox 2592 2922 2676 2977; x_wconf 89' lang='lat' dir='ltr'>sol</span> <span class='ocrx_word' id='word_1_482' title='bbox 2699 2935 3026 2993; x_wconf 88' lang='lat' dir='ltr'>peragrans</span> <span class='ocrx_word' id='word_1_483' title='bbox 3046 2920 3242 2980; x_wconf 86' lang='lat' dir='ltr'>sidera</span> 
     </span>
    </p>
   </div>
   <div class='ocr_carea' id='block_1_91' title="bbox 2125 3008 3290 3068">
    <p class='ocr_par' dir='ltr' id='par_1_91' title="bbox 2125 3008 3290 3068">
     <span class='ocr_line' id='line_1_91' title="bbox 2125 3008 3290 3068; baseline 0.001 -1"><span class='ocrx_word' id='word_1_484' title='bbox 2125 3010 2299 3067; x_wconf 92' lang='lat' dir='ltr'>Omni</span> <span class='ocrx_word' id='word_1_485' title='bbox 2330 3013 2631 3066; x_wconf 89' lang='lat' dir='ltr'>carentem</span> <span class='ocrx_word' id='word_1_486' title='bbox 2655 3014 2917 3066; x_wconf 89' lang='lat' dir='ltr'>cerneret</span> <span class='ocrx_word' id='word_1_487' title='bbox 2938 3008 3290 3068; x_wconf 90' lang='lat' dir='ltr'>substantia.</span> 
     </span>
    </p>
   </div>
   <div class='ocr_carea' id='block_1_92' title="bbox 2194 3097 3502 3173">
    <p class='ocr_par' dir='ltr' id='par_1_92' title="bbox 2194 3097 3502 3173">
     <span class='ocr_line' id='line_1_92' title="bbox 2194 3097 3502 3173; baseline 0.005 -21"><span class='ocrx_word' id='word_1_488' title='bbox 2194 3099 2389 3155; x_wconf 87' lang='lat' dir='ltr'>Victus</span> <span class='ocrx_word' id='word_1_489' title='bbox 2417 3099 2715 3170; x_wconf 89' lang='lat' dir='ltr'>precantis</span> <span class='ocrx_word' id='word_1_490' title='bbox 2741 3097 2934 3155; x_wconf 92' lang='lat' dir='ltr'>solum</span> <span class='ocrx_word' id='word_1_491' title='bbox 2956 3098 3018 3155; x_wconf 93' lang='lat' dir='ltr'>in</span> <span class='ocrx_word' id='word_1_492' title='bbox 3041 3098 3325 3173; x_wconf 90' lang='lat' dir='ltr'>lacrymis</span> <span class='ocrx_word' id='word_1_493' title='bbox 3347 3100 3456 3158; x_wconf 81' lang='lat' dir='ltr'>fuit</span> <span class='ocrx_word' id='word_1_494' title='bbox 3488 3116 3502 3159; x_wconf 90' lang='lat'><strong>:</strong></span> 
     </span>
    </p>
   </div>
   <div class='ocr_carea' id='block_1_93' title="bbox 2122 3187 3448 3261">
    <p class='ocr_par' dir='ltr' id='par_1_93' title="bbox 2122 3187 3448 3261">
     <span class='ocr_line' id='line_1_93' title="bbox 2122 3187 3448 3261; baseline 0.001 -16"><span class='ocrx_word' id='word_1_495' title='bbox 2122 3190 2270 3246; x_wconf 89' lang='lat' dir='ltr'>Nam</span> <span class='ocrx_word' id='word_1_496' title='bbox 2293 3187 2494 3244; x_wconf 90' lang='lat' dir='ltr'>ﬂendo</span> <span class='ocrx_word' id='word_1_497' title='bbox 2526 3203 2754 3260; x_wconf 85' lang='lat' dir='ltr'>pernox</span> <span class='ocrx_word' id='word_1_498' title='bbox 2780 3188 3091 3259; x_wconf 89' lang='lat' dir='ltr'>irrigatum</span> <span class='ocrx_word' id='word_1_499' title='bbox 3121 3189 3448 3261; x_wconf 89' lang='lat' dir='ltr'>pulverem.</span> 
     </span>
    </p>
   </div>
   <div class='ocr_carea' id='block_1_94' title="bbox 2121 3275 3305 3348">
    <p class='ocr_par' dir='ltr' id='par_1_94' title="bbox 2121 3275 3305 3348">
     <span class='ocr_line' id='line_1_94' title="bbox 2121 3275 3305 3348; baseline 0 -15"><span class='ocrx_word' id='word_1_500' title='bbox 2121 3278 2296 3333; x_wconf 86' lang='lat' dir='ltr'>Humi</span> <span class='ocrx_word' id='word_1_501' title='bbox 2323 3277 2620 3333; x_wconf 89' lang='lat' dir='ltr'>madentis</span> <span class='ocrx_word' id='word_1_502' title='bbox 2642 3293 2741 3333; x_wconf 90' lang='lat' dir='ltr'>ore</span> <span class='ocrx_word' id='word_1_503' title='bbox 2786 3275 3003 3348; x_wconf 90' lang='lat' dir='ltr'>pressit</span> <span class='ocrx_word' id='word_1_504' title='bbox 3035 3292 3255 3333; x_wconf 91' lang='lat' dir='ltr'>cernuo</span> <span class='ocrx_word' id='word_1_505' title='bbox 3287 3290 3305 3332; x_wconf 71' lang='grc' dir='ltr'><em>ε</em></span> 
     </span>
    </p>
   </div>
   <div class='ocr_carea' id='block_1_95' title="bbox 2119 3363 3329 3438">
    <p class='ocr_par' dir='ltr' id='par_1_95' title="bbox 2119 3363 3329 3438">
     <span class='ocr_line' id='line_1_95' title="bbox 2119 3363 3329 3438; baseline -0.002 -17"><span class='ocrx_word' id='word_1_506' title='bbox 2119 3366 2318 3423; x_wconf 92' lang='lat' dir='ltr'>Donec</span> <span class='ocrx_word' id='word_1_507' title='bbox 2345 3366 2638 3438; x_wconf 89' lang='lat' dir='ltr'>loquentis</span> <span class='ocrx_word' id='word_1_508' title='bbox 2665 3381 2806 3421; x_wconf 91' lang='lat' dir='ltr'>voce</span> <span class='ocrx_word' id='word_1_509' title='bbox 2838 3364 3183 3436; x_wconf 91' lang='lat' dir='ltr'>perstrictus</span> <span class='ocrx_word' id='word_1_510' title='bbox 3205 3363 3329 3428; x_wconf 91' lang='lat' dir='ltr'>Dei,</span> 
     </span>
    </p>
   </div>
   <div class='ocr_carea' id='block_1_96' title="bbox 2121 3449 3369 3527">
    <p class='ocr_par' dir='ltr' id='par_1_96' title="bbox 2121 3449 3369 3527">
     <span class='ocr_line' id='line_1_96' title="bbox 2121 3449 3369 3527; baseline -0.002 -17"><span class='ocrx_word' id='word_1_511' title='bbox 2121 3454 2368 3527; x_wconf 89' lang='lat' dir='ltr'>Expavit</span> <span class='ocrx_word' id='word_1_512' title='bbox 2395 3455 2596 3524; x_wconf 89' lang='lat' dir='ltr'>ignem</span> <span class='ocrx_word' id='word_1_513' title='bbox 2621 3469 2743 3509; x_wconf 94' lang='lat' dir='ltr'>non</span> <span class='ocrx_word' id='word_1_514' title='bbox 2773 3451 3084 3508; x_wconf 81' lang='lat' dir='ltr'>ferendum</span> <span class='ocrx_word' id='word_1_515' title='bbox 3114 3449 3369 3508; x_wconf 88' lang='lat' dir='ltr'>visibus.</span> 
     </span>
    </p>
   </div>
   <div class='ocr_carea' id='block_1_97' title="bbox 2191 3547 2720 3616">
    <p class='ocr_par' dir='ltr' id='par_1_97' title="bbox 2191 3547 2720 3616">
     <span class='ocr_line' id='line_1_97' title="bbox 2191 3547 2720 3616; baseline -0.004 -17"><span class='ocrx_word' id='word_1_516' title='bbox 2191 3547 2410 3608; x_wconf 84' lang='lat' dir='ltr'>Honor,</span> <span class='ocrx_word' id='word_1_517' title='bbox 2433 3548 2720 3616; x_wconf 73' lang='lat' dir='ltr'>petestas.</span> 
     </span>
    </p>
   </div>
   <div class='ocr_carea' id='block_1_98' title="bbox 2545 3644 2956 3693">
    <p class='ocr_par' dir='ltr' id='par_1_98' title="bbox 2545 3644 2956 3693">
     <span class='ocr_line' id='line_1_98' title="bbox 2545 3644 2956 3693; baseline 0.005 -9"><span class='ocrx_word' id='word_1_518' title='bbox 2545 3647 2704 3685; x_wconf 79' lang='lat' dir='ltr'>FERIA</span> <span class='ocrx_word' id='word_1_519' title='bbox 2737 3644 2956 3693; x_wconf 75' lang='lat' dir='ltr'>QUINTA.</span> 
     </span>
    </p>
   </div>
   <div class='ocr_carea' id='block_1_99' title="bbox 2550 3720 2959 3776">
    <p class='ocr_par' dir='ltr' id='par_1_99' title="bbox 2550 3720 2959 3776">
     <span class='ocr_line' id='line_1_99' title="bbox 2550 3720 2959 3776; baseline 0.002 -1"><span class='ocrx_word' id='word_1_520' title='bbox 2550 3720 2649 3775; x_wconf 82' lang='lat' dir='ltr'>Ad</span> <span class='ocrx_word' id='word_1_521' title='bbox 2683 3720 2959 3776; x_wconf 75' lang='lat' dir='ltr'>Tertiam.</span> 
     </span>
    </p>
   </div>
   <div class='ocr_carea' id='block_1_100' title="bbox 2609 3810 2907 3880">
    <p class='ocr_par' dir='ltr' id='par_1_100' title="bbox 2609 3810 2907 3880">
     <span class='ocr_line' id='line_1_100' title="bbox 2609 3810 2907 3880; baseline -0.007 -14"><span class='ocrx_word' id='word_1_522' title='bbox 2609 3810 2907 3880; x_wconf 84' lang='lat' dir='ltr'>Hymnus.</span> 
     </span>
    </p>
   </div>
   <div class='ocr_carea' id='block_1_101' title="bbox 2185 3895 3477 3973">
    <p class='ocr_par' dir='ltr' id='par_1_101' title="bbox 2185 3895 3477 3973">
     <span class='ocr_line' id='line_1_101' title="bbox 2185 3895 3477 3973; baseline -0.002 -16"><span class='ocrx_word' id='word_1_523' title='bbox 2185 3903 2444 3957; x_wconf 85' lang='lat' dir='ltr'>Joannes</span> <span class='ocrx_word' id='word_1_524' title='bbox 2468 3895 2650 3970; x_wconf 91' lang='lat' dir='ltr'>hujus</span> <span class='ocrx_word' id='word_1_525' title='bbox 2671 3900 2811 3954; x_wconf 89' lang='lat' dir='ltr'>artis</span> <span class='ocrx_word' id='word_1_526' title='bbox 2837 3895 3001 3955; x_wconf 90' lang='lat' dir='ltr'>haud</span> <span class='ocrx_word' id='word_1_527' title='bbox 3024 3898 3225 3955; x_wconf 92' lang='lat' dir='ltr'>minus</span> <span class='ocrx_word' id='word_1_528' title='bbox 3241 3901 3477 3973; x_wconf 79' lang='lat' dir='ltr'>potens,</span> 
     </span>
    </p>
   </div>
   <div class='ocr_carea' id='block_1_102' title="bbox 2117 3987 3201 4062">
    <p class='ocr_par' dir='ltr' id='par_1_102' title="bbox 2117 3987 3201 4062">
     <span class='ocr_line' id='line_1_102' title="bbox 2117 3987 3201 4062; baseline 0 -16"><span class='ocrx_word' id='word_1_529' title='bbox 2117 3990 2221 4046; x_wconf 91' lang='lat' dir='ltr'>Dei</span> <span class='ocrx_word' id='word_1_530' title='bbox 2246 3987 2523 4062; x_wconf 89' lang='lat' dir='ltr'>perennis</span> <span class='ocrx_word' id='word_1_531' title='bbox 2550 3988 2932 4061; x_wconf 62' lang='lat' dir='ltr'>praecucurrit</span> <span class='ocrx_word' id='word_1_532' title='bbox 2955 3987 3162 4044; x_wconf 87' lang='lat' dir='ltr'>Filium</span> <span class='ocrx_word' id='word_1_533' title='bbox 3187 4005 3201 4046; x_wconf 90' lang='lat'><strong>:</strong></span> 
     </span>
    </p>
   </div>
   <div class='ocr_carea' id='block_1_103' title="bbox 2117 4077 3299 4150">
    <p class='ocr_par' dir='ltr' id='par_1_103' title="bbox 2117 4077 3299 4150">
     <span class='ocr_line' id='line_1_103' title="bbox 2117 4077 3299 4150; baseline -0.002 -16"><span class='ocrx_word' id='word_1_534' title='bbox 2117 4081 2341 4135; x_wconf 86' lang='lat' dir='ltr'>Curvos</span> <span class='ocrx_word' id='word_1_535' title='bbox 2365 4077 2600 4133; x_wconf 88' lang='lat' dir='ltr'>viarum</span> <span class='ocrx_word' id='word_1_536' title='bbox 2621 4077 2725 4150; x_wconf 89' lang='lat' dir='ltr'>qui</span> <span class='ocrx_word' id='word_1_537' title='bbox 2745 4077 2976 4133; x_wconf 90' lang='lat' dir='ltr'>retorsit</span> <span class='ocrx_word' id='word_1_538' title='bbox 3005 4077 3299 4145; x_wconf 89' lang='lat' dir='ltr'>tramites,</span> 
     </span>
    </p>
   </div>
   <div class='ocr_carea' id='block_1_104' title="bbox 2117 4161 3193 4238">
    <p class='ocr_par' dir='ltr' id='par_1_104' title="bbox 2117 4161 3193 4238">
     <span class='ocr_line' id='line_1_104' title="bbox 2117 4161 3193 4238; baseline -0.001 -15"><span class='ocrx_word' id='word_1_539' title='bbox 2117 4170 2183 4223; x_wconf 91' lang='lat' dir='ltr'>Et</span> <span class='ocrx_word' id='word_1_540' title='bbox 2219 4167 2488 4223; x_wconf 88' lang='lat' dir='ltr'>ﬂexuosa</span> <span class='ocrx_word' id='word_1_541' title='bbox 2516 4167 2820 4236; x_wconf 90' lang='lat' dir='ltr'>corrigens</span> <span class='ocrx_word' id='word_1_542' title='bbox 2857 4161 3193 4238; x_wconf 90' lang='lat' dir='ltr'>dispendia,</span> 
     </span>
    </p>
   </div>
   <div class='ocr_carea' id='block_1_105' title="bbox 2116 4253 3328 4328">
    <p class='ocr_par' dir='ltr' id='par_1_105' title="bbox 2116 4253 3328 4328">
     <span class='ocr_line' id='line_1_105' title="bbox 2116 4253 3328 4328; baseline 0 -15"><span class='ocrx_word' id='word_1_543' title='bbox 2116 4256 2286 4313; x_wconf 91' lang='lat' dir='ltr'>Dedit</span> <span class='ocrx_word' id='word_1_544' title='bbox 2311 4255 2678 4328; x_wconf 88' lang='lat' dir='ltr'>sequendam</span> <span class='ocrx_word' id='word_1_545' title='bbox 2710 4253 2857 4311; x_wconf 91' lang='lat' dir='ltr'>calle</span> <span class='ocrx_word' id='word_1_546' title='bbox 2896 4259 3054 4311; x_wconf 89' lang='lat' dir='ltr'>recto</span> <span class='ocrx_word' id='word_1_547' title='bbox 3081 4253 3328 4314; x_wconf 88' lang='lat' dir='ltr'>lineam.</span> 
     </span>
    </p>
   </div>
   <div class='ocr_carea' id='block_1_106' title="bbox 2187 4341 3464 4418">
    <p class='ocr_par' dir='ltr' id='par_1_106' title="bbox 2187 4341 3464 4418">
     <span class='ocr_line' id='line_1_106' title="bbox 2187 4341 3464 4418; baseline -0.001 -17"><span class='ocrx_word' id='word_1_548' title='bbox 2187 4348 2349 4402; x_wconf 80' lang='lat' dir='ltr'>Hanc</span> <span class='ocrx_word' id='word_1_549' title='bbox 2375 4345 2453 4401; x_wconf 92' lang='lat' dir='ltr'>ob</span> <span class='ocrx_word' id='word_1_550' title='bbox 2475 4341 2751 4417; x_wconf 89' lang='lat' dir='ltr'>equelam</span> <span class='ocrx_word' id='word_1_551' title='bbox 2772 4343 3152 4418; x_wconf 68' lang='lat' dir='ltr'>praeparabat</span> <span class='ocrx_word' id='word_1_552' title='bbox 3185 4345 3464 4414; x_wconf 88' lang='lat' dir='ltr'>nuncius;</span> 
     </span>
    </p>
   </div>
   <div class='ocr_carea' id='block_1_107' title="bbox 2117 4434 3230 4506">
    <p class='ocr_par' dir='ltr' id='par_1_107' title="bbox 2117 4434 3230 4506">
     <span class='ocr_line' id='line_1_107' title="bbox 2117 4434 3230 4506; baseline 0 -14"><span class='ocrx_word' id='word_1_553' title='bbox 2117 4439 2246 4492; x_wconf 81' lang='lat' dir='ltr'>Mox</span> <span class='ocrx_word' id='word_1_554' title='bbox 2274 4434 2551 4491; x_wconf 85' lang='lat' dir='ltr'>adfuturo</span> <span class='ocrx_word' id='word_1_555' title='bbox 2573 4439 2923 4491; x_wconf 91' lang='lat' dir='ltr'>construens</span> <span class='ocrx_word' id='word_1_556' title='bbox 2953 4434 3060 4490; x_wconf 90' lang='lat' dir='ltr'>iter</span> <span class='ocrx_word' id='word_1_557' title='bbox 3089 4435 3230 4506; x_wconf 91' lang='lat' dir='ltr'>Deo,</span> 
     </span>
    </p>
   </div>
   <div class='ocr_carea' id='block_1_108' title="bbox 2116 4521 3337 4596">
    <p class='ocr_par' dir='ltr' id='par_1_108' title="bbox 2116 4521 3337 4596">
     <span class='ocr_line' id='line_1_108' title="bbox 2116 4521 3337 4596; baseline -0.001 -14"><span class='ocrx_word' id='word_1_558' title='bbox 2116 4525 2354 4582; x_wconf 90' lang='lat' dir='ltr'>Clivosa</span> <span class='ocrx_word' id='word_1_559' title='bbox 2382 4522 2594 4596; x_wconf 90' lang='lat' dir='ltr'>planis,</span> <span class='ocrx_word' id='word_1_560' title='bbox 2628 4523 2986 4594; x_wconf 84' lang='lat' dir='ltr'>confragosa</span> <span class='ocrx_word' id='word_1_561' title='bbox 3018 4529 3082 4579; x_wconf 94' lang='lat' dir='ltr'>ut</span> <span class='ocrx_word' id='word_1_562' title='bbox 3104 4521 3337 4582; x_wconf 84' lang='lat' dir='ltr'>lenibus</span> 
     </span>
    </p>
   </div>
   <div class='ocr_carea' id='block_1_109' title="bbox 2116 4609 3408 4685">
    <p class='ocr_par' dir='ltr' id='par_1_109' title="bbox 2116 4609 3408 4685">
     <span class='ocr_line' id='line_1_109' title="bbox 2116 4609 3408 4685; baseline -0.002 -14"><span class='ocrx_word' id='word_1_563' title='bbox 2116 4617 2627 4681; x_wconf 90' lang='lat' dir='ltr'>Converterentur,</span> <span class='ocrx_word' id='word_1_564' title='bbox 2645 4628 2790 4668; x_wconf 87' lang='lat' dir='ltr'>neve</span> <span class='ocrx_word' id='word_1_565' title='bbox 2811 4609 3146 4685; x_wconf 89' lang='lat' dir='ltr'>quidquam</span> <span class='ocrx_word' id='word_1_566' title='bbox 3167 4611 3408 4670; x_wconf 92' lang='lat' dir='ltr'>devium</span> 
     </span>
    </p>
   </div>
   <div class='ocr_carea' id='block_1_110' title="bbox 2116 4701 3141 4775">
    <p class='ocr_par' dir='ltr' id='par_1_110' title="bbox 2116 4701 3141 4775">
     <span class='ocr_line' id='line_1_110' title="bbox 2116 4701 3141 4775; baseline 0.002 -17"><span class='ocrx_word' id='word_1_567' title='bbox 2116 4703 2356 4775; x_wconf 89' lang='lat' dir='ltr'>lnlapsa</span> <span class='ocrx_word' id='word_1_568' title='bbox 2384 4703 2570 4758; x_wconf 88' lang='lat' dir='ltr'>Terris</span> <span class='ocrx_word' id='word_1_569' title='bbox 2588 4701 2878 4757; x_wconf 87' lang='lat' dir='ltr'>inveniret</span> <span class='ocrx_word' id='word_1_570' title='bbox 2901 4704 3141 4760; x_wconf 89' lang='lat' dir='ltr'>veritas.</span> 
     </span>
    </p>
   </div>
   <div class='ocr_carea' id='block_1_111' title="bbox 2185 4795 2845 4864">
    <p class='ocr_par' dir='ltr' id='par_1_111' title="bbox 2185 4795 2845 4864">
     <span class='ocr_line' id='line_1_111' title="bbox 2185 4795 2845 4864; baseline -0.008 -15"><span class='ocrx_word' id='word_1_571' title='bbox 2185 4796 2402 4862; x_wconf 84' lang='lat' dir='ltr'>Honor,</span> <span class='ocrx_word' id='word_1_572' title='bbox 2431 4795 2710 4864; x_wconf 89' lang='lat' dir='ltr'>potestas,</span> <span class='ocrx_word' id='word_1_573' title='bbox 2734 4795 2845 4846; x_wconf 88' lang='lat' dir='ltr'>etc.</span> 
     </span>
    </p>
   </div>
   <div class='ocr_carea' id='block_1_112' title="bbox 2569 4891 2959 4935">
    <p class='ocr_par' dir='ltr' id='par_1_112' title="bbox 2569 4891 2959 4935">
     <span class='ocr_line' id='line_1_112' title="bbox 2569 4891 2959 4935; baseline -0.005 0"><span class='ocrx_word' id='word_1_574' title='bbox 2569 4893 2729 4935; x_wconf 66' lang='lat' dir='ltr'>FERIA</span> <span class='ocrx_word' id='word_1_575' title='bbox 2762 4891 2959 4935; x_wconf 75' lang='lat' dir='ltr'>SEXTA.</span> 
     </span>
    </p>
   </div>
   <div class='ocr_carea' id='block_1_113' title="bbox 2552 4969 2964 5024">
    <p class='ocr_par' dir='ltr' id='par_1_113' title="bbox 2552 4969 2964 5024">
     <span class='ocr_line' id='line_1_113' title="bbox 2552 4969 2964 5024; baseline 0 0"><span class='ocrx_word' id='word_1_576' title='bbox 2552 4969 2650 5024; x_wconf 85' lang='lat' dir='ltr'>Ad</span> <span class='ocrx_word' id='word_1_577' title='bbox 2686 4969 2964 5024; x_wconf 79' lang='lat' dir='ltr'>Tertiam.</span> 
     </span>
    </p>
   </div>
   <div class='ocr_carea' id='block_1_114' title="bbox 2610 5059 2908 5128">
    <p class='ocr_par' dir='ltr' id='par_1_114' title="bbox 2610 5059 2908 5128">
     <span class='ocr_line' id='line_1_114' title="bbox 2610 5059 2908 5128; baseline -0.003 -15"><span class='ocrx_word' id='word_1_578' title='bbox 2610 5059 2908 5128; x_wconf 84' lang='lat' dir='ltr'>Hymnus.</span> 
     </span>
    </p>
   </div>
   <div class='ocr_carea' id='block_1_115' title="bbox 2185 5143 3214 5221">
    <p class='ocr_par' dir='ltr' id='par_1_115' title="bbox 2185 5143 3214 5221">
     <span class='ocr_line' id='line_1_115' title="bbox 2185 5143 3214 5221; baseline 0.002 -19"><span class='ocrx_word' id='word_1_579' title='bbox 2185 5149 2312 5203; x_wconf 85' lang='lat' dir='ltr'>Non</span> <span class='ocrx_word' id='word_1_580' title='bbox 2334 5143 2562 5203; x_wconf 86' lang='lat' dir='ltr'>usitatis</span> <span class='ocrx_word' id='word_1_581' title='bbox 2584 5152 2748 5202; x_wconf 88' lang='lat' dir='ltr'>ortus</span> <span class='ocrx_word' id='word_1_582' title='bbox 2775 5145 2869 5201; x_wconf 89' lang='lat' dir='ltr'>hic</span> <span class='ocrx_word' id='word_1_583' title='bbox 2892 5143 3214 5221; x_wconf 90' lang='lat' dir='ltr'>natalibus,</span> 
     </span>
    </p>
   </div>
   <div class='ocr_carea' id='block_1_116' title="bbox 2115 5233 3188 5308">
    <p class='ocr_par' dir='ltr' id='par_1_116' title="bbox 2115 5233 3188 5308">
     <span class='ocr_line' id='line_1_116' title="bbox 2115 5233 3188 5308; baseline 0.003 -17"><span class='ocrx_word' id='word_1_584' title='bbox 2115 5234 2307 5291; x_wconf 89' lang='lat' dir='ltr'>Oblita</span> <span class='ocrx_word' id='word_1_585' title='bbox 2329 5233 2497 5289; x_wconf 89' lang='lat' dir='ltr'>lactis</span> <span class='ocrx_word' id='word_1_586' title='bbox 2531 5235 2659 5304; x_wconf 77' lang='lat' dir='ltr'>jam</span> <span class='ocrx_word' id='word_1_587' title='bbox 2681 5233 2838 5290; x_wconf 89' lang='lat' dir='ltr'>vieto</span> <span class='ocrx_word' id='word_1_588' title='bbox 2862 5233 2922 5290; x_wconf 90' lang='lat' dir='ltr'>in</span> <span class='ocrx_word' id='word_1_589' title='bbox 2946 5241 3188 5308; x_wconf 90' lang='lat' dir='ltr'>pectoro</span> 
     </span>
    </p>
   </div>
   <div class='ocr_carea' id='block_1_117' title="bbox 2066 5319 3236 5382">
    <p class='ocr_par' dir='ltr' id='par_1_117' title="bbox 2066 5319 3236 5382">
     <span class='ocr_line' id='line_1_117' title="bbox 2066 5319 3236 5382; baseline 0.003 -3"><span class='ocrx_word' id='word_1_590' title='bbox 2066 5337 2073 5342; x_wconf 88' lang='lat'><strong>&#39;</strong></span> <span class='ocrx_word' id='word_1_591' title='bbox 2109 5322 2305 5379; x_wconf 84' lang='lat' dir='ltr'>Matris</span> <span class='ocrx_word' id='word_1_592' title='bbox 2339 5319 2578 5378; x_wconf 90' lang='lat' dir='ltr'>tetendit</span> <span class='ocrx_word' id='word_1_593' title='bbox 2601 5338 2764 5378; x_wconf 88' lang='lat' dir='ltr'>serus</span> <span class='ocrx_word' id='word_1_594' title='bbox 2792 5327 2993 5380; x_wconf 84' lang='lat' dir='ltr'>Infans</span> <span class='ocrx_word' id='word_1_595' title='bbox 3029 5325 3236 5382; x_wconf 88' lang='lat' dir='ltr'>ubera.</span> 
     </span>
    </p>
   </div>
   <div class='ocr_carea' id='block_1_118' title="bbox 2112 5411 3346 5486">
    <p class='ocr_par' dir='ltr' id='par_1_118' title="bbox 2112 5411 3346 5486">
     <span class='ocr_line' id='line_1_118' title="bbox 2112 5411 3346 5486; baseline -0.006 -17"><span class='ocrx_word' id='word_1_596' title='bbox 2112 5415 2226 5469; x_wconf 87' lang='lat' dir='ltr'>Nec</span> <span class='ocrx_word' id='word_1_597' title='bbox 2257 5419 2391 5469; x_wconf 88' lang='lat' dir='ltr'>ante</span> <span class='ocrx_word' id='word_1_598' title='bbox 2422 5417 2660 5486; x_wconf 79' lang='lat' dir='ltr'>partum</span> <span class='ocrx_word' id='word_1_599' title='bbox 2687 5413 2762 5471; x_wconf 90' lang='lat' dir='ltr'>de</span> <span class='ocrx_word' id='word_1_600' title='bbox 2793 5413 2960 5469; x_wconf 89' lang='lat' dir='ltr'>senili</span> <span class='ocrx_word' id='word_1_601' title='bbox 2985 5412 3209 5468; x_wconf 78' lang='lat' dir='ltr'>effusus</span> <span class='ocrx_word' id='word_1_602' title='bbox 3238 5411 3346 5473; x_wconf 89' lang='lat' dir='ltr'>est,</span> 
     </span>
    </p>
   </div>
   <div class='ocr_carea' id='block_1_119' title="bbox 2115 5493 3439 5578">
    <p class='ocr_par' dir='ltr' id='par_1_119' title="bbox 2115 5493 3439 5578">
     <span class='ocr_line' id='line_1_119' title="bbox 2115 5493 3439 5578; baseline -0.011 -10"><span class='ocrx_word' id='word_1_603' title='bbox 2115 5504 2308 5568; x_wconf 87' lang='lat' dir='ltr'>Quam</span> <span class='ocrx_word' id='word_1_604' title='bbox 2337 5501 2687 5578; x_wconf 83' lang='lat' dir='ltr'>praedicaret</span> <span class='ocrx_word' id='word_1_605' title='bbox 2705 5503 3004 5575; x_wconf 84' lang='lat' dir='ltr'>Virginem</span> <span class='ocrx_word' id='word_1_606' title='bbox 3033 5495 3274 5571; x_wconf 85' lang='lat' dir='ltr'>plenam</span> <span class='ocrx_word' id='word_1_607' title='bbox 3296 5493 3439 5563; x_wconf 80' lang='lat' dir='ltr'>Deo,</span> 
     </span>
    </p>
   </div>
  </div>
