4102 6176
481 258 581 316 271
1747 236 2202 299 BHEVIARIUM
2241 237 2635 298 GOTHICUM.
3793 244 3912 301 272

737 377 884 431 Post
907 373 966 428 in
989 373 1258 445 patentes
1283 370 1380 428 ille
1409 369 1776 435 solitudines,
2164 363 2213 420 Α
2418 368 2580 422 Tunc
2611 381 2794 422 causa
2824 365 2969 422 tanti
2999 364 3284 438 quaeritur
3303 364 3554 436 periculi
3584 386 3602 422 :

664 464 932 523 Amictus
964 460 1129 517 hirtis
1147 459 1480 516 bestiarum
1510 458 1782 531 pellibus,
2424 456 2558 512 Sors
2596 455 2658 510 in
2689 453 2967 524 fugacem
2996 453 3184 510 missa
3206 456 3406 510 vatem
3431 453 3674 512 decidit.

668 553 885 614 Setisve
908 554 1115 618 tectus,
1139 548 1380 622 hispida
1402 553 1457 604 et
1476 547 1779 618 lanugine,
2491 545 2700 599 Jussus
2730 543 2920 616 perire
2947 544 3106 600 solus
3138 559 3168 598 e
3199 544 3426 599 cunctis
3450 559 3612 610 reus,

670 641 936 706 Secessit,
969 640 1222 696 horrens
1247 637 1548 710 inquinari
1579 641 1634 694 et
1661 636 1848 710 pollui
2423 632 2604 703 Cujus
2623 631 2828 690 voluta
2849 631 3077 690 crimen
3104 648 3256 690 urna
3284 638 3680 706 expresserat,

667 727 1096 790 Contaminatis
1134 726 1497 800 oppidorum
1527 725 1816 782 moribus.
2424 720 2694 794 Praeceps
2722 725 2967 788 rotatur,
3002 725 3058 778 et
3085 720 3386 795 profundo
3409 722 3823 796 immergitur;

738 820 856 877 Illic
886 818 1085 874 dicata
1112 833 1327 889 parcus
1353 813 1728 882 abstinentia,
2427 813 2715 883 Exceptus
2745 811 2886 866 inde
2916 809 3192 866 belluinis
3224 811 3518 879 faucibus,

666 913 882 968 Potum
913 907 1240 978 cibumque
1270 907 1365 962 Vir
1386 921 1602 962 severa:
1625 905 1928 960 industriae
2425 899 2552 954 Alvi
2573 899 2810 971 capacis
2844 900 3010 956 vivus
3039 899 3311 957 hauritur
3349 917 3555 973 specu.

669 1005 730 1056 In
759 1011 950 1070 usque
978 1011 1179 1050 serum
1207 993 1534 1066 respuebat
1565 1009 1898 1066 vesperum,
2497 989 2713 1051 Ilonor,
2746 991 3031 1059 potestas.

666 1088 886 1142 Parum
917 1081 1183 1150 locustis,
1217 1087 1274 1138 et
1313 1081 1578 1138 favorem
1607 1081 1931 1151 agrestium
2757 1075 2928 1148 146
2958 1093 3118 1132 FERIA
3145 1094 3387 1141 omnm.

669 1173 920 1246 Liquore
947 1175 1187 1244 pastum
1220 1170 1455 1243 corpori
1487 1174 1689 1226 suetus
1729 1169 1894 1225 dare.
2888 1165 3258 1222 AdSextam.

746 1265 962 1326 llonor,
995 1263 1274 1332 potestas,
1307 1264 1414 1315 etc.
2928 1254 3213 1323 Hymnus.

1185 1364 1449 1403 ssenno.
2500 1341 2875 1398 Transmissa
2907 1343 3123 1414 raptim
3157 1343 3363 1415 praeda
3401 1361 3607 1401 cassos
3633 1347 3912 1404 dentium

1121 1436 1217 1491 Ad
1243 1437 1520 1493 Tertiam.
2431 1429 2624 1486 Eludit
2655 1431 2824 1500 ictus,
2859 1431 3232 1488 incruentam
3264 1433 3637 1490 transvolans

1184 1525 1472 1594 Hymnus.
2433 1520 2682 1591 Impune
2711 1520 3000 1590 linguam,
3036 1535 3110 1576 ne
3137 1524 3425 1578 retentam
3455 1523 3769 1580 mordicus

741 1611 1012 1716 Hortator
1044 1612 1138 1669 ille
1168 1611 1402 1686 primus
1430 1617 1487 1669 et
1523 1611 1732 1716 doctor
1759 1628 1932 1670 novae
2173 1659 2218 1716 Β
2431 1607 2624 1716 etiam
2652 1607 2909 1664 molares
2934 1607 3304 1716 dissecarent
3333 1611 3510 1667 vividi
3543 1630 3556 1666 :

670 1703 793 1760 Fuit
820 1701 1027 1760 salutis
1060 1722 1073 1758 :
1106 1717 1251 1758 nam
1283 1703 1520 1758 sacrato
1552 1701 1614 1757 in
1633 1702 1882 1758 ﬂumine
2173 1697 2218 1716 ”
2432 1698 2510 1754 Os
2541 1712 2752 1754 omnes
2781 1697 3011 1763 transit,
3047 1701 3104 1754 et
3132 1699 3404 1771 palatum
3435 1701 3713 1773 praeterit.

667 1793 943 1848 Veterum
971 1790 1162 1864 pietas
1188 1789 1334 1847 lavit
1365 1805 1636 1846 errorum
1660 1794 1832 1848 notas
1867 1808 1880 1845 :
2499 1787 2700 1842 Ternis
2729 1785 2984 1851 dierum,
3018 1803 3088 1844 ac
3125 1788 3392 1845 noctium
3420 1790 3805 1862 processibus

671 1879 804 1945 Sed,
836 1879 1022 1937 tincta
1049 1882 1373 1952 postquam
1421 1877 1696 1937 membra
1733 1878 2144 1949 defaecaverat,
2431 1875 2638 1933 Mansit
2667 1874 2854 1932 ferino
2895 1875 3215 1934 devoratus
3251 1883 3504 1949 gutture,

669 1967 822 2026 Caelo
850 1968 1150 2041 refulgens
1192 1964 1484 2025 inﬂuebat
1513 1968 1782 2041 Spiritus.
2435 1962 2682 2021 Errabat
2709 1963 2824 2020 illic
2855 1980 2961 2037 per
2985 1964 3246 2023 latebras
3275 1967 3572 2026 viscerum
3605 1986 3617 2024 ε

745 2061 862 2115 Iloc
895 2073 968 2115 ex
992 2057 1197 2115 lavaro
1222 2057 1358 2114 labe
1385 2061 1627 2130 dempta
1653 2057 1971 2114 criminum
2435 2053 2660 2110 Ventris
2691 2069 2960 2110 recessus
2985 2054 3335 2113 circumibat
3363 2057 3584 2114 tortiles

669 2146 843 2205 Ibant
863 2147 1053 2206 renati
1077 2162 1202 2204 non
1231 2163 1404 2204 secus
1435 2163 1621 2220 quam
1653 2147 1703 2203 si
1732 2147 1897 2204 rudis
2435 2142 2716 2213 Anhelus,
2750 2143 2899 2200 extis
2926 2143 3085 2202 intus
3111 2145 3526 2203 aestuantibus.

670 2235 811 2294 Auri
844 2241 1079 2295 recocta
1106 2253 1255 2294 vena
1288 2235 1608 2308 pulchrum
1641 2237 1952 2310 splendeat
1989 2255 2002 2291 :
2509 2231 2772 2289 Intactus
2804 2233 2940 2289 exin
2968 2234 3150 2292 tertias
3181 2235 3374 2292 noctis
3406 2236 3556 2308 vice,

673 2327 836 2384 Micet
868 2325 1079 2384 mitalli
1105 2324 1227 2383 sive
1257 2325 1359 2382 lux
1391 2327 1654 2396 argentei
2439 2321 2676 2378 Monstri
2700 2322 2995 2379 vomentis
3025 2322 3263 2396 pellitur
3293 2324 3670 2396 singultibus,

677 2415 908 2473 Sudum
941 2415 1124 2489 polito
1147 2413 1470 2488 pramitens
1492 2416 1864 2488 purgamine.
2441 2411 2566 2475 Qua
2586 2411 2986 2467 murmuranti
3007 2411 3146 2477 fine,
3169 2411 3386 2469 ﬂuctus
3412 2413 3704 2484 frangitur

752 2504 975 2574 Honor,
1004 2507 1291 2577 potestas.
2442 2498 2764 2572 Salsosque
2785 2499 3054 2557 candens
3071 2517 3291 2574 spuma
3311 2502 3506 2560 tundit
3526 2507 3799 2576 pumices
3835 2525 3850 2562 :

1126 2592 1226 2648 Ad
1246 2591 1512 2649 Sextam.
2439 2590 2718 2644 Ructatus
2743 2588 2876 2656 exit,
2913 2605 3096 2662 seque
3129 2595 3431 2648 servatum
3469 2596 3690 2665 stupet.

1176 2681 1476 2752 Hymnus.
2512 2679 2730 2746 Honor,
2765 2682 3046 2749 potestas.

747 2769 980 2827 Referre
1013 2769 1192 2843 prisci
1223 2774 1481 2829 stemma
1511 2787 1672 2829 nunc
1698 2772 1912 2846 jejunii
2879 2784 3037 2824 manu
3070 2785 3290 2834 cum“.

680 2855 864 2926 Libet,
893 2858 1054 2917 fideli
1085 2858 1388 2932 proditum
1418 2860 1743 2928 volumine,
2883 2857 2982 2912 Ad
3009 2858 3276 2916 Sextum.

679 2950 748 3005 Ut
774 2948 1082 3004 diruendae
1115 2949 1370 3005 Civitatis
1395 2950 1602 3006 incolis
2931 2945 3218 3017 Hymnus.

679 3036 924 3093 Fulmen
951 3036 1197 3107 benigni
1219 3038 1652 3096 masuefactum
1681 3042 1864 3098 Patris
1958 3065 1967 3075 ο
2179 3019 2220 3075 C
2509 3037 2570 3089 In
2594 3033 2876 3090 Ninivitas
2899 3050 2960 3090 se
2987 3040 3227 3093 coactus
3257 3038 3478 3109 percito

675 3117 768 3181 Pie
799 3124 1086 3198 repressis
1114 3125 1359 3198 ignibus
1390 3130 1741 3200 pepercerit.
2436 3125 2649 3179 Gressu
2676 3121 2922 3180 reﬂectit
2953 3143 2964 3180 :
2994 3140 3146 3198 quos
3174 3130 3236 3182 ut
3260 3127 3694 3200 increpaverat,

747 3216 899 3271 Gens
924 3213 1207 3272 insolenti
1242 3227 1578 3288 praepotens
1599 3219 1886 3290 jactantia
2436 3211 2480 3264 Ρ
2488 3210 2727 3267 υάθῑιάα
2757 3213 3304 3287 (ἶθηεοΐίωρυίᾶοε
3329 3217 3649 3288 οΡΡΐοῙπλᾶ
3680 3233 3692 3272 ³

679 3301 942 3360 Pollebat
971 3303 1133 3370 olim,
1176 3319 1362 3377 quam
1390 3304 1672 3364 ﬂuentem
1697 3311 1968 3382 nequiter
2439 3300 2754 3373 ῐωρεῐιάὶι,
2785 3301 2995 3374 inquit,
3029 3303 3116 3361 ira
3147 3305 3370 3360 Summi
3399 3305 3652 3362 vindicis
3684 3306 3698 3360 ἰ

678 3393 969 3465 Corrupta
994 3391 1177 3464 vulgo
1208 3393 1462 3451 solverat
1481 3394 1761 3454 lascivia:
2443 3389 2781 3464 Urbemque
2809 3389 3060 3448 ﬂamma
3081 3408 3217 3450 mox
3247 3394 3558 3459 cremabit,
3586 3394 3810 3452 credite
3833 3395 3847 3449 l

678 3483 746 3538 Et
768 3479 907 3537 inde
935 3480 1112 3538 bruto
1143 3485 1469 3540 contumax
1502 3483 1761 3557 fastidio,
2515 3477 2759 3550 Apicem
2791 3479 3071 3554 deinceps
3101 3481 3272 3538 ardui
3301 3483 3520 3540 montis
3543 3483 3707 3556 petit,

682 3569 916 3626 cultum
960 3572 1202 3644 superni
1235 3572 1576 3644 negligebat
1613 3576 1902 3633 Numinis,
2440 3567 2685 3623 Visurus
2715 3567 2855 3624 inde
2885 3569 3315 3640 conglobatum
3341 3571 3627 3629 turbidae!

753 3657 993 3716 Offensa
1028 3660 1272 3717 tandem
1297 3661 1459 3733 jugis
1488 3662 1872 3734 indulgentiae
2442 3658 2697 3713 Fumum
2725 3658 2933 3723 ruinae,
2967 3658 3148 3716 cladis
3195 3664 3252 3717 et
3280 3660 3425 3717 dirae
3457 3665 3706 3722 struem.

683 3747 962 3814 Censura,
986 3747 1163 3818 justis
1193 3749 1482 3808 excitatur
1515 3753 1800 3824 motibus,
2439 3749 2646 3804 Tectus
2674 3745 2926 3818 ﬂagellis
2955 3749 3297 3806 multimodi
3327 3751 3634 3822 germinis,

685 3836 964 3893 Dextram
988 3841 1292 3909 perarmat
1319 3839 1715 3913 rhomphaaali
1751 3843 2027 3903 incendio
2444 3836 2544 3893 Hi0
2565 3839 2620 3892 εί
2648 3841 2883 3908 repente
2915 3837 3227 3911 Perfruens
3256 3839 3634 3911 υωὶπειουίοι

684 3923 933 3982 Nimbos
959 3930 1272 3998 crepantes
1299 3931 1356 3985 et
1380 3928 1656 4002 fragosos
1678 3931 1946 3991 turbines
2515 3925 2628 3984 Sed
2647 3933 2861 3984 masta
2881 3932 3204 4002 postquam
3235 3929 3440 3987 civitas
3464 3930 3683 3987 vulnus
3712 3931 3856 3988 novi

686 4013 958 4085 Vibrans,
990 4018 1306 4072 tonantum
1335 4017 1496 4074 nube
1534 4019 1922 4080 ﬂammarum
1945 4025 2153 4098 quatit.
2443 4015 2616 4071 Αυιίί
2645 4014 2866 4072 (10101⁵1³
2893 4015 3011 4074 heu
3037 4033 3406 4091 supremum:
3437 4019 3688 4092 Palpitat
3717 4019 3730 4072 !

759 4101 873 4162 Sed
903 4104 1225 4178 paenitendi
1251 4105 1399 4164 dum
1427 4106 1606 4166 datur
1633 4111 1890 4182 diecula,
2445 4105 2698 4162 cursant
2718 4121 2824 4178 Per
2853 4105 3056 4180 ampla
3086 4108 3495 4179 οοηεπθεδιίω
3517 4108 3746 4166 mania

691 4193 748 4253 Si
775 4194 927 4252 forte
952 4193 1165 4253 vellent
1195 4196 1540 4270 improbam
1571 4200 1903 4273 libidinem,
2443 4191 2636 4260 1318133.
2672 4198 2729 4250 et
2758 4196 3025 4262 senatus,
3051 4196 3259 4253 omnia
3279 4202 3426 4254 aetas
3454 4197 3710 4264 Civium.

690 4285 894 4341 Vetere
919 4299 1036 4357 que
1066 4300 1280 4356 nugas,
1304 4287 1670 4347 condomare
1693 4307 1764 4350 ac
1792 4292 2066 4366 frangere
2409 4280 2643 4338 P8119115
2669 4284 2973 4351 Iuventus,
3003 4287 3294 4357 θὶυῙᾶηῑθε
3324 4286 3580 4344 femini?-

691 4370 1012 4446 Suspendit
1041 4373 1224 4430 ictum
1257 4378 1442 4434 terror
1467 4379 1804 4452 exorabilis,
2193 4374 2238 4431 D
2455 4373 2671 4435 Honor,
2702 4377 2989 4446 potestas.

691 4459 1060 4534 Paulumque
1090 4461 1248 4520 dicta
1279 4463 1536 4523 substitit
1568 4469 1874 4528 sententia.
2891 4480 3044 4520 FERIA
3083 4480 3279 4520 SEXTA.

761 4549 978 4622 Honor,
1012 4552 1298 4623 potestas,
1323 4557 1432 4610 etc.
2896 4553 2995 4610 Ad
3015 4553 3283 4611 Sexlam.

1141 4656 1300 4697 FERIA
1324 4646 1539 4700 rearis.
2936 4643 3220 4714 Hymnus.

1151 4730 1244 4786 Ad
1265 4730 1526 4790 Sextum.
2521 4729 2736 4801 Placet,
2761 4730 3112 4790 fermentem
3138 4732 3395 4806 publicis
3417 4735 3496 4806 jej
3507 4735 3665 4791 uniis

1197 4818 1490 4892 Hymnus,
2453 4819 2697 4877 Placare
2725 4820 3020 4880 Christum
3055 4841 3068 4883 :
3107 4838 3240 4880 mos
3269 4823 3486 4882 edendi
3512 4825 3840 4898 spernitur.

765 4908 979 4964 Jonam
1008 4907 1364 4981 Prophetam
1395 4911 1552 4968 mitis
1583 4911 1738 4969 ultor
1765 4914 2000 4984 excitat,
2455 4907 2708 4967 Glaucos
2723 4911 2976 4968 amictus
3002 4911 3194 4969 induit
3216 4913 3543 4970 monilibus

695 4993 893 5052 Preme
930 4995 1296 5056 imminentis
1325 5001 1434 5056 iret
1463 5004 1526 5058 ut
1562 5003 1943 5074 preenuncius
1974 5024 1989 5068 :
2453 5001 2714 5057 Matrona
2743 5000 3026 5075 demptis;
3057 5017 3288 5076 proque
3344 5019 3588 5076 gemma-
3616 5008 3676 5062 εἴ
3720 5005 3934 5072 serico,

698 5081 813 5140 Sed
840 5092 1044 5144 nosset
1066 5086 1162 5144 ille
1202 5103 1339 5144 cum
1364 5089 1666 5148 minacem
1687 5091 1955 5164 judicem
2455 5089 2688 5148 Crinem
2710 5090 2996 5149 ﬂuentem
3028 5091 3309 5151 sordibus
3340 5095 3567 5168 spargit
3609 5095 3760 5152 cinis

695 5173 1171 5260 Servare‘malle,
1193 5175 1592 5260 quamferire,
1626 5197 1696 5238 ac
1721 5181 1996 5260 plectere,
2527 5179 2834 5252 Squallent
2859 5182 3121 5240 recincta
3150 5187 3312 5241 veste
3344 5184 3546 5256 pullati
3574 5187 3783 5243 Patres
3815 5204 3830 5244 :

691 5246 930 5349 “’me
955 5246 1487 5349 latente-11‘6"“)?
1518 5246 2030 5349 Thar55§_fugan'1o
2457 5246 2743 5344 Seta-sque
2772 5271 3065 5346 plangens
3088 5275 3286 5333 Turba
3314 5246 3493 5333 sumit
3514 5277 3772 5344 textiles,

763 5333 994 5436 Celsam
1024 5335 1248 5436 paratis
1277 5337 1564 5436 pontibus
1588 5343 1824 5436 scandit
1847 5351 2033 5405 ratem
2454 5333 2698 5432 Impexis.
2723 5333 2875 5418 villis
2918 5333 3092 5436 Virgo
3118 5364 3471 5423 bestialibus

697 5423 824 5522 fido
852 5423 1120 5522 revincta
1147 5423 1541 5522 funepuppis
1570 5429 1856 5502 solvitur;
2454 5423 2730 5514 Nigrante
2762 5446 2989 5506 vultum
3011 5423 3271 5522 contegit
3297 5450 3611 5520 velamine,

694 5512 814 5570 Itur
847 5527 955 5586 per
980 5512 1167 5573 altum
1198 5531 1216 5572 :
1245 5514 1312 5574 ﬁt
1334 5516 1714 5590 procelosum
1741 5534 1909 5581 mare
1933 5540 1954 5582 :
2453 5512 2662 5592 Iacens
2693 5536 2889 5595 arenis
2919 5541 2978 5596 et
3003 5554 3153 5613 puer
3187 5512 3573 5614 provolvitur.
