4102 6176
218 232 326 288 273
1408 233 1757 293 DOMINICA
1795 234 1818 291 Ι

2012 234 2465 298 DRAGESIME.
3532 255 3632 310 274

429 356 547 411 Rex
575 354 726 426 ipse,
779 354 974 444 Cboos
1034 362 1386 415 testuantem
1434 360 1692 417 murices
1907 361 1952 415 A
2124 363 2337 420 Alteris
2367 381 2536 424 aram
2565 368 2730 440 quod
2765 368 2907 427 facit
2970 370 3346 444 placabilem,

359 446 615 510 Lasnam,
648 442 892 500 revulsa
912 442 1459 517 dissipabatﬁbula
2126 452 2293 517 Quod
2325 454 2676 513 dormientis
2706 459 2921 515 excitat
2950 442 3144 516 cordis
3168 460 3372 531 ﬁdem,

351 535 631 620 Gemmas
658 530 943 598 virentes,
976 537 1034 590 et
1081 534 1312 607 lapillos
1339 535 1564 603 sutiles,
2123 540 2294 607 Quod
2313 542 2481 601 limat
2501 560 2725 615 aegram
2773 550 3042 620 corporis
3074 549 3401 608 libidinem.

344 621 580 692 Insigne
600 619 817 677 frontis
849 622 1451 693 exuebatvinculum,
2193 632 2412 703 Honor,
2461 640 2745 705 potestas,
2770 641 2877 694 etc.

347 709 524 783 Turpi
544 708 793 782 capillos
822 709 1141 783 impeditos
1194 714 1461 789 pulvere.
2592 740 2748 780 ream
2778 742 2997 789 eumn.

422 799 639 854 Honor.
1452 805 1465 813 ‘
2611 814 2657 866 .4
2670 812 2710 867 ιι
2733 813 2990 871 Nonam.

909 906 1178 949 suane.
2653 900 2943 972 Hymnus.

835 979 933 1034 Ad
964 979 1233 1037 Sextum.
2190 986 2429 1043 Pertusa
2456 1002 2579 1044 non
2613 990 2695 1044 sic
2725 1005 2902 1046 amne
2966 991 3217 1048 ﬂamma
3275 994 3634 1065 extinguitur

886 1068 1187 1138 Hymnus.
2121 1075 2237 1129 Nec
2266 1074 2348 1129 sic
2387 1075 2613 1132 calente
2650 1078 2781 1134 Sole
2825 1079 3139 1136 tabescunt
3164 1081 3332 1137 nives
3363 1101 3376 1149 ;

420 1156 627 1213 Nullus
649 1155 922 1221 bibendi,
952 1172 1132 1214 nemo
1189 1160 1471 1216 vescendi
1511 1174 1761 1223 memor,
2123 1162 2191 1217 Ut
2215 1161 2591 1220 turbidarum
2632 1165 2850 1222 scabra
2898 1167 3212 1239 culparum
3269 1182 3443 1237 seges

350 1246 570 1317 Jejuna
602 1262 845 1305 mensas
866 1246 1061 1319 pubes
1092 1248 1289 1304 omnis
1342 1248 1593 1321 liquerat
1624 1266 1635 1303 :
2119 1252 2393 1309 Vanescit
2419 1252 2555 1308 alvo
2586 1253 2719 1311 trita
2759 1254 2873 1310 sub
2900 1257 3161 1327 jejuuio,

356 1334 510 1401 Quin
531 1338 585 1391 et
608 1338 821 1405 negato
863 1335 1015 1392 lacte
1068 1336 1437 1407 vagientium
2122 1338 2179 1393 Si
2214 1338 2439 1396 blanda
2461 1356 2699 1412 semper
2736 1342 3058 1400 misceatur
3077 1344 3341 1413 largitas.

354 1423 516 1479 Fletu
545 1424 900 1482 madescunt
926 1426 1319 1497 parvulorum
1351 1426 1607 1494 cunulre,
2190 1430 2287 1484 Est
2314 1428 2540 1501 quippe
2570 1434 2625 1485 et
2648 1429 2793 1486 illud
2846 1432 3073 1502 grande
3122 1432 3355 1488 virtutis
3387 1448 3577 1503 genus
3614 1450 3625 1489 :

346 1513 603 1568 Succum
628 1513 871 1586 papillae
905 1528 1094 1585 parca
1140 1516 1339 1571 nutrix
1398 1514 1673 1585 denegat.
2121 1515 2359 1588 Operirc
2414 1518 2611 1574 nudos
2645 1536 2657 1574 :
2709 1519 3049 1591 indigentes
3088 1537 3371 1593 pascere:

413 1603 633 1671 Greges
655 1606 712 1657 et
740 1601 905 1675 ipsos
939 1602 1162 1659 claudit
1219 1601 1640 1659 armentalium
2122 1606 2309 1677 Opem
2361 1605 2679 1677 benignam
2707 1607 2857 1664 ferre
2890 1608 3405 1682 supplicantibus:

346 1689 551 1747 Solves
578 1690 847 1746 virorum
872 1707 1033 1756 cura,
1060 1706 1136 1747 ne
1174 1707 1395 1763 vagum
1432 1707 1617 1764 pecus
1903 1714 1943 1767 Β
2121 1696 2331 1761 Unam;
2353 1710 2681 1767 paremque
2722 1698 2896 1753 sortis
2961 1698 3245 1752 humanae
3291 1699 3485 1754 vicem

349 1778 664 1849 Contingat
692 1795 794 1835 ore
824 1778 1127 1836 rorulenta
1182 1780 1475 1849 gramina,
2122 1785 2273 1839 Inter
2297 1787 2593 1855 polentes,
2627 1788 2805 1856 atque
2845 1800 3067 1855 egenos
3111 1784 3329 1840 ducere
3363 1802 3375 1839 :

352 1868 561 1923 l’otum
595 1868 911 1940 strepentis
935 1883 1085 1924 neve
1108 1868 1290 1924 fontis
1314 1868 1570 1932 hauriat,
2194 1872 2343 1928 Satis
2366 1871 2578 1928 beatus
2606 1874 2863 1946 quisque
2908 1874 3182 1930 dextram
3212 1873 3485 1946 porrigit,

357 1958 563 2013 Vacuis
586 1957 845 2031 querelas
890 1964 1217 2030 personant
1248 1958 1641 2031 praesepibus.
2120 1960 2337 2017 Laudis
2385 1976 2668 2033 rapacem
2701 1962 3022 2034 prodigam
3048 1961 3341 2034 pecunias,

419 2046 795 2111 Mollitushis,
834 2051 891 2102 et
925 2045 1159 2111 talibus,
1186 2046 1427 2103 brevem
1459 2047 1613 2102 Deus
2122 2049 2303 2121 Cujus
2333 2049 2570 2107 sinistra
2608 2050 2781 2107 dulce
2810 2051 3033 2108 factum
3061 2049 3289 2106 nesciat
3328 2070 3341 2108 :

349 2139 504 2192 Iram
544 2135 843 2205 refraenat,
867 2140 1209 2209 temperans
1240 2135 1570 2192 oraculum.
2122 2137 2295 2193 Illum
2324 2153 2616 2210 perennes
2646 2139 2917 2212 protinus
2949 2139 3251 2212 complent
3275 2154 3421 2211 opes
3446 2157 3459 2208 ;

347 2225 610 2296 Propere
645 2224 990 2280 sinistrum:
1025 2240 1218 2298 prona
1270 2240 1414 2281 nam
1440 2223 1755 2280 clementia
2121 2227 2395 2299 Ditatque
2421 2226 2646 2284 fructus
2677 2228 3069 2285 faenerantem
3105 2227 3444 2300 centuplex.

349 2312 522 2368 Haud
551 2311 869 2369 difﬁculter
904 2313 1237 2386 supplicem
1268 2313 1612 2370 mortalium
2194 2318 2412 2385 Honor,
2445 2320 2723 2388 potestas,
2765 2316 3074 2389 plenitudo
3104 2316 3309 2386 gratias

351 2400 535 2458 Solvit
560 2406 815 2469 reatum,
853 2402 1041 2475 ﬁtque
1084 2401 1305 2458 fautrix
1367 2401 1657 2457 ﬂentium.
2124 2406 2243 2461 Deo
2265 2405 2532 2476 perenni,
2561 2406 2817 2463 Trinitati
2848 2405 3127 2479 simplici,

426 2492 648 2561 Honor,
678 2494 961 2562 potestas.
2123 2492 2381 2559 Eterna,
2424 2495 2596 2564 cujus
2626 2500 2714 2550 est
2738 2494 2918 2550 beata
2944 2494 3152 2564 gloria,

830 2595 991 2635 rem
1020 2595 1263 2636 sscunoa
2124 2581 2328 2652 Replet
2369 2582 2548 2650 globi,
2591 2598 2914 2653 rerumque
2949 2587 3165 2637 cuncta
3192 2582 3496 2651 machina,

854 2667 946 2722 Ad
978 2667 1236 2724 Nonam.
2124 2671 2421 2741 Tenetque
2441 2685 2696 2739 regnum
2725 2669 3018 2742 perpetim
3043 2684 3145 2739 per
3166 2668 3403 2724 saecula.

892 2757 1185 2826 Hymnus.
2196 2757 2403 2812 Amen.

430 2845 542 2902 Sed
564 2860 672 2900 cur
701 2849 947 2900 vetustas
970 2845 1162 2914 gentis
1210 2844 1552 2917 exemplum
1605 2843 1822 2916 loquor
1846 2843 1874 2898 ?
2052 2845 2439 2917 Supplicatio.
2461 2846 2731 2911 Oremus,
2762 2847 2824 2900 ut
2849 2858 2960 2899 nos
2994 2847 3203 2899 sancto
3229 2842 3456 2914 jejunio
3478 2844 3636 2907 Qua-

352 2933 592 2990 Pridem
622 2933 865 2989 caducis
936 2949 1074 2989 cum
1106 2937 1387 3003 gravatus
1437 2932 1686 2988 artubus
1982 2934 2362 3005 dragesimze.
2392 2934 2507 3004 fol.
2540 2936 2660 2989 143.

354 3025 543 3089 Jesus,
570 3023 772 3079 dicato
807 3022 987 3078 corde
1005 3022 1366 3093 jejunaverit
1397 3040 1409 3088 ;
1902 3062 1943 3117 C
2055 3025 2353 3096 Capitula.
2380 3021 2620 3080 Custodi
2641 3037 2773 3089 nos,
2810 3022 3063 3079 Domine
3093 3038 3138 3117 a
3157 3022 3538 3092 generatione
3556 3021 3629 3117 in

356 3113 870 3184 Praenuncupatus
898 3126 1000 3167 ore
1022 3112 1127 3183 qui
1158 3110 1507 3184 prophetico
1908 3109 1943 3117 “
1979 3114 2326 3187 progeniem
2364 3133 2378 3169 :
2410 3128 2520 3169 nec
2549 3127 2689 3168 cum
2746 3111 3025 3185 praesenti
3042 3109 3362 3168 volvamur
3391 3110 3631 3182 saeculo,

352 3199 713 3258 Emmanuel
749 3204 860 3266 est,
885 3199 1004 3255 sive
1024 3199 1347 3255 nobiscum
1378 3201 1532 3255 Deus
1552 3204 1580 3255 ?
1979 3203 2084 3276 qui
2110 3208 2215 3259 tuo
2230 3202 2360 3275 jam
2388 3202 2741 3259 inhaesimus
2780 3201 3191 3258 fundamento.
3228 3200 3343 3257 Sed
3367 3199 3634 3256 miseria-

422 3290 537 3356 Qui
565 3304 786 3361 corpus
808 3288 972 3345 istud
1009 3288 1187 3345 molle
1218 3287 1584 3357 naturaliter,
1978 3308 2115 3349 rum
2142 3305 2486 3349 nostrarum
2507 3291 3079 3357 consolatorexurge
3103 3307 3116 3357 ;
3142 3293 3197 3344 et
3209 3291 3499 3359 proventu
3535 3286 3634 3342 lae-

342 3383 732 3451 Captumque
773 3377 909 3434 laxo
946 3378 1057 3433 sub
1119 3377 1494 3449 voluptatum
1522 3376 1690 3447 jugo,
1978 3380 2122 3436 titias
2142 3395 2428 3435 maerores
2458 3383 2695 3435 nostros
2753 3378 3054 3447 absterge.

338 3466 583 3523 Virtutis
609 3470 774 3522 arcta
795 3466 924 3538 lege
952 3465 1090 3522 fecit
1117 3466 1396 3533 liberum,
2050 3470 2220 3525 Pater
2243 3473 2462 3525 noster.
2513 3473 2560 3523 Α
2591 3467 2751 3523 malo
2782 3481 2892 3522 nos
2949 3464 3155 3520 libera.
3184 3463 3297 3533 fol.
3330 3465 3415 3528 40,
3445 3461 3632 3518 Bene-

357 3556 785 3628 Emancipator
817 3554 1125 3611 servientis
1168 3554 1503 3627 plasmatis,
1979 3558 2181 3614 dictio.
2209 3558 2417 3624 Quaere
2440 3560 2501 3612 in
2532 3555 2721 3622 Nona,
2753 3569 2885 3625 qua:
2906 3553 3133 3609 dicitur
3160 3567 3263 3623 per
3316 3556 3499 3607 totum
3525 3565 3632 3607 an-

346 3645 671 3715 Regnantis
701 3648 836 3701 ante
856 3646 1039 3700 victor
1069 3648 1127 3701 et
1152 3644 1470 3716 cupidinis.
1978 3662 2121 3704 num
2149 3647 2215 3702 in
2230 3646 2434 3703 diebus
2450 3644 2644 3714 feriis.

422 3733 774 3806 Inhospitali
816 3748 1080 3806 namque
1147 3737 1409 3789 secretus
1456 3732 1611 3803 loco,
2655 3732 2741 3787 Ad
2766 3731 3005 3790 Sextum

354 3822 560 3889 Ouinis
591 3821 808 3879 diebus
847 3821 1030 3878 octies
1088 3821 1456 3886 labentibus,
2191 3825 2381 3882 Lectio
2408 3823 2552 3879 libri
2566 3822 2765 3880 Esaia:
2807 3821 3107 3893 Prop/tem
3143 3820 3307 3892 (Cap.
3343 3820 3412 3891 1).

351 3911 583 3969 Nullam
619 3910 898 3967 ciborum
964 3910 1309 3968 vendicavit
1361 3911 1636 3982 gratiam,
2049 3926 2121 3987 11.
2168 3914 2290 3971 Deo
2315 3913 2563 3983 gratias.

353 4002 617 4056 Firmans
644 3999 891 4069 salubri,
939 3999 1181 4065 scilicet,
1210 4000 1443 4070 jejunio
2049 4006 2183 4059 Haec
2207 4002 2350 4059 dicit
2379 4002 2669 4057 Dominus
2702 4020 2713 4060 :
2747 3999 2980 4066 Audite,
3008 3999 3208 4056 audite
3234 3996 3488 4055 verbum
3515 3997 3628 4053 Do-

350 4090 465 4144 Vas
490 4087 843 4160 appetendis
877 4087 1244 4144 imbecillum
1294 4087 1561 4159 gaudiis.
1978 4091 2432 4163 miniPrincipes
2446 4090 2858 4159 Sodomorum,
2879 4088 3163 4161 percipite
3181 4087 3428 4144 auribus
3443 4086 3629 4157 legem

426 4179 638 4245 Honor,
668 4182 963 4252 potestas.
1978 4183 2046 4237 De

2008 4182 2078 4237 )ei
2101 4180 2298 4247 vestri,
2311 4179 2571 4252 populus
2589 4178 2959 4235 Gomorrhre.
2979 4178 3109 4243 Quo
3124 4175 3272 4233 mihi
3305 4174 3628 4232 multitudi-

824 4283 987 4323 FERIA
1014 4283 1228 4325 TERTIA.
1976 4287 2113 4327 nem
2127 4270 2505 4327 victimarum
2518 4273 2874 4333 vestrarum,
2893 4266 3035 4322 dicit
3048 4265 3336 4323 Dominus
3356 4265 3385 4320 ?
3413 4263 3627 4336 plenus

833 4356 927 4412 Ad
949 4357 1181 4415 Nnoam
1898 4414 1939 4427 ﬁ
1978 4374 2113 4415 sum
2147 4357 2536 4417 :holocausta
2576 4356 2849 4421 arietum,
2883 4359 2940 4411 et
2992 4353 3233 4427 adipem
3289 4350 3624 4425 pinguium,

882 4445 1169 4518 Hymnus.
1898 4414 1944 4468 Β
1977 4452 2035 4505 et
2063 4446 2422 4515 sanguinem
2441 4444 2787 4511 vitulorum,
2812 4447 2869 4501 et
2887 4458 3207 4514 agnorum,
3235 4440 3624 4504 ethircorum,

415 4537 660 4594 Miratur
705 4535 897 4592 hostis
926 4550 1105 4607 posse
1126 4534 1341 4591 limum
1370 4535 1647 4592 tabidum
1977 4535 2167 4593 nolui.
2195 4537 2340 4591 Cum
2352 4533 2623 4590 veneritis
2650 4537 2787 4589 ante
2815 4536 3207 4605 conspectum
3234 4544 3457 4592 meum,
3490 4526 3628 4599 quis

346 4628 596 4683 Tantum
636 4625 863 4682 laboris
903 4625 1222 4693 sustinere,
1266 4639 1336 4680 ac
1378 4625 1608 4697 perpeti
1639 4666 1652 4680 .
1978 4624 2389 4697 quassivithasc
2421 4623 2495 4679 de
2526 4621 2806 4678 manibus
2846 4615 3550 4684 vestris,utambularetis
3566 4614 3628 4670 in

358 4715 522 4789 147
536 4714 814 4786 Explorat
844 4718 968 4771 arte
996 4713 1322 4770 sciscitator
1351 4712 1586 4770 callida.
1981 4713 2142 4769 atriis
2164 4712 2310 4789 meis
2335 4711 2363 4767 ‘I
2391 4726 2467 4767 ne
2496 4709 2761 4767 offeratis
2784 4709 2940 4765 ultra
2969 4707 3329 4765 sacriﬁcium
3356 4703 3577 4759 frustra
3611 4718 3624 4757 :

354 4805 506 4861 Deus
531 4820 610 4860 ne
636 4802 905 4860 menbris
926 4802 1001 4859 sit
1050 4805 1323 4873 receptus
1379 4804 1581 4859 terreis
1624 4819 1638 4858 :
1982 4801 2293 4857 incensum
2319 4798 2689 4856 abominatio
2740 4802 2832 4854 est
2888 4796 3057 4852 mihi.
3094 4792 3503 4854 Neomeniam,
3574 4796 3633 4848 et

355 4893 486 4965 Sed,
508 4893 822 4965 increpata
848 4891 1078 4956 fraude,
1098 4894 1244 4964 post
1265 4894 1498 4961 tergum
1520 4891 1659 4948 ruit.
1984 4889 2252 4957 sabbata,
2275 4892 2331 4945 et
2366 4888 2709 4945 festivitates
2735 4886 2881 4943 alias
2905 4901 3027 4942 non
3055 4885 3265 4945 feram,
3285 4880 3474 4954 iniqui
3494 4886 3633 4938 sunt

420 4985 542 5039 Hoc
555 4997 669 5039 nos
683 4980 1485 5053 sequamur,quisquenunc
1501 4995 1606 5051 pro
1631 4978 1872 5036 viribus:
1984 4982 2173 5036 castus
2201 4977 2379 5034 vestri
2412 4975 2727 5032 :calendas
2747 4980 2991 5039 vestras,
3011 4972 3201 5029 odivit
3226 4972 3432 5028 anima
3446 4987 3581 5028 mea
3611 4987 3623 5025 :

354 5071 522 5138 Quod
547 5068 885 5127 consecrati
904 5073 969 5125 tu
1001 5068 1275 5141 Magister
1303 5068 1617 5141 Dogmatis
1984 5067 2143 5124 facta
2163 5062 3359 5129 suntmihimolesta,laboravisustinens.
3389 5062 3458 5117 Et
3491 5074 3629 5115 cum

349 5161 480 5216 Tuis
510 5159 763 5225 dedisti,
822 5158 1067 5224 Christe,
1138 5157 1536 5213 sectatoribus
1571 5174 1588 5215 :
1986 5154 2363 5213 extenderitis
2390 5169 2606 5209 manus
2634 5159 2881 5218 vestras,
2910 5156 3179 5209 avertam
3230 5150 3435 5207 oculos
3463 5160 3628 5202 meos

352 5250 435 5317 Ut,
464 5265 609 5305 cum
633 5247 889 5304 vorandi
948 5246 1154 5303 vicerit
1177 5245 1517 5309 libidinem,
1986 5244 2207 5303 avobis
2219 5248 2421 5299 etcum
2434 5241 2963 5315 multiplicaveritis
2980 5242 3330 5305 orationem,
3347 5250 3467 5292 non
3515 5247 3627 5324 au-

351 5337 486 5394 Late
512 5336 841 5409 triumphet
910 5336 1244 5408 Imperator
1293 5333 1553 5406 spiritus.
1985 5333 2170 5391 diam:
2187 5347 2404 5388 manus
2417 5336 2633 5388 vestrm
2646 5331 2939 5403 sanguine
2957 5332 3149 5405 plenae
3171 5329 3327 5383 sunt.
3352 5326 3627 5377 Lavami-

426 5430 545 5483 Hoc
580 5430 694 5493 est,
728 5424 894 5497 quod
937 5425 1049 5481 atri
1074 5424 1223 5480 livor
1259 5422 1455 5479 hostis
1508 5423 1734 5481 invidet
1983 5424 2067 5494 ni,
2095 5421 2304 5479 mundi
2333 5425 2519 5480 estote
2566 5420 2766 5479 aufere
2801 5421 3028 5478 malum
3082 5410 3508 5482 cogitationum
3534 5419 3630 5460 V8-

359 5515 578 5584 Mundi,
605 5513 853 5588 Polique
879 5512 1045 5588 quod
1097 5511 1463 5582 gubernator
1493 5511 1731 5587 probat,
1989 5515 2248 5572 strarum
2279 5511 2357 5570 ab
2382 5512 2570 5570 oculis
2598 5512 2747 5569 meis
2778 5529 2791 5570 :
2824 5503 3105 5582 quiescite
3132 5512 3309 5569 agere
3327 5509 3630 5570 Ρθτνθνεθ,
