4102 6176
445 306 553 362 275

1721 288 2171 351 BREVIABIUM
2210 288 2600 349 GOTHICUM.

3756 298 3871 353 276

448 426 1015 487 discitebenet‘acere
1034 424 1279 498 quaerite
1286 422 1606 496 judicium,
1651 420 1962 479 subvenite
1990 433 2094 489 op—
2124 416 2173 471 A
2201 415 2306 472 tibi
2337 417 2589 473 Domino
2615 417 3043 492 impendamus
3069 418 3217 475 :uta
3245 418 3299 473 te
3328 414 3533 485 glorias
3554 432 3852 479 coronam

447 534 674 593 presso,
686 519 706 589 j
716 517 947 575 udicate
957 514 1187 589 pupillo
1200 511 1501 571 defendite
1514 511 1780 568 viduam.
1801 510 1867 566 Et
1879 507 2092 573 venite,

451 611 510 665 et
532 608 758 679 arguite
792 621 909 673 me,
968 603 1101 660 dicit
1133 602 1423 659 Dominus
1461 618 1475 657 :
1507 600 1557 657 si
1584 600 1802 657 fuerint
1852 600 2099 670 peccata

452 699 667 761 vestra,
683 693 1084 761 utcoccinum,
1099 690 1277 764 quasi
1296 689 1422 757 nix,
1442 688 1883 745 dealbabuntur
1911 704 1925 744 :
1967 688 2023 740 et
2048 683 2098 738 si

453 783 669 838 fuerint
703 781 887 837 rubra
936 780 1113 853 quasi
1142 776 1527 846 vermiculus,
1578 776 1739 833 velut
1790 775 1934 830 lana
1961 771 2100 828 alba

453 874 643 927 erunt.
661 868 1050 933 Sivolueritis,
1079 869 1133 925 et
1149 866 1455 923 audieritis
1469 880 1584 933 me,
1614 865 1777 921 bona
1806 866 1974 919 terra:
2005 875 2100 916 co-

453 959 723 1024 medetis,
755 956 836 1014 ait
866 955 1151 1012 Dominus
1181 954 1592 1026 omnipotens.
1642 963 1709 1021 Bt.
1737 952 1947 1007 Amen.

526 1045 875 1115 Antiphona
904 1045 957 1099 1.
1009 1047 1073 1099 In
1101 1041 1425 1099 avertendo
1481 1040 1771 1097 Dominus
1796 1036 2101 1110 captivita-

453 1142 574 1194 tem
601 1134 793 1207 plebis
823 1149 969 1203 suae,
1020 1131 1250 1189 laetetur
1303 1130 1508 1196 Iacob,
1538 1133 1596 1188 et
1640 1126 1859 1187 exultet
1897 1126 2098 1184 Israel.

454 1225 721 1283 Psalmus
742 1239 874 1279 xui.

529 1313 754 1371 Oratio.
780 1313 1012 1367 Nomen
1031 1312 1205 1366 tuum
1243 1308 1494 1365 Domine
1525 1306 1764 1364 credere
1789 1319 2024 1378 semper
2048 1307 2105 1359 et

453 1403 732 1459 invocare
761 1415 893 1466 nos,
921 1398 1138 1456 facito:
1171 1411 1247 1453 ne
1288 1412 1428 1453 cum
1458 1395 1638 1452 corde
1689 1393 2105 1467 insipientium

456 1490 803 1554 sentiamus,
834 1486 939 1559 qui
965 1485 1193 1541 inﬁdeli
1211 1499 1358 1542 voce
1407 1482 1757 1541 adclamant
1797 1500 1814 1537 :
1858 1485 1985 1540 Non
2020 1484 2110 1537 est

456 1580 630 1634 Deus.
664 1574 1116 1647 Corruptionem
1154 1572 1369 1629 mentis
1411 1588 1620 1629 eorum
1674 1571 1753 1630 ad
1799 1570 2108 1628 veritatem

457 1668 732 1722 converte
761 1663 1030 1719 ﬁdelium
1063 1678 1076 1717 :
1107 1668 1171 1717 ut
1197 1660 1425 1728 ﬁdeles,
1454 1676 1664 1717 eorum
1695 1659 1961 1733 pravitas
1987 1673 2111 1715 non

457 1753 800 1818 subvertet;
832 1751 938 1807 sed
949 1750 1179 1817 ﬁdeles,
1206 1749 1337 1806 illos
1359 1749 1630 1806 doctrina
1641 1749 1876 1823 pietatis
1900 1747 2114 1821 adqui-

457 1846 591 1899 rant
621 1858 633 1897 :
659 1846 725 1900 ut
755 1840 1027 1897 inﬁdeles
1049 1842 1277 1897 sectam
1307 1837 1780 1895 abominabilem
1801 1840 2109 1911 respuant;

457 1934 513 1987 et
541 1946 681 1986 cum
705 1929 1002 1999 ﬁdelibus,
1023 1928 1314 1987 Trinitatis
1337 1927 1660 1986 essentiam
1676 1925 1854 1982 corde
1878 1926 2110 1997 integro

456 2018 753 2076 fateantur
774 2022 831 2075 et
853 2017 1136 2085 credant;
1165 2020 1229 2073 ut
1254 2033 1391 2072 cum
1419 2016 1595 2088 justis
1625 2016 2110 2086 generationibus

459 2109 838 2180 deputentur,
864 2111 1082 2164 etcum
1100 2105 1331 2165 Sanctis
1363 2106 1493 2179 ejus
1542 2103 1934 2164 beatitudinis
1984 2103 2111 2176 glo-

458 2198 612 2255 riam
633 2198 952 2270 potiantur.
984 2208 1048 2265 Ii.
1076 2198 1287 2252 Amen.

527 2286 943 2356 Antiphona2.
974 2284 1251 2359 Adimple
1276 2300 1386 2341 nos
1414 2283 1614 2343 laetitia
1642 2298 1782 2341 cum
1802 2282 1972 2340 vultu
2007 2285 2109 2341 tuo

460 2376 727 2432 Domine.
762 2374 1023 2430 Psalmus
1048 2389 1149 2430 xv.

536 2481 709 2554 148
735 2482 953 2541 Oratio.
997 2480 1140 2537 Pars
1177 2478 1524 2536 hereditatis
1562 2482 1803 2544 nostraa,
1859 2478 2110 2535 Domine

459 2571 634 2637 Deus,
659 2570 721 2626 in
744 2575 847 2627 tua
868 2568 1158 2639 {consistit
1177 2567 1505 2624 aeternitate
1536 2586 1549 2623 :
1584 2567 1750 2623 Unde
1790 2582 2111 2639 precamur

456 2664 514 2716 te
544 2658 815 2723 Domine,
838 2657 1059 2729 pietate
1071 2656 1244 2713 solita
1264 2655 1656 2713 hereditatem
1678 2660 1846 2713 tuam
1873 2671 2108 2713 conser-

455 2763 529 2804 va
559 2764 572 2813 ;
605 2751 661 2803 et
677 2746 925 2802 calicem
938 2744 1259 2817 passionis,
1277 2760 1459 2816 quem
1478 2746 1697 2816 potasti
1720 2760 1830 2817 pro
1845 2760 1935 2811 ea,
1957 2761 2111 2802 sem-

456 2850 564 2907 per
604 2834 659 2891 ei
688 2849 797 2906 pro
826 2832 1094 2889 remedio
1124 2838 1337 2903 priesta
1369 2835 1473 2888 :ut
1500 2832 1651 2889 sicut
1680 2832 2108 2905 redemptionis

456 2922 745 2995 praeclara
777 2926 915 2977 sunt
930 2936 1199 2987 munera,
1233 2921 1318 2976 ita
1333 2920 1788 2992 redemptorum
1803 2921 1877 2978 sit
1897 2921 2110 2994 adqui-

459 3011 597 3067 sitio
627 3009 874 3081 copiosa
906 3026 918 3064 :
951 3010 1169 3080 quique
1192 3008 1487 3079 redempti
1535 3024 1746 3065 sumus
1772 3025 1948 3065 cruce
1982 3014 2104 3078 tua,

459 3100 649 3156 simus
673 3096 961 3170 perpetim
1015 3096 1313 3154 hereditas
1370 3101 1474 3154 tua
1513 3113 1527 3152 :
1570 3101 1633 3153 ut
1666 3113 1775 3155 nec
1826 3098 1891 3154 in
1934 3098 2109 3157 infer-

456 3203 605 3244 num
629 3185 900 3243 animam
929 3188 1197 3241 nostram
1249 3183 1590 3256 relinquas;
1633 3185 1739 3241 sed
1757 3186 2107 3259 incorrupte

458 3278 663 3336 tecum
689 3289 928 3346 semper
967 3274 1257 3331 victuram
1318 3273 1592 3332 attollas.
1622 3285 1685 3346 ἢ.
1713 3279 1925 3333 Amen.

524 3364 869 3436 Antiphona
899 3367 952 3418 3.
1002 3362 1195 3418 Virtus
1220 3376 1382 3418 mea.
1450 3363 1718 3420 Psalmus
1752 3381 1893 3421 xvn.

528 3475 592 3533 np.
628 3462 845 3520 Habete
872 3460 1160 3517 ﬁduciam
1183 3476 1389 3517 coram
1448 3462 1724 3531 Domino,
1752 3467 1808 3520 et
1826 3464 2109 3537 multipli-

457 3557 665 3609 centur
693 3552 874 3607 corda
903 3554 1120 3621 vestra,
1150 3551 1213 3607 P.
1255 3552 1316 3606 in
1342 3549 1833 3610 sanctiﬁcatione.
1880 3554 1942 3615 π’.
1976 3553 2109 3611 Per-

458 3640 596 3696 fecti
647 3642 829 3695 estote
862 3656 875 3694 :
906 3639 1344 3695 exhortamini:
1382 3640 1542 3696 idem
1594 3642 1781 3714 sapite
1816 3663 1829 3697 :
1892 3657 2106 3715 pacem

457 3728 696 3797 habete,
730 3732 784 3782 et
803 3730 960 3783 Deus
991 3728 1156 3799 pacis
1177 3729 1285 3784 erit
1317 3728 1727 3786 vobiscum.P.
1763 3734 1826 3786 In
1848 3731 2109 3788 sanctiﬁ-

461 3816 712 3873 catione.
742 3815 804 3877 V.
829 3815 1040 3883 Gloria,
1076 3819 1132 3872 et
1149 3816 1345 3875 honor
1383 3818 1560 3883 Patri,
1605 3822 1660 3876 et
1698 3818 1870 3876 Filio.
1914 3822 2107 3879 Reite-

466 3911 635 3963 retur
664 3916 731 3976 ἣν.

532 4011 757 4069 Preces.
781 4010 871 4066 Ad
903 4013 955 4066 te
977 4010 1312 4067 clamamus
1338 4013 1609 4070 Domine.
1662 4016 1732 4071 P.
1762 4013 2106 4085 Precamur,

463 4104 527 4157 ut
551 4099 855 4156 exaudias.
879 4100 941 4160 γ.
970 4099 1119 4155 Audi
1143 4116 1351 4156 vocem
1383 4102 1746 4175 supplicum,
1788 4110 1844 4162 et
1873 4106 1951 4163 da
1968 4105 2109 4165 vitae

461 4188 815 4245 remedium.
844 4190 907 4243 P.
940 4189 1279 4254 Precamur,
1352 4194 1415 4246 ut
1443 4192 1763 4249 exaudias.
1793 4194 1855 4255 in
1885 4198 2112 4254 Causas

464 4277 1100 4351 peccatiamove,etda
1144 4278 1340 4335 locum
1361 4280 1569 4336 veniae.
1597 4282 1661 4338 P.
1689 4284 2027 4352 Precamur,
2049 4287 2115 4342 ut

466 4366 772 4424 exaudias.
800 4366 861 4428 ἰν.
891 4368 976 4423 Da
1004 4366 1178 4423 nobis
1210 4368 1695 4442 auxilium,quod
1753 4378 1991 4445 superet
2014 4390 2115 4447 pe-

465 4456 744 4513 riculum.
765 4456 1195 4520 P.Precamur,
1229 4461 1293 4512 ut
1321 4457 1630 4517 exaudias.
1651 4459 1713 4521 ἲν.
1730 4462 1901 4528 Audi,
1933 4464 2089 4520 Deus

468 4543 681 4602 viduas
712 4550 768 4602 et
786 4545 1196 4617 orphanorum
1227 4545 1591 4621 lachrymas.
1614 4549 1680 4605 P.
1700 4550 2114 4623 Precamur,ut

467 4633 754 4691 exaudias
767 4678 780 4692 .

535 4740 820 4812 Hymnus.
847 4743 890 4799 Ο
918 4744 1233 4810 Nazarene,
1271 4744 1375 4800 lux
1407 4744 1773 4817 Bethlehem,
1803 4751 1913 4804 etc.
1948 4748 2116 4816 Qua:-

468 4832 663 4901 refol.
725 4834 847 4889 144.
904 4832 1298 4904 Supplicalio.
1342 4835 1593 4893 Oremus
1658 4835 2115 4911 Redemptorem

470 4919 704 4978 mundi.
720 4921 831 4991 fol.
869 4924 989 4979 l38.

540 5027 838 5097 Capitula.
872 5028 1185 5101 Refugium
1211 5034 1504 5096 nostrum,
1540 5030 1813 5100 Domine,
1848 5031 1911 5089 in
1941 5035 2116 5095 tuum

470 5132 709 5190 semper
763 5118 1145 5176 conlocemus
1188 5117 1635 5179 arbitriumzut
1680 5134 1792 5177 nec
1852 5121 2117 5194 scopulis

465 5205 782 5272 elidamur,
812 5222 922 5264 nec
948 5205 1305 5263 tumentium
1350 5206 1803 5266 mundanorum
1820 5209 2116 5269 ﬂuctuum

466 5296 920 5369 tempestatibus
950 5294 1318 5359 obruamur;
1349 5295 1449 5350 sed
1477 5296 1539 5353 in
1567 5297 1795 5354 cunctis
1821 5300 2111 5368 adversis,

466 5382 725 5440 dexterae
755 5389 871 5442 tuae
891 5379 1234 5437 fortitudine
1261 5382 1493 5454 protegi
1539 5400 1921 5460 mereamur;
1945 5389 2115 5445 disci—

465 5471 631 5542 plina
657 5477 757 5529 tua
785 5473 1111 5528 doceamur
1140 5468 1443 5537 ;doctrina
1470 5472 1817 5543 dirigamur,
1846 5481 1902 5535 et
1931 5478 2117 5534 increq

465 5559 682 5615 mentis
728 5557 1133 5631 spiritualibus
1158 5559 1477 5617 dilatemur
1510 5560 1924 5617 :Famulatum
1940 5563 2110 5620 ﬁdei:

2202 505 2263 560 in
2289 507 2769 565 remuneratione
2803 509 3107 580 percipere
3161 519 3527 567 mereamur.

2276 593 2447 651 Pater
2461 599 2680 652 noster.
2708 595 2777 653 Et
2800 611 2879 653 ne
2920 612 3061 653 nos.

2846 686 2938 740 Ad
2987 685 3249 742 Nonum.

2419 773 2822 829 Ecclesiastici
2869 772 3197 832 Salomonis
3247 772 3403 843 (Cap.
3427 774 3593 845 xvu).

2280 872 2341 931 It.
2379 863 2497 917 Deo
2528 862 2776 931 gratias.

2281 949 2401 1017 Fili,
2456 950 2612 1006 Deus
2661 950 2882 1007 creavit
2902 950 3214 1009 hominem
3252 949 3327 1006 de
3358 954 3528 1018 terra,
3553 957 3609 1010 et
3653 971 3875 1013 secun-

2209 1038 2357 1094 dum
2383 1039 2709 1110 imaginem
2723 1055 2897 1097 suam
2913 1040 3248 1097 fecitillum.
3283 1039 3352 1096 Et
3386 1040 3591 1097 iterum
3616 1060 3871 1102 conver-

2209 1126 2275 1182 tit
2297 1125 2551 1183 illumin
2606 1126 2825 1200 ipsam,
2856 1130 2912 1184 et
2931 1127 3265 1185 secundum
3314 1144 3378 1185 se
3432 1129 3657 1187 vestivit
3684 1132 3866 1188 illum

2208 1213 2446 1269 virtute.
2507 1213 2835 1275 Numerum
2872 1215 3125 1284 dierum,
3158 1220 3216 1273 et
3273 1220 3511 1290 tempus
3542 1218 3707 1279 dedit
3734 1220 3825 1277 illi
3854 1239 3869 1287 ;

2210 1305 2955 1378 potestatemeorum,quee
2996 1308 3134 1363 sunt
3159 1321 3338 1379 super
3362 1313 3605 1377 terram,
3652 1309 3872 1366 Posuit

2212 1391 2486 1447 timorem
2543 1391 2699 1448 illius
2754 1408 2933 1466 super
2978 1409 3224 1452 omnem
3281 1410 3545 1467 carnem,
3589 1400 3646 1453 et
3678 1397 3875 1454 domi-

2214 1484 2393 1536 natus
2421 1482 2508 1536 est
2534 1480 2867 1538 bestiarum
2924 1482 3273 1541 volatilium.
3333 1484 3565 1541 Creavit
3625 1501 3700 1542 ex
3736 1486 3872 1559 ipso

2218 1568 2587 1639 adjutorium
2627 1569 2816 1625 simile
2848 1569 2965 1642 ipsi
3007 1586 3019 1623 :
3068 1570 3408 1641 consilium,
3460 1576 3520 1628 et
3564 1571 3877 1645 linguam,

2218 1660 2275 1713 et
2311 1656 2536 1724 oculos,
2566 1660 2623 1713 et
2645 1673 2839 1725 aures,
2864 1661 2921 1715 et
2949 1673 3052 1715 cor
3080 1658 3242 1715 dedit
3282 1658 3396 1715 illis
3446 1661 3831 1731 excogitandi
3858 1683 3870 1721 :

2220 1748 2277 1802 et
2315 1744 2648 1818 disciplina,
2685 1751 2741 1802 et
2763 1746 3063 1804 intellectu
3090 1747 3342 1821 replevit
3361 1747 3515 1805 illos.
3547 1750 3779 1809 Creavit
3807 1750 3876 1807 il-

2219 1833 2291 1889 lis
2315 1834 2629 1891 scientiam
2641 1834 2902 1908 spiritus,
2920 1851 3103 1892 sensu
3126 1836 3397 1909 implevit
3418 1853 3519 1894 cor
3542 1854 3774 1909 eorum,
3813 1845 3873 1897 et

2218 1923 2381 1980 mala
2401 1926 2457 1979 et
2477 1922 2639 1980 bona
2664 1922 2921 1980 ostendit
2957 1924 3093 1982 illis.
3132 1924 3337 1982 Posuit
3383 1926 3625 1985 oculum
3657 1944 3873 1985 eorum

2221 2028 2400 2085 super
2420 2012 2603 2069 corda
2631 2027 2863 2082 eorum,
2894 2013 3207 2070 ostendere
3235 2013 3350 2071 illis
3394 2016 3703 2087 magnalia
3728 2034 3873 2091 ope-

2218 2116 2353 2157 rum
2366 2117 2634 2168 suorum,
2659 2105 2724 2157 ut
2737 2117 2959 2158 nomen
2974 2102 3460 2161 sanctiﬁcationis
3471 2105 3867 2176 conlaudent;
3889 2172 3899 2179 ,

2220 2193 2276 2246 et
2302 2189 2545 2259 gloriari
2580 2190 2642 2247 in
2660 2190 3037 2249 mirabilibus
3060 2192 3240 2258 illius,
3271 2196 3329 2250 et
3356 2194 3668 2263 magnalia
3692 2210 3868 2252 enar-

2217 2292 2348 2334 rare
2386 2294 2637 2350 operum
2666 2280 2816 2351 ejus.
2857 2280 3099 2337 Addidit
3126 2280 3242 2339 illis
3271 2281 3673 2354 disciplinam,
3701 2288 3760 2341 et
3788 2285 3874 2340 le-

2220 2381 2356 2436 gem
2384 2367 2519 2423 vitas
2546 2367 2896 2426 hereditavit
2921 2369 3056 2425 illis.
3097 2372 3545 2428 Testamentum
3575 2378 3875 2429 aeternum

2220 2456 2523 2512 constituit
2548 2472 2687 2513 cum
2746 2455 2882 2527 illis,
2906 2461 2962 2514 et
3004 2458 3232 2529 judicia
3282 2475 3393 2519 sua
3419 2461 3679 2519 ostendit
3730 2461 3875 2518 illis.

2219 2554 2283 2615 ἢ.
2311 2547 2520 2601 Amen.

2844 2637 2943 2693 Ad
2978 2637 3235 2695 Nonum.

2559 2724 2759 2780 Lectio
2792 2724 2937 2781 libri
2966 2726 3202 2785 Genesis
3226 2726 3399 2798 (Cap.
3429 2728 3508 2795 ν).

2290 2822 2355 2883 Βτ.
2380 2814 2499 2868 Deo
2526 2812 2768 2882 gratias.

2291 2900 2393 2957 Hic
2415 2904 2506 2958 est
2534 2900 2685 2958 liber
2704 2903 3105 2973 generationis
3120 2904 3331 2962 Adam.
3358 2908 3425 2964 In
3444 2905 3539 2963 die
3566 2922 3687 2979 qua
3712 2923 3881 2968 crea-

2217 2988 2301 3045 vit
2330 2992 2482 3045 Deus
2498 2990 2826 3058 hominem,
2857 2992 2936 3049 ad
2948 2992 3395 3051 similitudinem
3410 2996 3508 3053 Dei
3524 2994 3657 3052 fecit
3675 2996 3872 3055 illum.

2217 3076 2561 3145 Masculum,
2595 3083 2651 3135 et
2675 3078 2963 3139 feminam
2997 3082 3217 3140 creavit
3242 3098 3365 3152 eos,
3398 3088 3453 3142 et
3488 3083 3791 3146 benedixit
3810 3086 3877 3143 il-

2137 3140 2178 3196 C
2214 3164 2286 3221 lis
2319 3181 2331 3221 :
2360 3170 2417 3222 et
2430 3167 2897 3227 vocavitnomen
2910 3185 3120 3228 eorum
3130 3171 3343 3240 Adam,
3357 3172 3418 3228 in
3434 3172 3531 3230 die
3552 3189 3671 3246 qua
3684 3175 3876 3232 creati

2217 3258 2381 3311 sunt.
2428 3255 2581 3312 Vixit
2620 3261 2821 3314 autem
2856 3258 3050 3316 Adam
3088 3264 3329 3320 centum
3360 3262 3605 3332 triginta
3644 3264 3822 3319 annis
3858 3284 3872 3325 :

2216 3346 2273 3400 et
2315 3344 2519 3413 genuit
2557 3343 2751 3403 ﬁlium
2789 3346 2869 3403 ad
2924 3347 3275 3420 imaginem,
3332 3354 3390 3405 et
3418 3350 3876 3415 similitudinem

2217 3448 2408 3497 suam,
2435 3433 2784 3505 vocavitque
2811 3450 3035 3492 nomen
3066 3437 3195 3508 ejus
3229 3437 3387 3496 Seth.
3434 3440 3502 3495 Et
3552 3438 3694 3499 facti
3735 3446 3878 3497 sunt

2216 3520 2345 3576 dies
2364 3520 2575 3591 Adam,
2601 3526 2924 3596 postquam
2938 3526 3144 3594 genuit
3163 3527 3319 3593 Seth,
3338 3527 3665 3599 octingenti
3684 3528 3833 3591 anni
3861 3547 3874 3585 :

2217 3608 2540 3680 genuitque
2563 3608 2721 3666 ﬁlios
2736 3614 2792 3669 et
2805 3612 3057 3669 ﬁlias.Et
3075 3613 3300 3672 factum
3316 3619 3407 3673 est
3431 3631 3611 3674 omne
3637 3620 3878 3690 tempus

2216 3698 2381 3771 quod
2409 3698 2557 3756 vixit
2573 3699 3077 3773 Adam,nongenti
3089 3704 3329 3773 triginta
3341 3706 3504 3773 anni,
3526 3711 3584 3765 et
3597 3713 3878 3765 mortuus

2217 3791 2325 3845 est.
2368 3787 2516 3844 Vixit
2545 3804 2786 3862 quoque
2811 3792 2947 3848 Seth
2984 3796 3223 3851 centum
3263 3794 3525 3868 quinque
3581 3796 3777 3860 anuis,
3823 3801 3882 3853 et

2217 3876 2419 3947 genuit
2478 3879 2654 3934 Enos.
2694 3880 2844 3937 Vixit
2871 3896 3113 3953 quoque
3152 3882 3293 3940 Seth
3322 3888 3641 3956 postquam
3670 3885 3883 3954 genuit

2218 3968 2397 4034 Enos,
2446 3967 2799 4037 octingentis
2831 3974 3059 4041 septem
3082 3972 3277 4039 annis,
3311 3974 3633 4046 genuitque
3647 3973 3809 4033 ﬁlios
3825 3977 3885 4032 et

2216 4054 2392 4112 ﬁlias.
2424 4058 2486 4111 Et
2512 4056 2652 4113 facti
2682 4062 2820 4115 sunt
2847 4074 3059 4116 omnes
3089 4060 3218 4118 dies
3249 4062 3390 4120 Seth
3430 4067 3880 4134 nongentorum

2220 4144 2540 4201 duodecim
2556 4160 2875 4214 annorum,
2894 4153 2950 4204 et
2974 4154 3246 4208 mortuus
3265 4151 3533 4210 est.Vixit
3549 4167 3694 4211 vero
3717 4154 3876 4210 Enos

2220 4233 2553 4304 nonaginta
2582 4235 2774 4307 annis,
2809 4241 2866 4293 et
2888 4238 3094 4309 genuit
3118 4240 3367 4298 Cainan.
3413 4240 3556 4297 Post
3582 4242 3756 4312 cujus
3786 4257 3878 4298 or-

2221 4326 2350 4378 tum
2386 4322 2534 4377 vixit
2561 4323 2916 4395 octingentis
2947 4328 3291 4399 quindecim
3334 4329 3533 4400 annis,
3576 4333 3632 4385 et
3672 4332 3882 4399 genuit

2221 4409 2376 4466 ﬁlios
2393 4414 2450 4466 et
2475 4410 2654 4467 ﬁlias.
2685 4413 2962 4485 Factique
2981 4420 3119 4473 sunt
3146 4432 3359 4474 omnes
3387 4417 3514 4474 dies
3540 4420 3699 4474 Enos
3727 4434 3881 4475 non-

2096 4508 2112 4581 ξ
2145 4494 2190 4550 D
2223 4500 2381 4570 genti
2410 4499 2677 4575 quinque
2706 4502 2871 4568 anni,
2914 4508 2971 4563 et
3005 4510 3279 4563 mortuus
3312 4510 3421 4565 est.
3467 4508 3611 4567 Vixit
3638 4523 3883 4581 quoque

2225 4589 2861 4663 Cainanseptuaginta
2910 4593 3106 4664 annis,
3145 4598 3203 4652 et
3248 4595 3455 4665 genuit
3494 4595 3779 4655 Malaleel.
3816 4596 3887 4652 Et

2222 4679 2367 4735 vixit
2396 4679 2621 4737 Cainan
2645 4685 2969 4755 postquam
3016 4683 3223 4753 genuit
3252 4683 3535 4751 Malaleel,
3570 4685 3884 4755 octingen-

2223 4768 2297 4824 tis
2324 4768 2726 4841 quadraginta
2755 4772 2952 4838 annis,
2984 4772 3308 4845 genuitque
3330 4771 3488 4831 ﬁlios
3511 4777 3567 4833 et
3589 4772 3773 4831 ﬁlias.
3812 4776 3883 4830 Et

2226 4855 2362 4912 facti
2420 4861 2561 4914 sunt
2613 4874 2826 4917 omnes
2874 4860 3000 4919 dies
3045 4860 3272 4918 Cainan
3311 4862 3603 4935 nongenti
3667 4862 3885 4919 decem

2225 4946 2393 5015 anni,
2431 4951 2485 5004 et
2519 4952 2789 5007 mortuus
2824 4954 2935 5007 est.
2990 4949 3144 5009 Vixit
3184 4955 3386 5009 autem
3416 4951 3679 5011 Malaleel
3711 4967 3884 5007 sexa-

2225 5036 2391 5107 ginta
2419 5038 2686 5112 quinque
2717 5040 2908 5109 annis,
2948 5044 3004 5097 et
3032 5039 3237 5110 genuit
3266 5041 3459 5101 Jared.
3500 5042 3565 5099 Et
3593 5040 3742 5099 vixit
3768 5043 3886 5098 Ma-

2223 5124 2393 5182 laleel
2420 5132 2750 5200 postquam
2776 5128 2977 5199 genuit
3014 5128 3209 5195 Jared,
3244 5129 3596 5199 octingentis
3634 5128 3886 5201 triginta

2224 5214 2399 5270 annis
2435 5232 2446 5268 :
2479 5218 2537 5269 et
2566 5217 2769 5285 genuit
2804 5216 2958 5273 ﬁlios
2992 5220 3050 5273 et
3086 5216 3263 5273 ﬁlias.
3296 5220 3364 5275 Et
3418 5216 3556 5277 facti
3587 5222 3724 5274 sunt
3753 5234 3885 5274 om-

2223 5316 2329 5356 nes
2376 5300 2502 5355 dies
2544 5302 2802 5361 Malaleel
2857 5306 3183 5376 octingenti
3230 5306 3563 5377 nonaginta
3606 5308 3884 5379 quinque

2225 5389 2387 5453 anni,
2424 5393 2481 5445 et
2508 5396 2780 5450 mortuus
2812 5400 2919 5451 est.
2954 5396 3100 5453 Vixit
3140 5412 3381 5469 quoque
3430 5396 3606 5453 Jared
3637 5402 3886 5452 centum

2225 5477 2534 5550 sexaginta
2558 5479 2797 5538 duobus
2818 5483 3015 5556 annis,
3049 5489 3103 5543 et
3133 5486 3336 5554 genuit
3359 5484 3621 5547 llenoch.
3647 5486 3717 5541 Et
3736 5485 3889 5541 vixit

2221 5561 2400 5621 Jared
2436 5570 2757 5641 postquam
2788 5572 2990 5640 genuit
3026 5571 3199 5644 149
3231 5572 3492 5642 Henoch,
3519 5572 3886 5645 octingentis
