4102 6176
182 325 297 381 277

1374 320 1733 380 DOMINICA
1771 322 1795 379 Ι
1836 322 1879 393 Q
1892 322 2448 384 UADRAGESIME.

3512 332 3618 387 278

185 447 391 518 annis,
426 448 481 504 et
503 444 711 520 genuit
730 442 888 502 ﬁlios
913 447 973 503 et
1010 445 1185 503 ﬁlias.
1217 448 1285 504 Et
1303 446 1442 504 facti
1473 450 1614 506 sunt
1644 465 1855 506 omnes
1885 460 1930 507 A
2038 451 2332 522 Capitula.
2359 450 2446 508 Sit
2482 452 2698 509 festum
2724 452 3023 525 jejunium
3047 454 3315 510 nostrum
3340 453 3505 528 apud
3534 457 3612 516 te.

183 539 313 596 dies
332 536 511 595 Jared
540 535 834 609 nongenti
854 536 1174 607 sexaginta
1195 536 1315 593 duo
1349 537 1856 608 anni,etmortuus
1966 538 2235 607 Domine,
2262 541 2365 614 qui
2386 541 2728 614 iniquitates
2769 541 2949 609 deles,
2978 545 3034 598 et
3049 546 3294 613 peccata
3328 542 3568 600 dimittis
3594 560 3608 599 :

185 632 293 685 est.
326 630 510 684 Porro
554 623 797 682 Henoch
824 624 971 680 vixit
1015 625 1327 698 sexaginta
1356 626 1623 699 quinque
1653 628 1848 700 annis,

183 721 239 775 et
268 717 480 787 genuit
519 712 936 781 Mathusalem,
972 717 1028 771 et
1057 714 1387 772 ambulavit
1424 716 1665 773 IIenoch
1712 732 1851 772 cum

182 806 308 863 Deo
326 823 339 861 :
359 809 415 862 et
432 805 576 862 vixit
595 803 842 861 Henoch
864 806 1193 877 postquam
1211 804 1414 876 genuit
1433 804 1847 879 Mathusalem,

180 893 459 952 trecentis
474 893 666 961 annis,
700 891 975 961 etgenuit
998 891 1153 949 ﬁlios
1194 897 1248 948 et
1266 892 1521 951 ﬁlias.Et
1553 893 1687 949 facti
1714 897 1852 950 sunt

184 1001 401 1044 omnes
414 984 539 1041 dies
556 983 799 1041 Henoch
812 982 1056 1040 trecenti
1074 984 1389 1053 sexaginta
1404 984 1669 1059 quinque
1683 986 1844 1041 anni.

181 1074 803 1147 Ambulavitquecum
827 1073 966 1144 Deo,
991 1074 1048 1129 et
1071 1088 1192 1128 non
1211 1074 1486 1146 apparuit
1515 1091 1528 1129 :
1552 1074 1694 1147 quia
1724 1074 1852 1132 tulit

179 1163 352 1221 illum
380 1165 561 1220 Deus.
593 1162 1001 1235 V'ixitquoque
1031 1161 1672 1219 Mathusalemcentum
1693 1166 1849 1221 octo-

179 1253 358 1323 ginta
386 1258 620 1324 septem
667 1250 863 1317 annis,
894 1254 949 1307 et
992 1251 1196 1321 genuit
1254 1251 1526 1307 Lamecb.
1581 1254 1647 1308 Et
1703 1252 1845 1310 vixit

177 1340 583 1399 Mathusalem
599 1344 914 1414 potsquam
941 1340 1145 1410 genuit
1160 1340 1441 1408 Lamecb,
1462 1340 1843 1415 septingentis

176 1430 493 1499 octoginta
519 1428 755 1486 duobus
780 1429 973 1496 annis,
1010 1432 1066 1486 et
1092 1429 1293 1499 genuit
1315 1429 1468 1485 ﬁlios
1496 1433 1551 1485 et
1581 1428 1751 1486 ﬁlias.
1776 1434 1842 1488 Et

172 1517 312 1576 facti
343 1521 711 1576 suntomnes
734 1516 864 1574 dies
881 1517 1272 1577 Mathusalem
1298 1520 1853 1591 nongentiseptuam

171 1606 338 1677 ginta
381 1621 609 1663 novem
664 1606 828 1676 anni,
870 1610 929 1662 et
982 1611 1255 1663 mortuus
1296 1611 1405 1665 est.
1459 1606 1611 1664 Vixit
1633 1610 1833 1666 autem

168 1695 430 1754 Lamech
460 1698 703 1753 centum
744 1695 1047 1767 octoginta
1063 1695 1302 1751 duobus
1332 1695 1524 1765 annis,
1549 1700 1603 1752 et
1630 1696 1833 1769 genuit

1961 627 2096 683 vide
2127 632 2379 699 gemitus
2410 631 2818 688 conﬁtentium
2849 631 2974 697 tibi,
3008 636 3065 687 et
3095 647 3303 704 preces
3337 633 3611 690 omnium

1960 715 2210 774 libenter
2230 720 2472 777 exaudi:
2524 725 2605 791 ut,
2640 720 2743 794 qui
2792 720 2898 777 tibi
2946 720 3008 776 in
3035 720 3279 779 veritate
3324 721 3605 788 serviunt,

1960 805 2319 864 adversitate
2349 809 2511 866 nulla
2530 808 3139 877 turbentur,auferens
3163 824 3407 868 omnem
3440 809 3609 867 mall-

1962 894 2103 951 tiam
2121 896 2194 953 de
2213 898 2494 955 cordibus
2514 899 2755 967 nostris,
2787 904 2853 955 ut
2881 898 2996 957 tuis
3016 897 3369 957 iuba-arando
3390 913 3606 973 praece-

1959 984 2088 1055 ptis,
2125 989 2225 1042 tua
2254 1002 2366 1043 nos
2392 1004 2538 1059 pace
2558 987 2841 1044 laetiﬁcos.

2029 1076 2196 1129 Pater
2220 1081 2441 1132 noster.

2031 1163 2413 1221 BenedictioJ
2422 1181 2556 1221 esus
2570 1166 2927 1236 Salvatorlac
2942 1166 3093 1220 Deus
3107 1166 3307 1221 noster
3320 1164 3603 1220 emundet

1954 1266 2062 1306 vos
2084 1268 2191 1324 per
2207 1253 2579 1311 abstinentiae
2608 1256 2925 1329 puritatem
2939 1253 3015 1310 ab
3046 1253 3210 1310 omni
3231 1252 3425 1309 delicti
3451 1267 3597 1309 con-

1952 1340 2215 1409 tagione.
2252 1354 2315 1414 Βι.
2340 1344 2548 1399 Amen.
2592 1345 2822 1417 Quique
2858 1346 3193 1400 vestrarum
3214 1348 3300 1398 est
3318 1341 3597 1414 redemp-

1951 1428 2031 1485 tio
2058 1431 2418 1499 animarum,
2446 1433 2521 1489 sit
2548 1436 2960 1489 remunerator
2986 1435 3317 1487 vestrorum
3343 1431 3597 1504 jejunio-

1946 1532 2101 1574 rum.
2131 1531 2201 1591 Bg.
2240 1522 2451 1578 Amen.
2478 1525 2547 1579 Ut
2574 1522 2651 1580 ab
2683 1538 2750 1578 eo
2764 1522 3018 1579 donetur
3043 1519 3211 1577 vobis
3226 1524 3446 1578 aeterna
3466 1518 3594 1593 glo-

1943 1607 2051 1672 ria,
2084 1625 2121 1664 a
2149 1626 2271 1683 quo
2289 1612 2646 1669 sanctiﬁcari
2666 1610 2977 1683 vos,vultis
3016 1626 3123 1684 per
3143 1609 3591 1669 abstinentiam.

1942 1706 2005 1769 ηε.
2030 1697 2235 1756 Amen.

168 1782 394 1840 ﬁlium:
447 1783 802 1859 vocavitque
830 1798 1054 1841 nomen
1084 1784 1215 1858 ejus
1257 1786 1397 1852 Noe,
1442 1784 1681 1842 dicens:
1720 1789 1829 1842 Iste
1860 1804 1900 1859 Β
2006 1786 2132 1842 Per.

168 1872 585 1931 consolabitur
624 1887 737 1929 nos
791 1872 869 1929 ab
918 1872 1222 1945 operibus,
1255 1876 1309 1929 et
1346 1871 1654 1930 laboribus
1706 1891 1829 1932 ma-

164 1977 360 2018 nuum
391 1967 752 2031 nostrarum,
784 1961 846 2018 in
871 1964 1028 2020 terra
1056 1963 1150 2019 cui
1171 1961 1477 2020 maledixit
1513 1962 1824 2023 Dominus.

165 2062 230 2126 1;.
258 2052 479 2111 Amen.

234 2141 614 2213 Antiphona.
652 2146 699 2200 1.
746 2142 840 2200 Ad
897 2140 1305 2199 defensionem
1354 2144 1623 2199 nostram
1669 2142 1824 2203 Deus

169 2234 376 2287 noster
403 2230 656 2304 respice.
688 2232 963 2290 Psalmus
990 2246 1111 2287 xxx.

237 2320 470 2377 Oratio.
506 2319 601 2377 Ad
632 2320 1044 2378 defensionem
1072 2323 1344 2378 nostram
1374 2320 1625 2377 Domine
1671 2320 1825 2377 Deus

160 2412 367 2466 noster
406 2407 727 2480 dignanter
772 2410 1032 2481 respice;
1060 2409 1220 2481 eripe
1250 2424 1287 2464 a
1315 2408 1544 2466 framea
1590 2409 1823 2466 animas

158 2502 425 2556 nostras:
462 2503 517 2556 et
547 2513 624 2556 ne
666 2498 941 2556 doctrina
970 2513 1291 2573 pascamur
1326 2497 1541 2569 lethali,
1573 2501 1673 2554 tuo
1711 2514 1822 2554 nos

155 2586 449 2644 tutamine
469 2602 637 2662 rege;
664 2587 961 2662 simulque
991 2587 1066 2645 de
1092 2603 1193 2644 ore
1212 2587 1418 2658 leonis,
1466 2601 1676 2659 rapere
1705 2603 1819 2644 nos

155 2676 682 2749 cupientis,1ibera
710 2695 722 2733 :
740 2681 797 2734 et
820 2676 1165 2734 oblatrantis
1181 2676 1488 2748 perﬁdiam
1502 2675 1666 2733 canis
1682 2690 1817 2752 per-

151 2764 315 2835 vigili
344 2766 639 2835 contuitu,
665 2764 891 2825 solicita
910 2780 1023 2823 nos
1052 2770 1291 2841 protege
1318 2780 1478 2823 cura.
1512 2776 1576 2839 13,.
1602 2766 1815 2827 Amen.

220 2855 349 2911 Per.

217 2943 562 3015 Antiphona
586 2945 638 2999 2.
676 2942 900 3000 Delicta
928 2942 1032 3019 qui
1064 2943 1228 3000 solus
1249 2942 1813 3015 intelligis,apecca-

147 3032 222 3088 tis
254 3033 473 3089 nostris
497 3033 733 3089 munda
759 3048 890 3100 nos,
927 3031 1195 3089 Domine.
1222 3032 1513 3090 Psalmus.
1538 3048 1703 3089 xvm.

224 3120 453 3177 Oratio.
486 3121 573 3175 Ab
604 3120 855 3178 occultis
885 3122 1099 3178 nostris
1135 3120 1366 3177 munda
1392 3120 1808 3191 nos,Domine,

2011 1875 2236 1933 Lauda.
2268 1877 2501 1934 Initium
2534 1876 2839 1952 sapientiae
2865 1876 3060 1933 timor.
3082 1875 3194 1946 fol.
3244 1876 3361 1931 143.

2561 1984 2724 2023 ῈΕΒΙΛ
2762 1983 2979 2023 TERTIA.

2508 2056 2594 2112 Ad
2628 2056 3013 2112 Matutinum.

2006 2143 2156 2199 Voce
2189 2159 2326 2203 mea
2351 2138 2427 2200 ad
2464 2146 2785 2201 Dominum
2819 2144 3109 2201 clamavi:
3174 2144 3232 2200 et
3280 2138 3586 2201 exaudivit

1934 2246 2031 2287 me
2070 2233 2144 2288 de
2175 2239 2377 2291 monte
2404 2239 2610 2291 sancto
2627 2251 2755 2291 suo.
2790 2235 3053 2291 Psalmus
3076 2250 3152 2289 Ill.

2007 2321 2224 2380 Oratio.
2254 2324 2342 2379 Ad
2371 2324 2736 2397 te,Domine,
2756 2325 3013 2398 propriae
3026 2323 3191 2380 vocis
3208 2322 3469 2379 clamore
3497 2319 3583 2379 di-

1932 2414 2240 2477 recto,non
2262 2413 2443 2470 verba
2464 2414 2689 2484 ingenti
2716 2430 2863 2470 sono
2888 2412 3377 2486 perstringimus;
3403 2409 3508 2467 sed
3526 2412 3583 2466 te

1933 2497 2012 2553 ad
2031 2501 2482 2574 propitiandum
2512 2506 2633 2559 toto
2664 2501 2861 2558 cordis
2891 2501 3107 2557 affectu
3159 2498 3578 2572 deposcimus;

1931 2587 2147 2643 exaudi
2189 2603 2301 2644 nos
2323 2606 2662 2660 quaesumus
2692 2589 2766 2644 de
2821 2593 3025 2644 monte
3063 2592 3269 2645 sancto
3308 2590 3410 2643 tuo
3444 2589 3580 2643 Jesu

1930 2674 2161 2732 Christo
2201 2677 2455 2733 Domino
2480 2681 2714 2733 nostro:
2749 2676 2921 2747 cujus
2947 2690 3070 2731 non
3091 2674 3338 2731 altitudo
3364 2676 3536 2745 erigit
3562 2693 3575 2730 :

1927 2764 2097 2834 cujus
2122 2764 2327 2821 dilatat
2348 2765 2628 2822 fortitudo
2662 2782 2674 2821 :
2701 2764 2992 2836 cujusque
3011 2762 3343 2834 amplitudo
3364 2763 3575 2818 conﬁr-

1922 2856 2069 2909 mat.
2092 2864 2155 2925 Βι.
2179 2854 2388 2911 Amen.

1991 2941 2120 2997 Per.

1993 3031 2329 3102 Antiphona
2351 3036 2363 3088 l
2382 3031 2611 3088 .Domin
2622 3048 2693 3087 us
2705 3030 2986 3087 virtutem
2998 3026 3223 3103 populo
3243 3043 3354 3084 suo
3366 3027 3534 3087 dabit
3557 3045 3571 3085 :

1922 3122 1979 3175 et
2012 3119 2398 3177 benedicetin
2430 3136 2575 3192 pace
2604 3119 2845 3193 plebem
2869 3134 3064 3176 suam.
3088 3116 3357 3175 Psalmus
3381 3134 3574 3175 xxvur.

144 3208 1419 3284 purgandoconscientiamguasinternisac
1436 3210 1689 3283 propriis
1714 3188 1802 3266 in;
1844 3188 1892 3249 (ἶ
2000 3211 2172 3284 150
2205 3188 2540 3268 Gratim—Da
2588 3188 2825 3267 Domine
2885 3209 3158 3266 virtutem
3208 3207 3429 3280 popqu
3472 3212 3576 3265 tuo

144 3299 335 3357 ﬁcitur
355 3298 619 3359 maculis
640 3320 653 3361 :
683 3299 761 3357 ab
780 3298 985 3359 alienis
1011 3315 1252 3373 quoque
1274 3314 1455 3375 parce
1468 3300 1649 3355 servis
1667 3300 1809 3369 tuis;

145 3388 291 3446 ut'ea
308 3387 905 3461 indulgeas,quas,vel
926 3387 1223 3446 malorum
1246 3387 1535 3463 exemplis
1554 3386 1803 3444 addisci-

144 3476 402 3547 mus,vel
427 3477 632 3554 pravis
654 3476 849 3534 inlecti
864 3476 1350 3550 persuasionibus
1371 3481 1808 3549 perpetramus:

142 3567 327 3639 ut,qui
342 3570 396 3623 te
412 3565 715 3640 proprium
727 3563 970 3638 agnosci
982 3582 1103 3622 mus
1115 3566 1809 3638 Dominum,peccatorum

142 3670 518 3729 nequaquam
534 3655 866 3715 sentiamus
878 3653 1119 3712 ulterius
1132 3654 1511 3712 dominatum.
1522 3667 1585 3729 Βι.
1600 3659 1807 3713 Amen.

212 3744 323 3801 Per
340 3743 825 3803 misericordiam
864 3748 1050 3811 tuam,
1083 3743 1239 3800 Deus
1268 3747 1487 3810 noster,
1523 3748 1630 3800 etc.

208 3833 578 3904 Antiphona
611 3837 665 3891 3.
690 3832 919 3890 Exaudi
946 3832 1133 3889 nosin
1158 3831 1277 3901 die,
1304 3849 1427 3905 qua
1448 3832 1812 3891 invocaveri'

142 3937 279 3979 mus
304 3927 382 3993 te,
424 3922 682 3981 Domine
705 3922 857 3979 Deus
893 3924 1114 3979 noster.
1141 3922 1416 3981 Psalmus
1444 3939 1552 3979 xxx.

212 4013 523 4084 Hymnus.
556 4013 598 4070 Ο
618 4015 936 4070 Nazarene.
962 4012 1073 4083 fol.
1104 4012 1226 4067 144.

215 4099 712 4173 CapitutaJmple
725 4100 976 4159 Domine
989 4114 1202 4157 omnes
1216 4098 1529 4172 petitiones
1540 4102 1803 4169 nostras;

134 4205 211 4245 ac
254 4188 430 4244 mitte
470 4187 643 4244 nobis
669 4189 958 4248 auxilium
1006 4186 1081 4245 de
1135 4189 1341 4245 sancto
1371 4206 1384 4242 :
1412 4203 1645 4244 memor
1681 4192 1805 4246 esto

134 4278 342 4335 omnis
360 4276 635 4335 sacriﬁcii
648 4278 1015 4352 nostri,quod
1030 4277 1133 4336 tibi
1151 4292 1272 4334 non
1287 4276 1467 4333 solum
1481 4277 1801 4346 oblatione,

136 4368 243 4424 sed
272 4367 461 4425 etiam
515 4367 785 4425 oratione
816 4372 995 4441 atque
1042 4366 1360 4425 afﬂictione
1409 4367 1805 4425 dicamus:ut

133 4472 242 4514 nos
264 4456 652 4514 tibihumiles
669 4473 901 4530 semper
916 4457 1188 4524 facias,et
1204 4456 1485 4514 contritos
1511 4457 1797 4514 attendas.

198 4547 381 4602 Pater
411 4550 637 4603 noster.
674 4547 830 4604 Etde
867 4562 1004 4604 nos.

200 4635 501 4693 Dominus
522 4636 597 4691 sit
619 4650 853 4707 semper
878 4635 1213 4693 vobiscum.
1240 4646 1303 4707 Βι.
1328 4636 1397 4691 Et
1418 4651 1557 4692 cum
1571 4636 1800 4711 spiritu.

743 4725 842 4781 Ad
875 4725 1207 4796 Vesperum.

200 4814 437 4872 Lauda.
468 4816 555 4871 Tu
586 4812 937 4871 illuminans
971 4814 1279 4871 lucernam
1301 4815 1795 4882 meam,Domine.

202 4905 577 4974 Antiphona.
604 4902 783 4960 Salva
809 4902 1044 4975 plebem
1068 4909 1233 4959 tuam
1254 4904 1523 4973 Domine,
1556 4908 1612 4961 et
1631 4904 1801 4960 bene-

135 4989 225 5046 dic
257 4992 659 5050 hereditatem
680 4996 865 5051 tuam.
893 4993 1165 5049 Psalmus
1184 5009 1353 5050 xxvu.

200 5080 429 5138 Lauda.
486 5081 832 5151 Dirigantur
860 5084 971 5139 viae
1003 5086 1238 5147 nostrae,
1285 5081 1553 5138 Domine.
1598 5081 1663 5139 P.
1702 5080 1797 5137 Ad

132 5170 561 5228 custodiendas
586 5169 1043 5242 justiﬁcationes
1070 5176 1225 5229 tuas.
1255 5170 1486 5231 V.Beati
1509 5170 1799 5226 immacu-

128 5257 229 5313 lati
260 5257 323 5312 in
354 5259 446 5315 via
476 5278 489 5316 :
525 5260 632 5331 qui
664 5259 1057 5316 ambulantin
1083 5259 1211 5330 lege
1239 5258 1713 5324 Domini.Gloria,
1742 5263 1799 5315 et

124 5343 323 5402 honor
346 5348 526 5405 Patri.
571 5349 635 5403 P.
669 5348 759 5403 Ad
798 5347 1702 5419 custodiendasjustiticationes.

191 5436 489 5505 Hymnus.
537 5436 767 5492 Christe
824 5436 1090 5494 Salvator
1154 5436 1429 5493 omnium
1474 5437 1789 5503 Coelorum,

1923 3305 2131 3356 contra
2142 3301 2215 3356 ad
2225 3302 2559 3357 versitatem
2574 3300 2845 3356 omnium
2860 3298 3035 3367 mala;
3054 3296 3399 3369 plebemque
3415 3300 3574 3351 tuam

1922 3388 2087 3459 pacis
2109 3388 2421 3445 collatione
2448 3388 2772 3462 locupleta:
2802 3391 2861 3441 ut
2878 3402 2986 3457 pro
3017 3382 3390 3439 abundantia
3410 3383 3573 3452 quie-

1923 3476 1997 3531 tis
2040 3492 2249 3533 omnes
2291 3478 2353 3533 in
2383 3477 2603 3549 templo
2633 3481 2730 3532 tuo
2774 3473 2879 3529 tibi
2910 3471 3163 3543 gloriam
3194 3468 3514 3525 concinant
3553 3488 3567 3538 ;

1921 3564 2283 3639 laudemque
2304 3568 2524 3640 pariter
2554 3567 2609 3621 et
2636 3565 2947 3629 honorem,
2980 3558 3157 3615 malis
3210 3556 3345 3614 vitae
3391 3558 3571 3630 hujus

1921 3653 2140 3717 oblitis,
2168 3658 2281 3710 tuae
2303 3670 2538 3728 semper
2562 3650 2829 3708 deferant
2869 3647 3186 3721 majestati.
3222 3658 3291 3719 13;.
3358 3647 3568 3703 Amen.

1990 3743 2096 3798 Per
2129 3742 2626 3799 misericordiam.

1988 3831 2369 3901 Antiphonti.
2391 3831 2443 3885 2.
2469 3832 2782 3903 Sperantes
2803 3829 2865 3883 in
2887 3825 3140 3883 Domino
3164 3823 3571 3882 misericordia
3648 3840 3661 3845 “

1920 3920 2339 3990 circumdabit,
2363 3920 2665 3977 Psalmus.
2702 3933 2864 3974 xxx1.

1989 4009 2212 4066 Oratio.
2236 4009 2481 4065 Remitte
2501 4009 2750 4065 Domine
2766 4006 3133 4083 impietatem
3150 4003 3346 4061 cordis
3359 4002 3565 4059 nostri.
3584 4016 3587 4017 '

1914 4113 2025 4170 pro
2054 4114 2176 4171 qua
2205 4101 2259 4154 te
2284 4098 2483 4155 omnis
2516 4100 2765 4156 Sanctus
2794 4098 2854 4153 in
2912 4100 3178 4168 tempore
3225 4096 3567 4169 opportuno

1915 4190 2119 4244 exorat
2150 4208 2163 4258 ;
2193 4192 2371 4262 atque
2405 4188 2765 4245 intellectum
2796 4186 2989 4242 tribue
3019 4182 3194 4243 nobis
3227 4198 3335 4256 per
3354 4180 3567 4238 oratio-

1913 4278 2006 4334 nis
2037 4277 2408 4349 suﬂragium,
2437 4277 2602 4353 quod
2631 4290 2975 4350 precamur:
3009 4278 3067 4331 et
3098 4273 3321 4330 instrue
3349 4287 3463 4328 nos
3503 4271 3567 4327 in

1912 4366 2092 4438 hujus
2116 4367 2244 4423 vitae
2273 4368 2391 4432 via,
2414 4383 2536 4441 qua
2566 4366 2891 4439 gradimur.
2917 4376 2988 4437 Bg.
3025 4364 3240 4424 Amen.

1982 4454 2092 4511 Per
2116 4455 2591 4514 misericordiam
2617 4458 2805 4523 tuam,
2828 4457 2939 4510 etc.

1831 4541 1878 4595 D
1981 4545 2326 4616 Antiphona
2357 4549 2407 4603 3.
2444 4544 2817 4602 Conﬁtemini
2840 4543 3094 4599 Domino
3122 4542 3184 4598 in
3206 4540 3467 4601 cithara:
3500 4538 3561 4593 in

1910 4634 2190 4705 psalterio
2217 4636 2425 4691 decem
2473 4634 2836 4690 chordarum
2881 4631 3113 4706 psallite
3160 4631 3259 4688 illi.
3288 4630 3560 4687 Psalmus

1912 4738 2115 4781 CXXXII.

1982 4812 2203 4868 Oratio.
2260 4812 2490 4869 Gaudio
2534 4812 2853 4883 justorum,
2917 4810 3082 4885 quod
3129 4812 3214 4865 est
3243 4809 3401 4873 inte,
3447 4806 3561 4863 Do-

1908 4901 2090 4967 mine,
2122 4901 2486 4958 famulorum
2524 4907 2764 4957 tuorum
2803 4898 3049 4955 infunde
3086 4896 3421 4954 visceribus
3452 4915 3466 4968 ;
3498 4899 3565 4954 ut.

1908 4988 2290 5045 conlaudatio
2318 4993 2438 5053 tua,
2468 5004 2603 5059 quae
2631 4992 2821 5043 rectos
2850 4987 3038 5053 decet,
3072 5001 3317 5042 omnem
3344 5002 3382 5043 a
3422 5001 3560 5043 sen-

1909 5076 2075 5133 sibus
2103 5077 2323 5133 nostris
2353 5078 2707 5149 pravitatem
2735 5078 3045 5149 expurget.
3078 5077 3356 5147 mAmen.

1978 5168 2082 5221 Per
2109 5164 2597 5221 misericordiam.

1976 5254 2451 5324 Rcsponsarium.
2478 5254 2906 5311 Convertamur
2926 5256 3005 5312 ad
3026 5257 3344 5313 Dominum
3371 5253 3557 5305 Deum

1904 5350 2193 5399 nostrum.
2215 5343 2579 5408 P.Quoniam
2613 5344 2910 5414 benignus
2939 5362 3007 5401 ac
3026 5346 3272 5399 mitisest
3290 5339 3365 5395 ad
3392 5338 3556 5405 igno-

1904 5432 2220 5500 scendum;
2254 5432 2489 5489 dimittit
2513 5433 2574 5488 in
2598 5439 2862 5507 tempore
2892 5427 3557 5497 tribulationispeccata

127 5528 235 5581 etc.
260 5526 467 5594 Quaere
487 5526 597 5596 fol.
624 5525 711 5583 97.
732 5525 1129 5595 Supplicatz'o.
1163 5527 1411 5583 Oremus
1440 5525 1795 5599 Redempto—
1901 5527 2123 5578 nostra.
2153 5520 2219 5583 ἲν.
2253 5522 2467 5589 Venite,
2499 5524 2843 5589 adoremus,
2871 5524 2927 5577 et
2976 5515 3366 5593 procidamus
3419 5517 3556 5571 ante

129 5625 258 5668 rem
283 5613 520 5671 mundi.
558 5614 770 5681 Quaere
795 5612 907 5682 fol.
944 5615 1063 5668 138.

1901 5613 2087 5667 Deum
2118 5629 2131 5681 ;
2164 5614 2220 5667 et
2256 5611 2558 5682 ploremus
2584 5627 2786 5669 coram
2818 5602 3473 5678 Domino,quifecitnos.
3493 5603 3557 5661 P.
