4102 6176
274 245 375 303 281

1461 251 1814 312 DOMlNlCA
1850 252 1875 310 Ι
1914 252 2518 323 ΟΠΛΒΒΑῦΕδῙΜιΕ.

3582 271 3687 329 282

264 369 726 463 tabernaculum
744 387 938 463 suum,
965 373 1044 463 ab
1061 375 1363 435 occidente
1382 378 1613 435 habens
1630 376 1937 446 Bethel,ab
1966 380 2012 434 A
2043 396 2183 438 vero
2218 381 2372 438 bene
2416 384 2507 439 usi
2535 386 2671 443 sunt
2706 387 2949 458 propter
2992 385 3156 443 illam
3186 405 3198 444 :
3232 387 3591 463 fueruntque
3631 395 3685 450 ei

265 459 495 515 oriente
522 458 627 514 Hai
652 460 1005 518 :aediﬁcavit
1026 479 1268 538 quoque
1284 467 1466 525 altare
1483 469 1756 537 Domino,
1777 468 1936 524 invo-

266 549 545 622 cavitque
578 565 804 607 nomen
826 552 973 623 ejus.
995 566 1059 621 Br.
1087 560 1292 613 Amen.

334 640 625 708 Hymnus.
663 641 818 697 Deus
850 643 1054 699 aeterni
1084 644 1346 715 luminis,
1382 649 1609 706 candor
1629 650 1932 707 inenarra-

262 726 425 783 bilis.
460 729 670 796 Quaere
694 730 807 799 fol.
834 734 922 787 98.

340 818 573 874 Preces.
639 818 910 886 Oremus,
972 825 1037 878 ut
1101 839 1213 881 nos
1273 832 1653 885 sacrosancto
1704 827 1930 900 jejunio

266 908 542 979 tempore
571 908 1083 980 Quadragesimae,
1116 920 1183 969 ut
1206 930 1407 986 supra.

342 996 640 1067 Capitula.
660 998 932 1065 Domine,
955 1002 1115 1073 apud
1136 1020 1317 1076 quem
1345 1010 1431 1063 est
1461 1007 1599 1064 fons
1619 1009 1773 1076 vitae,
1801 1009 1930 1066 etin

263 1085 439 1156 cujus
475 1084 701 1142 lumine
742 1088 1067 1163 aspicimus
1097 1092 1302 1149 lumen
1336 1097 1529 1151 enutri
1567 1097 1628 1151 in
1671 1113 1781 1152 nos
1811 1102 1925 1153 tua;

261 1174 530 1231 scientiae
557 1176 943 1247 splendorem
975 1196 990 1236 :
1022 1185 1085 1237 ut
1112 1182 1453 1239 sitientibus
1482 1185 1655 1241 nobis
1685 1187 1924 1243 vitalem

258 1262 579 1331 impertias
591 1270 792 1335 polum
817 1284 831 1333 ;
848 1271 904 1323 et
925 1268 1327 1340 caligantibus
1347 1273 1666 1331 animabus
1685 1276 1924 1347 superni

254 1349 514 1405 luminis
553 1353 821 1409 restituas
850 1355 1227 1416 intellectum.

250 1437 438 1495 Pater
476 1446 704 1499 noster.

326 1529 559 1587 Lauda.
592 1530 940 1599 Gloriemur,
970 1535 1219 1592 Domine
1246 1541 1304 1592 P.
1328 1537 1389 1593 in
1412 1538 1588 1595 laude
1612 1544 1732 1597 tua.
1763 1542 1822 1602 ἲν.
1856 1547 1924 1601 Ut

249 1615 653 1674 conﬁteamur
680 1621 911 1677 nomini
944 1628 1153 1680 sancto
1191 1630 1294 1681 tuo
1348 1645 1359 1682 :
1399 1632 1455 1684 et
1484 1630 1809 1700 gloriemur
1845 1633 1905 1688 in

244 1702 433 1759 laude
459 1710 584 1762 tua.
614 1706 677 1765 ἵ.
712 1707 926 1777 Gloria,
953 1715 1009 1766 et
1029 1711 1243 1768 honor.
1276 1716 1336 1771 P.
1369 1716 1433 1770 In
1456 1716 1631 1773 laude
1656 1723 1775 1774 tua.

334 1793 555 1851 Oratio.
579 1796 790 1852 Salvos
811 1814 921 1854 nos
946 1798 1058 1867 fac,
1084 1802 1331 1857 Domine
1351 1803 1505 1860 Deus
1524 1811 1746 1873 noster,
1772 1813 1827 1864 et
1859 1810 1920 1866 in

253 1881 453 1938 salute
480 1888 583 1940 tua
605 1884 779 1941 visita
806 1906 818 1941 :
863 1903 973 1943 nec
991 1888 1323 1963 iniquitatis
1351 1898 1567 1949 nostrae
1595 1910 1795 1966 pcena,
1816 1898 1919 1953 sed

250 1970 482 2025 timoris
498 1972 581 2027 tui
598 1989 709 2027 nos
725 1974 998 2031 humiliet
1023 1976 1343 2049 disciplina
1367 1997 1380 2046 ;
1402 1985 1467 2035 ut
1484 1986 1583 2037 tua
1597 1982 1920 2054 gloriemur

244 2056 317 2113 in
338 2057 541 2124 laude,
564 2065 621 2116 et
636 2062 1109 2119 conﬁteamurin
1135 2067 1398 2134 nomine,
1423 2084 1534 2124 nos
1555 2086 1797 2143 quoque
1839 2072 1919 2128 ad

239 2146 865 2207 videndumlzetitiam
898 2152 1219 2209 electorum
1237 2160 1477 2213 tuorum
1507 2159 1719 2215 excitet
1744 2160 1915 2217 boni-

238 2239 341 2292 tas
365 2254 379 2303 ;
398 2241 457 2292 et
482 2237 565 2293 ad
584 2238 965 2297 laudandum
987 2243 1156 2313 regni
1177 2245 1261 2300 tui
1285 2244 1577 2304 adsciscat
1598 2248 1911 2309 hereditas.

244 2335 317 2393 ﬁ.
340 2325 557 2381 Amen.

320 2416 433 2473 Per
460 2416 963 2475 misericordiam.

880 2509 981 2564 Ad
1007 2510 1288 2565 Tertiam.

517 2597 972 2655 Proverbiorum
1002 2600 1335 2656 Salomonis
1362 2600 1529 2671 (Cap.
1561 2603 1635 2675 γ).

319 2695 384 2752 ἢ.
414 2683 539 2739 Deo
579 2685 826 2754 gratias.

322 2772 447 2837 Fili,
478 2771 616 2827 bibe
645 2790 868 2845 aquam
898 2774 972 2831 de
994 2776 1248 2832 cisterna
1268 2781 1388 2849 tua,
1424 2781 1479 2833 et
1501 2778 1725 2835 ﬂuenta
1749 2783 1910 2850 putei

248 2860 333 2917 tui
368 2877 379 2913 :
416 2862 766 2917 Deriventur
794 2863 988 2920 fontes
1019 2865 1103 2920 tui
1132 2865 1310 2935 foras,
1329 2871 1383 2921 et
1405 2867 1463 2922 in
1490 2867 1703 2939 plateis
1720 2885 1910 2941 aquas

246 2953 385 3004 tuas
401 2949 623 3004 divide.
646 2951 869 3007 Habeto
885 2968 983 3008 eas
998 2953 1182 3020 solus,
1209 2970 1319 3010 nec
1342 2956 1461 3012 sint
1478 2956 1653 3012 alieni
1678 2958 1910 3031 partici-

2044 485 2203 535 oves,
2233 476 2288 527 et
2311 472 2492 527 boves
2517 478 2572 529 et
2594 474 2763 540 asini,
2793 479 2848 530 et
2873 474 3025 530 servi
3047 476 3370 544 etfamiliae,
3396 483 3451 534 et
3474 481 3676 548 asinae,

2044 569 2097 615 et
2126 560 2355 616 cameli.
2395 561 2729 634 Flagellavit
2755 569 2955 619 autem
2987 566 3268 620 Dominus
3298 567 3671 626 Pharaonem

2040 649 2233 720 plagis
2250 651 2548 722 maximis,
2574 656 2627 707 et
2651 651 2901 708 domum
2918 653 3067 723 ejus,
3088 659 3329 725 propter
3347 655 3510 711 Sarai
3535 674 3682 714 uxo-

2038 753 2154 793 rem
2168 738 2407 797 Abram.
2424 742 2782 813 Vocavitque
2809 742 3044 799 Pharao
3066 741 3313 812 Abram,
3342 746 3397 799 et
3418 744 3565 801 dixit
3586 746 3636 801 ei
3666 768 3678 803 :

2040 828 2337 894 Quidnam
2360 830 2621 905 estquod
2637 830 2822 891 fecisti
2839 831 2982 887 mihi
3001 832 3034 885 ?
3057 847 3245 903 quare
3260 848 3383 889 non
3408 833 3681 891 indicasti

2037 920 2202 990 quod
2220 935 2368 974 uxor
2394 921 2493 974 tua
2518 920 2715 976 esset?
2738 922 2928 985 Quam
2949 919 3029 975 ob
3057 935 3301 976 causam
3320 921 3520 978 dixisti
3551 938 3678 978 esse

2036 1022 2299 1062 sororem
2339 1015 2524 1074 tuam,
2553 1012 2618 1064 ut
2647 1009 2913 1064 tollerem
2938 1024 3073 1063 eam
3103 1008 3251 1063 mihi
3293 1010 3355 1064 in
3382 1027 3626 1067 uxorem
3650 1014 3679 1071 ?

2036 1098 2201 1151 Nunc
2226 1096 2402 1165 igitur
2426 1111 2560 1151 ecce
2590 1098 2809 1167 conjux
2838 1101 2960 1163 tua,
2992 1098 3193 1168 accipe
3232 1112 3389 1168 eam,
3423 1104 3479 1154 et
3506 1100 3680 1157 vade.

2034 1184 2429 1257 Praecepitque
2448 1185 2677 1240 Pharao
2700 1201 2878 1256 super
2894 1184 3115 1240 Abram
3135 1184 3273 1239 viris
3299 1204 3316 1238 :
3346 1189 3402 1241 et
3424 1185 3680 1242 deduxe~

2029 1278 2168 1328 runt
2193 1290 2351 1340 eum,
2376 1278 2431 1329 et
2455 1290 2704 1330 uxorem
2726 1273 2900 1338 illius,
2931 1278 2986 1329 et
3009 1273 3213 1329 omnia
3232 1289 3367 1345 quae
3389 1273 3672 1329 habebat.

2031 1363 2198 1432 (Cap.
2223 1364 2366 1434 Xlll.)
2380 1363 2657 1418 Ascendit
2675 1378 2816 1431 ergo
2831 1361 3054 1418 Abram
3075 1362 3147 1417 de
3166 1361 3442 1433 Egypto,
3469 1361 3594 1433 ipse
3620 1364 3677 1417 et

2029 1468 2181 1508 uxor
2210 1452 2357 1522 ejus,
2391 1456 2447 1507 et
2469 1452 2673 1507 omnia
2693 1468 2829 1524 quae
2850 1450 3131 1515 habebat,
3164 1454 3221 1505 et
3249 1450 3394 1505 Loth
3416 1465 3554 1505 cum
3580 1465 3671 1516 eo,

2031 1540 2110 1595 ad
2148 1540 2467 1595 australem
2505 1540 2769 1612 plagam.
2804 1542 2940 1595 Erat
2969 1543 3169 1596 autem
3199 1538 3364 1593 dives
3405 1538 3581 1594 valde
3610 1538 3674 1593 in

2028 1629 2404 1700 possessione
2423 1629 2651 1697 argenti
2667 1628 2882 1684 etauri.
2902 1630 3310 1698 Reversusque
3327 1630 3414 1681 est
3432 1627 3675 1697 pariter,

1951 1736 1993 1789 Β
2028 1733 2149 1791 quo
2187 1721 2450 1788 venerat,
2484 1720 2520 1772 a
2549 1716 2795 1772 meridie
2824 1717 2885 1771 in
2918 1714 3114 1770 Bethel
3147 1729 3336 1784 usque
3362 1713 3441 1767 ad
3475 1713 3675 1767 locum

2027 1805 2128 1860 ubi
2155 1805 2320 1876 prius
2340 1805 2549 1860 ﬁxerat
2569 1803 3023 1859 tabernaculum
3045 1803 3196 1856 inter
3224 1799 3421 1855 Bethel
3446 1805 3503 1855 et
3527 1802 3633 1854 Hai
3656 1818 3674 1853 :

2025 1894 2085 1949 in
2104 1894 2305 1951 locum
2329 1893 2533 1949 altaris
2559 1893 2723 1965 quod
2744 1893 2961 1947 fecerat
2984 1891 3168 1963 prius,
3195 1893 3251 1944 et
3271 1889 3569 1943 invocavit
3589 1886 3673 1943 ibi

2025 1998 2247 2038 nomen
2277 1981 2528 2037 Domini.
2570 1981 2683 2039 Sed
2714 1984 2770 2036 et
2796 1981 2941 2036 Loth
2969 1979 3073 2051 qui
3101 1982 3226 2034 erat
3246 1992 3384 2031 cum
3428 1974 3671 2044 Abram,

2024 2070 2487 2142 fueruntgreges
2507 2070 2730 2139 ovium,
2769 2074 2827 2124 et
2855 2072 3148 2131 armenta,
3182 2071 3238 2121 et
3263 2063 3668 2120 tabernacula.

2023 2161 2137 2216 Nec
2173 2164 2402 2231 poterat
2426 2175 2527 2214 eos
2553 2173 2765 2229 capere
2799 2161 2969 2221 terra,
2994 2158 3058 2211 ut
3080 2154 3418 2211 habitarent
3440 2152 3620 2207 simul
3649 2171 3667 2205 :

2023 2252 2148 2303 erat
2176 2249 2400 2322 quippe
2426 2247 2763 2304 substantia
2787 2262 2996 2303 eorum
3024 2245 3236 2315 multa,
3268 2249 3323 2297 et
3342 2242 3673 2313 nequibant

2021 2337 2291 2393 habitare
2313 2338 2727 2393 communiter.
2749 2336 2913 2392 Unde
2937 2335 3092 2391 facta
3113 2339 3203 2390 est
3221 2335 3345 2389 rixa
3365 2332 3515 2387 inter
3537 2346 3672 2402 pas-

2022 2430 2177 2482 tores
2203 2442 2453 2497 gregum
2482 2426 2703 2483 Abram
2726 2432 2781 2480 et
2817 2425 2982 2481 Loth.
3031 2427 3112 2479 Eo
3157 2429 3358 2478 autem
3405 2424 3671 2493 tempore

2024 2515 2395 2569 Chananaeus
2433 2519 2491 2572 et
2519 2515 2867 2570 Pherezaeus
2893 2512 3253 2568 habitabant
3271 2512 3331 2565 in
3361 2510 3463 2566 illa
3492 2515 3667 2565 terra.

2022 2602 2174 2657 Dixit
2193 2619 2333 2672 ergo
2344 2602 2561 2657 Abram
2577 2602 2656 2656 ad
2676 2600 2825 2655 Loth
2852 2616 2863 2652 :
2898 2604 2977 2655 Ne
2991 2614 3198 2670 quaeso
3215 2600 3290 2652 sit
3299 2598 3564 2667 jurgium
3585 2598 3672 2653 in-

2020 2695 2106 2745 ter
2122 2706 2216 2745 me
2242 2695 2298 2745 et
2313 2695 2387 2754 te,
2417 2689 2636 2745 etinter
2648 2693 2917 2759 pastores
2933 2701 3101 2740 meos
3117 2689 3173 2739 et
3197 2687 3465 2755 pastores
3488 2689 3621 2739 tuos
3650 2703 3664 2740 :

2018 2779 2227 2834 fratres
2258 2778 2415 2833 enim
2456 2792 2688 2831 sumus.
2719 2778 2863 2829 Ecce
2893 2774 3176 2828 universa
3203 2776 3357 2825 terra
3384 2785 3588 2825 coram
3610 2775 3666 2826 te

2019 2872 2107 2923 est
2138 2884 2148 2920 :
2192 2865 2401 2922 recede
2424 2881 2460 2921 a
2480 2880 2594 2929 me,
2624 2863 2873 2919 obsecro
2906 2878 2917 2916 :
2949 2861 3076 2916 situ
3092 2858 3169 2915 ad
3187 2858 3486 2913 sinistram
3506 2857 3663 2922 ieris,

2018 2973 2129 3028 ego
2141 2956 2220 3012 ad
2235 2956 2542 3011 dexteram
2558 2952 2771 3008 tenebo
2802 2969 2813 3005 :
2836 2951 2883 3005 si
2897 2955 2959 3006 tu
2975 2949 3052 3005 ad
3064 2949 3373 3004 dexteram
3390 2945 3659 3015 elegeris,

246 3052 357 3109 pes
372 3038 474 3127 tui.
497 3038 749 3095 Sitvena
771 3045 873 3096 tua
894 3040 1225 3108 benedicta,
1246 3048 1301 3099 et
1325 3044 1525 3101 laetare
1545 3061 1683 3101 cum
1696 3047 1904 3104 mulie-
1940 3072 1980 3127 ρ
2016 3061 2126 3117 ego
2144 3045 2221 3101 ad
2244 3044 2541 3099 sinistram
2565 3056 2833 3113 pergam.
2863 3038 3113 3094 Elevatis
3131 3038 3330 3127 itaque
3357 3036 3495 3091 Loth
3520 3050 3660 3127 ocu-

238 3141 305 3182 re
320 3126 739 3184 adolescentiae
768 3132 881 3185 tuae
914 3147 924 3183 :
955 3146 1126 3188 cerva
1144 3132 1518 3199 charissima,
1554 3139 1611 3189 et
1635 3138 1905 3205 gratissi-
1950 3123 1980 3127 ⁷
2014 3135 2084 3190 lis
2112 3134 2258 3190 vidit
2274 3148 2515 3188 omnem
2548 3131 2703 3186 circa
2720 3129 3025 3199 regionem
3047 3126 3344 3191 Jordanis,
3369 3140 3505 3196 quae
3533 3123 3663 3177 uni-

240 3215 436 3271 simus
464 3215 755 3273 hinnulus
788 3234 800 3273 ε
834 3216 1023 3274 ubera
1043 3220 1172 3290 ejus
1202 3220 1737 3278 inebrientteomni
1761 3229 1900 3280 tem-

234 3319 400 3377 pore,
445 3309 504 3360 et
534 3305 598 3361 in
646 3322 853 3361 amore
899 3307 1028 3378 ejus
1084 3308 1375 3365 delectare
1409 3310 1654 3380 jugiter.
1711 3314 1902 3377 Quare

234 3394 541 3448 seduceris
564 3393 651 3449 ﬁli
668 3394 751 3450 mi
782 3394 861 3450 ab
892 3394 1107 3465 aliena,
1131 3400 1188 3453 et
1214 3397 1429 3454 foveris
1462 3399 1598 3455 sinu
1615 3400 1853 3457 alterius
1873 3403 1901 3457 ?

234 3481 498 3552 Respicit
514 3483 823 3547 Dominus,
840 3484 966 3539 vias
990 3485 1271 3553 hominis,
1286 3490 1562 3543 etomnes
1583 3503 1819 3559 gressus
1836 3490 1901 3546 il-

235 3570 352 3626 lius
371 3571 730 3627 considerat.
757 3572 1106 3644 lniquitates
1131 3590 1254 3630 sure
1278 3576 1522 3649 capiunt
1540 3576 1815 3650 impium,
1845 3583 1902 3636 et

240 3658 488 3715 funibus
521 3660 695 3732 152
729 3665 1115 3733 peccatorum
1148 3679 1398 3720 suorum
1438 3666 1889 3737 constringitur.

248 3749 377 3819 Ipse
396 3748 700 3813 morietur,
720 3750 864 3822 quia
887 3765 1011 3806 non
1036 3751 1248 3807 habuit
1264 3752 1665 3824 disciplinam,
1684 3756 1902 3812 etmul-

245 3835 496 3892 titudine
530 3837 788 3893 stultitiae
844 3854 967 3893 sua:
1024 3839 1335 3911 decipitur.
1397 3841 1497 3895 Fili
1534 3843 1636 3912 mi,
1669 3845 1715 3897 si
1766 3860 1899 3916 spo-

244 3923 529 3995 ponderis
558 3942 663 3997 pro
689 3926 885 3982 amico
916 3930 1037 3995 tuo,
1071 3927 1325 3983 detixisti
1356 3931 1520 4001 apud
1549 3936 1899 3990 extraneum

243 4027 503 4067 manum
524 4018 705 4077 tuam,
721 4014 1099 4087 inlaqueatus
1118 4031 1180 4070 es
1198 4016 1398 4071 verbis
1422 4017 1542 4073 oris
1566 4018 1670 4083 tui,
1689 4023 1744 4075 et
1763 4036 1900 4093 cap-

245 4105 347 4155 tus
363 4101 621 4171 propriis
636 4103 1159 4159 sermonibus.Fac
1178 4119 1319 4175 ergo
1340 4106 1505 4177 quod
1526 4105 1679 4174 dico,
1695 4108 1777 4166 ﬁli
1792 4110 1896 4176 mi,

251 4192 307 4243 et
332 4189 705 4258 temetipsum
732 4192 943 4249 libera.
980 4205 1045 4263 ἢ.
1077 4198 1291 4251 Amen.

544 4279 741 4337 Lectio
784 4282 923 4337 libri
962 4283 1196 4338 Genesis
1229 4282 1451 4354 (Caput
1469 4286 1598 4355 xu.)

308 4378 375 4436 ﬁ.
413 4368 536 4423 Deo
566 4369 784 4437 gratias
797 4412 810 4425 .

308 4458 372 4510 In
396 4455 515 4511 illis
535 4455 749 4512 diebus
776 4478 793 4512 ε
825 4461 999 4515 Facta
1022 4461 1109 4515 est
1125 4458 1313 4514 fames
1335 4458 1396 4515 in
1420 4463 1577 4517 terra
1609 4477 1620 4515 :
1655 4460 1897 4519 descen-

238 4542 765 4616 ditqueAbraham
786 4546 847 4601 in
864 4546 1183 4618 Egyptum,
1204 4549 1753 4619 utperegrinaretur
1770 4550 1855 4606 ibi
1881 4568 1893 4607 :

241 4634 647 4706 praevaluerat
666 4635 1286 4692 enimfamesinterra.
1308 4639 1570 4709 Cumque
1600 4654 1787 4711 prope
1812 4655 1899 4695 es-

236 4728 319 4779 set
346 4729 412 4780 ut
438 4723 856 4793 ingrederetur
879 4725 939 4780 in
968 4729 1288 4798 Egyptum
1330 4727 1476 4782 dixit
1515 4728 1681 4783 Sarai
1728 4729 1900 4785 uxori

241 4830 361 4869 suae
394 4833 411 4867 :
446 4816 599 4868 Novi
617 4813 779 4885 quod
794 4813 1043 4885 pulchra
1056 4813 1139 4869 sis
1162 4814 1400 4870 mulier:
1422 4820 1476 4871 et
1494 4815 1661 4888 quod
1684 4832 1823 4872 cum
1842 4822 1899 4873 te

238 4902 497 4958 viderint
524 4902 814 4974 Egyptii,
847 4902 1056 4959 dicturi
1083 4909 1243 4974 sunt,
1263 4904 1429 4976 quod
1453 4921 1603 4959 uxor
1627 4920 1764 4960 mea
1795 4906 1895 4973 sis,

240 4996 291 5047 et
322 4992 822 5061 interﬁcientme,
842 4997 967 5048 ette
984 4993 1395 5050 reservabunt.
1419 4994 1519 5049 Dic
1540 5010 1701 5064 ergo,
1726 4995 1897 5051 obse-

240 5095 334 5137 cro
367 5086 449 5145 te,
477 5081 651 5154 quod
684 5096 851 5137 soror
875 5098 1013 5138 mea
1044 5083 1125 5137 sis
1156 5101 1173 5135 :
1203 5088 1264 5137 ut
1292 5082 1444 5137 bene
1475 5084 1548 5138 sit
1590 5083 1733 5138 mihi
1764 5101 1896 5157 pro-

235 5174 359 5241 pter
373 5174 518 5241 te,et
530 5170 689 5225 vivet
700 5169 904 5226 anima
914 5186 1052 5227 mea
1066 5170 1145 5227 ob
1158 5172 1409 5241 gratiam
1424 5170 1683 5227 tui.Cum
1696 5171 1898 5244 itaque

236 5259 544 5331 ingressus
563 5258 1316 5333 essetAbraszgyptum,
1336 5259 1613 5316 viderunt
1638 5258 1897 5332 Egyptii

232 5348 550 5405 mulierem
564 5346 737 5421 quod
751 5348 1165 5421 essetpulchra
1177 5347 1375 5404 nimis.
1392 5350 1458 5404 Et
1468 5348 1898 5406 nunciaverunt

228 5437 535 5510 principes
554 5436 872 5499 Pharaoni,
891 5436 1495 5494 etlaudaverunteam
1511 5437 1677 5509 apud
1687 5436 1855 5492 illum
1872 5455 1890 5491 ε

230 5529 285 5585 et
314 5527 561 5588 sublata
589 5525 913 5584 estmulier
940 5526 1003 5583 in
1026 5525 1280 5584 domum
1305 5526 1649 5587 Pharaonis.
1668 5525 1890 5585 Abram

2011 3239 2186 3279 versa
2208 3221 2598 3292 inrigabatur,
2628 3222 2954 3289 antequam
2984 3216 3349 3270 subverteret
3374 3211 3663 3266 Dominus

2013 3312 2339 3368 Sodomam
2352 3302 3318 3375 etGomorrham,sicutparadisus
3331 3298 3586 3361 Domini,
3605 3302 3662 3353 et

2013 3401 2165 3455 sicut
2192 3392 2868 3469 Egyptusvenientibus
2889 3391 2950 3445 in
2977 3392 3182 3457 Segor.
3214 3386 3519 3455 Elegitque
3542 3384 3657 3438 sibi

2011 3489 2157 3545 Loth
2186 3486 2492 3557 regionem
2510 3483 2665 3538 circa
2687 3480 3026 3541 Iordanem,
3046 3480 3101 3531 et
3116 3473 3354 3530 recessit
3372 3472 3449 3529 ab
3468 3472 3658 3527 orien-

2009 3582 2067 3633 te
2097 3596 2109 3635 :
2140 3575 2434 3647 divisique
2452 3575 2590 3627 sunt
2605 3569 2881 3625 alteruter
2896 3582 2932 3621 a
2961 3564 3137 3620 fratre
3159 3578 3288 3618 suo.
3308 3560 3530 3615 Abram
3551 3559 3656 3647 ha-

2007 3663 2300 3721 bitavitin
2321 3646 2477 3718 terra
2506 3659 2788 3714 Chanaan
2818 3674 2831 3710 :
2868 3654 3011 3711 Loth
3026 3667 3165 3708 vero
3190 3654 3459 3706 moratus
3486 3651 3572 3702 est
3594 3646 3655 3701 in

2008 3751 2267 3825 oppidis,
2286 3765 2427 3822 quoe
2449 3750 2615 3804 erant
2640 3746 2796 3801 circa
2819 3743 3161 3809 Iordanem,
3193 3744 3251 3794 et
3279 3734 3565 3793 habitavit
3594 3734 3657 3788 in

2013 3824 2306 3899 Sodomis.
2328 3838 2606 3894 Homines
2623 3838 2823 3890 autem
2846 3831 3166 3888 Sodomitas
3190 3824 3441 3900 pessimi
3463 3826 3651 3887 erant,

2011 3935 2068 3987 et
2085 3932 2427 4002 peccatores
2452 3940 2656 3981 coram
2677 3922 2929 3978 Domino
2942 3918 3144 3975 nimis.
3166 3916 3440 3986 Dixitque
3464 3910 3653 4002 Domi-

2009 4001 2125 4076 nus
2154 4017 2231 4074 ad
2261 4015 2504 4084 Abram,
2534 4016 2860 4086 postquam
2891 4009 3122 4064 divisus
3142 4010 3231 4062 est
3260 4004 3405 4060 Loth
3434 4001 3510 4058 ab
3536 4016 3605 4056 eo
3638 4016 3651 4053 :

2011 4111 2161 4163 Leva
2190 4106 2393 4163 oculos
2422 4109 2557 4159 tuos
2588 4102 2899 4167 directum,
2928 4102 2985 4153 et
3010 4097 3145 4152 vide
3172 4110 3209 4149 a
3236 4092 3389 4156 loco,
3425 4090 3488 4145 in
3532 4104 3653 4160 quo

2007 4211 2168 4252 nunc
2190 4211 2273 4261 es,
2305 4193 2384 4249 ad
2409 4190 2753 4264 aquilonem
2784 4192 2841 4243 et
2877 4185 2956 4242 ad
2975 4184 3306 4248 meridiem,
3335 4179 3414 4236 ad
3460 4178 3653 4234 orien-

2009 4290 2127 4341 tem
2149 4288 2205 4340 et
2234 4284 2311 4339 ad
2338 4280 2726 4337 occidentem.
2762 4278 3013 4333 Omnem
3034 4279 3253 4328 terram
3276 4285 3462 4343 quam
3478 4282 3653 4323 cons-

2008 4373 2179 4446 picis,
2218 4372 2323 4428 tibi
2352 4370 2513 4426 dabo
2554 4372 2608 4424 et
2647 4366 2860 4422 semini
2888 4369 2991 4420 tuo
3022 4376 3214 4433 usque
3244 4360 3305 4415 in
3346 4357 3653 4430 sempiter-

2008 4478 2179 4519 num.
2207 4461 2565 4532 Faciamque
2597 4470 2802 4512 semen
2832 4459 3002 4510 tuum
3030 4452 3185 4507 sicut
3212 4448 3515 4522 pulverem
3544 4449 3654 4500 ter-

2007 4568 2088 4608 ra;
2122 4570 2135 4604 :
2170 4551 2221 4606 si
2249 4551 2385 4621 quis
2412 4550 2609 4620 potest
2632 4544 2949 4601 hominum
2985 4553 3302 4596 numerare
3351 4535 3654 4608 pulverem

2009 4642 2201 4705 terraa,
2225 4651 2431 4692 semen
2458 4648 2701 4707 quoque
2721 4637 2891 4687 tuum
2915 4641 3233 4684 numerare
3262 4621 3491 4696 poterit.
3519 4621 3651 4676 Sur-

2009 4742 2081 4796 ge
2112 4741 2274 4797 ergo,
2306 4721 2662 4797 perambula
2699 4725 2918 4775 terram
2948 4718 3010 4772 in
3052 4712 3445 4784 longitudine,
3488 4711 3545 4764 et
3591 4707 3656 4763 in

2007 4812 2321 4870 latitudine
2334 4827 2445 4867 sua
2475 4829 2487 4866 :
2520 4809 2668 4882 quia
2688 4807 2795 4863 tibi
2816 4807 3063 4862 daturus
3077 4818 3211 4858 sum
3233 4816 3387 4857 eam.
3416 4802 3656 4856 Movens

2007 4903 2186 4974 igitur
2209 4901 2430 4956 Abram
2456 4896 2910 4955 tabernaculum
2949 4909 3146 4961 suum,
3168 4890 3326 4946 venit
3350 4895 3406 4947 et
3419 4890 3655 4947 habita-

2009 4991 2088 5047 vit
2107 4992 2277 5062 juxta
2306 4987 2640 5045 convallem
2668 4984 2949 5051 Mambre,
2989 4997 3125 5055 quae
3166 4985 3255 5037 est
3279 4980 3341 5037 in
3369 4980 3606 5039 Hebron
3637 4997 3649 5032 :

2008 5080 2441 5152 tediﬁcavitque
2466 5077 2547 5133 ibi
2578 5076 2762 5132 altare
2788 5071 3065 5129 Domino.
3099 5083 3163 5144 ar.
3188 5082 3393 5128 Amen.

2076 5210 2428 5278 Antiphona
2453 5214 2501 5264 l.
2528 5209 2742 5265 Anima
2761 5211 2970 5265 nostra
2984 5208 3217 5281 patiens
3246 5210 3333 5261 est
3350 5198 3597 5258 Domino
3631 5208 3645 5247 :

2007 5297 2299 5371 quoniam
2329 5297 2567 5368 adjutor
2610 5301 2667 5354 et
2694 5301 2991 5370 protector
3016 5301 3217 5353 noster
3236 5296 3341 5347 est.
3372 5284 3649 5341 Psalmus

2006 5402 2187 5443 XXXII.

2077 5523 2297 5582 Oratio.
2330 5522 2456 5581 Tibi
2472 5524 2725 5582 Domino
2749 5520 2984 5599 patiens
3001 5517 3089 5570 est
3109 5509 3313 5570 anima
3336 5510 3541 5567 nostra
3576 5529 3588 5570 :
3617 5526 3654 5567 a
