4102 6176
407 336 513 395 283

1681 322 2129 388 BREVIABIUM
2167 322 2557 383 GOTHICUM.

3708 317 3817 377 284

411 476 533 544 quo
546 461 604 521 et
622 459 901 521 virtutem
920 455 1664 530 tolerantits,etpraemium
1690 453 2060 544 concupiscit
2088 464 2134 520 A
2166 468 2360 544 suam,
2391 455 2446 544 et
2476 446 2707 544 aperuit
2730 464 2797 544 os
2824 461 3004 544 suum
3022 442 3253 544 absque
3278 440 3401 543 ullo
3419 440 3675 544 termino
3711 460 3726 505 :
3760 447 3819 503 et

413 551 683 624 accipere
719 570 731 611 :
762 554 867 607 tua
894 563 1035 621 ergo
1067 564 1245 621 super
1272 563 1385 607 nos
1420 544 1854 613 misericordia,
1906 543 2060 600 sicut

415 638 812 715 speravimus,
831 636 936 693 ﬁat
964 654 977 695 :
1012 642 1236 713 tuaque
1258 651 1370 697 nos
1386 635 1576 713 gratia
1604 636 1885 695 consueta
1910 647 2055 707 prae-

411 726 629 787 veniat.
664 737 729 798 ﬁ.
751 726 957 785 Amen.

482 814 593 871 Per
621 814 1118 879 misericordiam,
1141 817 1253 872 etc.

482 904 837 975 Antiphona
862 909 915 961 2.
946 904 1313 977 Magniﬁcate
1342 901 1663 961 Dominum
1690 915 1929 959 mecum
1962 915 1973 960 :
2003 899 2061 956 et

410 992 744 1051 exaltemus
777 1008 1001 1049 nomen
1025 993 1154 1064 ejus
1183 992 1245 1049 in
1282 1007 1500 1050 unum.
1553 989 1824 1046 Psatmus
1852 1002 2057 1043 mm.

487 1082 713 1139 Oratio.
734 1081 1105 1155 lnquirentes
1119 1085 1195 1148 te,
1211 1078 1796 1149 Domine,dignanter
1805 1074 2022 1133 exaudi
2041 1092 2056 1144 ;

411 1174 591 1243 atque
622 1174 687 1226 ut
710 1169 772 1227 in
794 1174 847 1226 te
876 1169 1155 1228 laudetur
1180 1170 1383 1226 anima
1406 1173 1634 1235 nostra,
1662 1162 1955 1243 propitius
1975 1163 2059 1221 in-

412 1257 611 1316 dultor
637 1258 876 1333 imperti
905 1274 918 1315 :
954 1262 1029 1327 et,
1064 1257 1170 1332 qui
1194 1259 1364 1330 juxta
1406 1274 1469 1315 es
1495 1256 1610 1326 his,
1648 1255 1749 1329 qui
1782 1252 2059 1310 tribulato

412 1350 551 1406 sunt
593 1348 792 1414 corde,
852 1361 1058 1405 aurem
1108 1350 1275 1405 tuam
1311 1346 1480 1419 153
1528 1342 1607 1401 ad
1647 1342 2059 1401 contritionem

412 1434 601 1491 nostri
646 1434 887 1523 spirit'us
937 1433 1136 1506 pande
1171 1438 1272 1491 :et
1318 1434 1397 1491 ad
1434 1447 1645 1507 pacem
1684 1436 1876 1523 tuam,
1923 1443 2059 1523 quas

413 1525 700 1595 exuperat
715 1515 960 1579 omnem
987 1536 1251 1591 sensum,
1284 1535 1539 1599 corpora
1566 1521 1774 1579 nostra
1802 1522 1859 1574 et
1876 1515 2062 1574 corda

413 1615 715 1669 converte.
754 1622 821 1679 R.
849 1611 1058 1673 Amen.

482 1697 590 1755 Per
612 1697 1083 1758 misericordiam
1110 1701 1296 1757 tuam.

2165 541 2525 597 descendent
2541 540 2721 596 fortes
2740 538 2891 611 ejus,
2907 539 2963 592 et
2978 532 3238 609 populus
3252 532 3403 604 ejus,
3427 536 3483 587 et
3501 531 3817 603 sublimes,

2164 630 2527 705 gloriosique
2558 630 2685 702 ejus
2708 628 2784 684 ad
2815 642 2973 683 eum.
3000 624 3065 683 Et
3092 620 3505 681 incurvabitur
3530 621 3739 689 homo,
3764 625 3822 678 et

2161 718 2574 778 humiliabitur
2586 719 2693 783 vir,
2711 715 2933 773 etoculi
2947 711 3294 769 sublimium
3307 711 3740 785 deprimentur.
3755 714 3823 771 Et

2164 808 2523 866 exaltabitur
2534 808 2822 863 Dominus
2839 802 3209 859 exercituum
3230 799 3292 855 in
3313 799 3563 872 judicio,
3591 804 3647 856 et
3662 801 3821 857 Deus

2164 901 2407 953 sanctus
2450 893 2913 953 sanctiﬁcabilur
2940 890 3001 947 in
3033 889 3285 965 justitia.
3326 900 3390 961 Βί.
3423 889 3633 945 Amen.

2233 986 2570 1056 Antiphona
2608 988 2657 1039 1.
2707 984 2937 1051 Exurge
2986 977 3253 1044 Domine,
3307 977 3534 1049 adjuva
3580 993 3711 1047 nos,
3760 980 3823 1035 et

2162 1073 2351 1130 libera
2374 1089 2484 1129 nos
2514 1074 2757 1147 propter
2785 1083 3006 1125 nomen
3037 1072 3227 1123 tuum.
3260 1066 3530 1122 Psalmus
3558 1084 3710 1124 mn.

2239 1164 2462 1220 Oratio.
2494 1164 2723 1235 Exurge
2745 1157 3018 1227 Domine,
3052 1157 3277 1229 adjuva
3303 1172 3415 1212 nos
3446 1161 3647 1214 contra
3664 1172 3811 1213 om-

2165 1267 2305 1308 nem
2339 1250 2629 1308 malitiam
2659 1246 3144 1323 persequentium
3178 1263 3191 1301 :
3225 1249 3281 1301 et
3295 1244 3482 1302 libera
3503 1260 3612 1300 nos
3635 1261 3821 1318 prop-

2166 1345 2252 1397 ter
2282 1356 2505 1397 nomen
2534 1343 2702 1395 tuum
2729 1342 2766 1395 a
2796 1340 3104 1393 contractu
3130 1334 3445 1410 spirituum
3474 1332 3823 1389 immundo-

2166 1445 2302 1486 rum
2330 1448 2342 1485 :
2374 1433 2456 1495 ut,
2473 1429 2578 1501 qui
2593 1443 2703 1484 nos
2718 1428 2779 1483 in
2791 1426 2922 1482 loco
2933 1423 3262 1480 humiliasti
3285 1422 3645 1488 afﬂictionis,
3661 1420 3826 1479 exal—

2166 1522 2255 1577 tes
2284 1518 2498 1575 iterum
2528 1517 2589 1573 in
2615 1514 3093 1572 remuneratione
3122 1512 3371 1569 virtutis.
3401 1522 3466 1585 Βι.
3498 1515 3709 1571 Amen.

2239 1606 2350 1663 Per
2387 1604 2879 1663 misericordiam.

2238 1696 2589 1768 Antiphona
2609 1698 2664 1752 2.
2691 1696 2973 1753 Memores
3000 1707 3210 1748 sumus
3231 1690 3493 1749 nominis
3513 1689 3619 1757 tui,
3646 1691 3824 1760 Deus,

480 1786 831 1855 Antiphone
860 1787 915 1843 3.
953 1787 1073 1849 Filii
1092 1787 1407 1847 hominum
1439 1785 1502 1845 in
1542 1782 1908 1863 protectione
1933 1782 2058 1841 ala-
2094 1822 2138 1879 Β
2166 1786 2230 1843 in
2256 1785 2419 1841 omni
2450 1783 2732 1857 progenie
2767 1785 2822 1838 et
2848 1779 3250 1879 generatione.
3283 1778 3726 1879 Psalinusxuv.

410 1888 545 1931 rum
577 1879 841 1948 sperant,
874 1875 1143 1935 Domine.
1178 1875 1439 1933 Psatmus
1467 1890 1641 1935 xxxv.

483 1972 554 2033 BI.
592 1963 925 2021 Benefaciat
948 1964 1124 2024 nobis
1153 1964 1326 2030 Deus,
1354 1962 1627 2021 etliberet
1644 1976 1756 2019 nos
1774 1959 1852 2019 ab
1873 1959 2061 2017 omni~

410 2049 528 2106 bus
560 2048 754 2108 malis.
780 2052 839 2108 P.
867 2054 932 2109 Et
959 2052 1137 2110 donet
1165 2066 1378 2125 pacem
1408 2051 1471 2109 in
1498 2049 1710 2108 diebus
1728 2049 1966 2107 nostris.
1994 2048 2058 2113 ἡ.

410 2138 709 2199 llluminet
736 2139 969 2199 vultum
996 2156 1175 2199 suum
1204 2156 1385 2219 super
1412 2156 1537 2199 nos.
1567 2139 1631 2197 P.
1663 2142 1731 2196 Et
1758 2137 1960 2195 donet.
1993 2136 2057 2201 ir.

411 2226 626 2285 Gloria.
657 2228 993 2289 Reiteretur
1021 2239 1091 2301 ﬁ.

482 2316 711 2375 Preces.
741 2318 972 2384 Averte,
1002 2317 1275 2387 Domine,
1317 2316 1469 2375 iram
1499 2316 1715 2374 furoris
1749 2314 1833 2374 tui
1862 2334 1873 2375 :
1906 2315 1965 2371 P.
1995 2315 2062 2370 Et

411 2405 727 2465 miseratus
759 2422 938 2483 parce
966 2407 1194 2483 populo
1221 2411 1341 2467 tuo.
1373 2406 1436 2469 ir.
1469 2404 1749 2465 Omnium
1784 2403 2061 2478 precibus

410 2495 579 2567 pium
596 2495 869 2555 auditum
886 2495 1088 2570 praebe
1121 2513 1133 2550 :
1168 2501 1224 2553 et
1237 2511 1373 2570 qua:
1397 2509 1685 2565 rogamus
1706 2496 1926 2561 sancte,
1946 2492 2061 2549 cito

413 2584 699 2643 concede.
723 2583 789 2647 ii.
819 2584 1063 2653 Christe,
1082 2584 1310 2643 ﬂebiles
1340 2583 1596 2653 gemitus
1635 2582 1862 2641 intuere
1894 2600 1906 2639 :
1936 2581 2064 2639 vin-

412 2672 551 2729 cula
574 2672 783 2730 mortis
811 2672 996 2738 solve,
1019 2677 1075 2731 et
1097 2673 1281 2730 vitam
1295 2672 1533 2744 largire.
1550 2672 1614 2729 P.
1636 2674 1701 2727 Et
1725 2671 2059 2728 miseratus.

408 2758 472 2820 γ.
502 2762 634 2815 Jam
645 2759 778 2816 vide
796 2759 1143 2833 lachrymas
1167 2777 1181 2817 :
1208 2759 1469 2829 intellige
1485 2759 1789 2829 lugentes;
1818 2756 2064 2819 tandem

410 2846 625 2905 delicta
649 2853 855 2907 nostra
875 2848 1137 2905 clemens
1167 2848 1430 2918 ignosce.
1462 2847 1527 2903 P.
1559 2851 1626 2905 Et
1648 2847 1978 2905 miseratus.
1996 2844 2058 2909 ἡ.

408 2935 618 2993 Nullus
636 2951 709 2995 ex
724 2936 900 2994 nobis
920 2942 1025 3001 est,
1048 2952 1232 3008 quem
1254 2936 1467 2994 audias
1488 2935 1738 2992 libenter
1759 2953 1777 3006 ;
1797 2940 1861 2991 tu
1885 2949 2061 3007 prop~

407 3025 496 3079 ter
513 3023 919 3096 temetipsum,
944 3022 1191 3092 Christe,
1212 3039 1511 3081 succurre.
1536 3023 1605 3080 P.
1636 3025 1704 3081 Et
1722 3022 2057 3080 miseratus.

480 3111 754 3181 Hymnus.
784 3109 1017 3166 Referre
1043 3110 1239 3182 prisci.
1270 3111 1383 3180 fot.
1417 3112 1539 3169 145.

483 3180 780 3271 Capitula.
809 3198 875 3254 In
904 3180 1266 3271 protectione
1286 3198 1519 3256 alarum
1544 3201 1782 3255 tuarum
1812 3198 2061 3255 Domine
2091 3180 2132 3236 (ἶ

408 3285 567 3344 ﬁlios
604 3286 925 3343 hominum
970 3291 1298 3363 sperantes,
1352 3301 1740 3360 nequaquam
1784 3286 2058 3361 detegas;

411 3376 517 3431 sed
542 3378 856 3449 tamquam
885 3374 1104 3448 pullos,
1124 3390 1249 3451 quo
1278 3376 1579 3449 possimus
1601 3375 1873 3448 supernis
1899 3376 2062 3433 vola-

412 3462 615 3520 tilibus
644 3462 993 3538 praeparari,
1024 3462 1283 3522 fovendo
1315 3462 1578 3521 enutrias
1607 3479 1618 3518 :
1651 3478 1846 3539 neque
1871 3463 2063 3538 deripi

408 3567 523 3609 nos
590 3550 949 3609 laceratione
1008 3551 1419 3613 insidiantium
1472 3552 1678 3622 sinas;
1709 3567 1820 3609 nec
1848 3570 1886 3610 a
1917 3551 2062 3610 nido

410 3638 689 3696 Ecclesiae
710 3642 826 3697 ture
847 3639 1080 3699 avolare
1100 3641 1440 3715 permittas;
1466 3639 1590 3709 sed,
1623 3641 1769 3701 dum
1789 3657 1901 3699 nos
1936 3646 2060 3715 teg-

410 3727 573 3785 mine
600 3728 759 3798 regis
787 3732 1059 3801 paterno,
1094 3730 1172 3785 ad
1202 3730 1534 3793 ubertatem
1571 3731 1790 3791 domus
1814 3735 1929 3789 tuas
1958 3726 2057 3790 ad-

406 3816 523 3887 juti
549 3819 651 3871 tuo
676 3816 991 3875 veniamus
1019 3816 1252 3875 auxilio.

481 3903 654 3965 Pater
681 3908 905 3965 noster.

1037 3993 1137 4049 Ad
1172 3994 1431 4051 Sextum.

620 4083 821 4141 Lectio
853 4081 999 4140 libri
1024 4082 1213 4140 Esaia:
1233 4082 1551 4155 Prophetas
1572 4082 1736 4157 (Cap.
1764 4084 1847 4159 v).

480 4182 546 4242 13,.
574 4173 693 4229 Deo
715 4171 959 4243 gratias.

2242 1873 2462 1929 Oratio.
2517 1874 2627 1928 Fac
2678 1886 2792 1927 nos
2848 1869 3099 1926 Domine
3143 1866 3387 1939 diligere
3424 1867 3719 1943 justitiam
3767 1870 3828 1925 et

2168 1961 2335 2020 odire
2363 1961 2738 2035 iniquitatem
2770 1977 2783 2015 :
2817 1974 2886 2017 ac
2926 1973 3032 2033 per
3058 1956 3342 2029 speciem,
3370 1959 3536 2013 tuam
3559 1954 3826 2029 pulchri-

2165 2050 2437 2108 tudinem
2453 2052 2802 2125 qumrentes,
2835 2046 3093 2103 deducat
3116 2062 3227 2102 nos
3247 2044 3593 2101 mirabiliter
3619 2044 3821 2101 dexte-

2165 2155 2236 2197 ra
2265 2144 2368 2197 tua
2401 2157 2413 2195 :
2448 2144 2523 2207 et,
2555 2137 2912 2194 mortiﬁcato
2940 2136 3001 2191 in
3031 2134 3205 2192 nobis
3230 2133 3526 2191 incentivo
3562 2133 3822 2197 fornica-

2167 2228 2372 2300 tionis,
2412 2228 2655 2299 accinge
2691 2225 2934 2285 lumbos
2980 2227 3216 2281 nostros
3254 2222 3456 2297 gladio
3504 2221 3818 2283 castitatis.

2168 2328 2232 2387 ἢ.
2256 2317 2463 2372 Amen.
2504 2315 2614 2371 Per
2637 2313 3106 2371 misericordiam
3137 2316 3323 2369 tuam.

2240 2405 2592 2475 Antiphona
2622 2408 2673 2459 3.
2718 2406 2870 2459 Deus
2890 2407 3162 2459 nostrum
3177 2402 3496 2474 refugium,
3517 2404 3572 2458 et
3589 2401 3773 2458 virtus
3805 2417 3820 2467 ;

2172 2495 2413 2566 adjutor
2442 2495 2502 2550 in
2559 2492 3065 2560 tribulationibus,
3123 2507 3259 2567 qua:
3314 2493 3669 2548 invenerunt
3708 2506 3825 2547 nos

2168 2584 2365 2640 nimis.
2394 2584 2671 2641 Psalmus
2690 2599 2819 2639 XLV.

2242 2685 2311 2744 Βτ.
2358 2674 2587 2738 Averte,
2617 2671 2887 2736 Domine,
2911 2670 3061 2727 iram
3079 2674 3247 2727 tuam
3274 2672 3311 2728 ὲ,
3335 2669 3535 2728 nobis.
3565 2682 3631 2743 Bg.
3655 2673 3736 2733 Ne
3761 2671 3829 2727 in

2171 2765 2461 2819 aeternum
2495 2761 2770 2819 irascaris
2801 2760 2993 2819 nobis.
3027 2760 3088 2822 ἵ.
3123 2760 3338 2831 Mitiga,
3392 2760 3661 2827 Domine,
3699 2776 3830 2819 om-

2168 2867 2310 2909 nem
2325 2850 2475 2909 iram
2496 2858 2662 2909 tuam
2696 2854 2993 2908 :etaverte
3010 2848 3087 2907 ab
3117 2850 3209 2907 ira
3231 2848 3661 2921 indignationis
3685 2853 3832 2909 tuae.

2169 2939 2241 3000 P.
2270 2942 2349 2996 Ne
2378 2939 2438 2998 in
2469 2945 2776 2998 aeternum.
2809 2938 2869 3001 it.
2907 2938 3117 2995 Gloria.
3147 2938 3213 2994 P.
3238 2942 3317 2996 Ne
3347 2938 3410 2994 in
3437 2942 3751 2997 reternum.

2240 3028 2464 3087 Preces.
2497 3029 2585 3086 Ad
2618 3034 2671 3086 te
2701 3029 3053 3096 clamamus,
3083 3028 3353 3086 Domine.
3383 3029 3449 3087 P.
3476 3028 3830 3099 Precamur,

2168 3120 2234 3174 ut
2253 3116 2557 3175 exaudias.
2591 3116 2654 3181 ὴ.
2679 3117 2900 3174 Christe
2920 3115 3278 3188 Redemptor
3303 3116 3829 3183 omnium,exaudi

2168 3220 2373 3278 preces
2413 3202 2760 3277 supplicum.
2802 3205 2865 3262 P.
2898 3208 3231 3265 Precamur.
3265 3204 3325 3267 ti.
3356 3203 3622 3261 Concede
3643 3204 3824 3263 nobis

2169 3292 2399 3351 donum
2413 3294 2700 3363 gratiamt
2718 3292 2978 3350 fructum
2992 3292 3373 3367 poenitentiae.
3389 3293 3451 3348 P.
3482 3296 3823 3352 Precamur.

2169 3380 2231 3445 it.
2256 3384 2509 3439 Remove
2526 3398 2563 3440 a
2578 3381 2751 3441 nobis
2764 3382 3052 3454 gladium,
3078 3381 3298 3449 famen,
3321 3386 3377 3441 et
3400 3380 3827 3458 pestilentiam.

2169 3471 2235 3529 P.
2267 3469 2605 3528 Precamur.
2664 3470 2725 3535 ὴ.
2759 3470 2933 3528 Solve
2970 3469 3169 3529 delicti
3196 3469 3548 3545 periculum,
3580 3475 3637 3530 et
3661 3469 3832 3535 dona

2168 3557 2623 3629 indulgentiam.
2651 3558 2713 3614 P.
2756 3559 3091 3617 Precamur.

2237 3648 2530 3720 Hymnus.
2564 3648 2607 3704 Ο
2629 3649 2945 3716 Nazarene,
2979 3647 3100 3704 lux.
3131 3648 3240 3718 fol.
3280 3644 3399 3707 144.

2241 3735 2469 3795 Oratio.
2502 3738 2656 3793 Deus
2678 3740 2883 3795 noster
2912 3739 3042 3793 esto
3071 3735 3246 3795 nobis
3278 3736 3342 3795 in
3384 3735 3651 3795 adversis
3675 3736 3834 3795 refu-

2168 3822 2369 3895 gium;
2396 3828 2453 3881 et
2476 3824 2538 3883 in
2569 3824 2992 3883 certaminibus
3018 3824 3200 3896 hujus
3232 3824 3831 3884 mundivirtutistum

2166 3910 2370 3984 praebe
2397 3911 2698 3969 solatium:
2720 3916 2777 3970 et
2800 3912 2947 3969 dum
2969 3916 3022 3970 te
3046 3912 3405 3970 adventante
3425 3928 3686 3971 maerens
3703 3918 3829 3971 tur-

2167 4000 2313 4057 bata
2341 4000 2517 4058 fuerit
2534 4005 2702 4072 terra,
2724 4000 2827 4057 tibi
2856 4001 3266 4073 adjungantur
3283 4001 3343 4058 in
3361 4001 3603 4071 gaudio,
3623 4001 3829 4076 quiob

2170 4089 2611 4159 metumjudicii
2644 4088 2817 4163 154
2844 4089 3111 4147 admissa
3149 4086 3369 4146 deﬂent
3390 4089 3451 4145 in
3484 4088 3734 4147 saeculo:
3763 4093 3833 4147 ut

2170 4176 2539 4241 tu,virtutum
2560 4177 2952 4245 Dominus,sis
2984 4176 3302 4236 nobiscum
3328 4194 3342 4245 ;
3367 4193 3550 4251 quem
3573 4183 3629 4235 et
3650 4178 3828 4237 time-

480 4257 1097 4317 HmcdicitDominus:
1111 4261 1207 4317 Vas
1225 4258 1329 4332 qui
1342 4260 1701 4333 conjungitis
1722 4261 2066 4319 domumad
2170 4280 2306 4320 mus
2329 4265 2597 4335 judicem
2627 4282 2640 4331 ;
2673 4271 2730 4323 et
2769 4267 3187 4338 cognoscimus
3224 4266 3686 4341 redemptorem.

409 4349 683 4416 domum,
703 4353 760 4405 et
775 4363 989 4420 agrum
1008 4349 1086 4406 ad
1105 4364 1319 4419 agrum
1333 4349 1623 4423 copulatis
1636 4367 1828 4423 usque
1847 4351 1926 4409 ad
1958 4356 2066 4409 ter-

410 4437 773 4496 minumloci
806 4457 820 4497 2
848 4438 1125 4515 nunquid
1152 4437 1501 4497 habitabitis
1524 4438 1635 4497 soli
1651 4455 1758 4495 vos
1773 4441 1835 4496 in
1864 4441 2065 4498 medio

2244 4353 2410 4411 Pater
2435 4358 2658 4410 noster.

2797 4442 2907 4501 Ad
2940 4444 3198 4503 Nonam.

410 4531 579 4583 terra;
605 4525 633 4581 ’ἵ
673 4530 738 4582 In
769 4525 1016 4587 auribus
1050 4526 1200 4585 meis
1250 4532 1387 4585 sunt
1416 4527 1563 4595 haec,
1596 4526 1736 4585 dicit
1778 4528 2064 4585 Dominus
2098 4525 2143 4580 D
2243 4528 2436 4588 Lectio
2468 4530 2604 4586 libri
2629 4530 3040 4590 Ecclesiastz'ci
3067 4532 3392 4591 Salomonis
3420 4533 3591 4606 (Cap.
3622 4535 3718 4608 ιι).

410 4615 775 4673 exercituum
806 4632 819 4673 :
849 4615 968 4673 Nisi
1011 4615 1232 4672 domus
1271 4615 1473 4674 multa:
1527 4615 1772 4673 desertae
1824 4616 2064 4687 fuerint,

408 4704 689 4775 grandes,
708 4708 765 4760 et
778 4703 1306 4783 pulchrte,absque
1316 4704 1669 4762 habitatore.
1680 4707 1890 4765 Decem
1904 4706 2064 4765 enim

402 4792 619 4863 jugera
647 4792 957 4849 vinearum
983 4792 1200 4849 facient
1224 4792 1613 4862 lagunculam
1646 4808 1849 4859 unam,
1882 4797 1938 4849 et
1967 4793 2063 4852 tri-

409 4879 577 4949 ginta
607 4881 793 4938 modii
819 4882 1101 4939 sementis
1135 4882 1362 4941 faciunt
1390 4883 1625 4940 modios
1656 4886 1790 4939 tres.
1818 4884 1913 4939 Vae
1956 4883 2061 4956 qui

408 4968 768 5041 consurgitis
798 4986 976 5031 mane
1006 4970 1086 5028 ad
1111 4970 1458 5028 ebrietatem
1484 4970 1852 5038 sectandam,
1875 4978 1930 5028 et
1956 4987 2060 5043 po-

407 5056 662 5114 tandum
691 5073 883 5133 usque
922 5058 1002 5116 ad
1028 5074 1368 5131 vesperum,
1398 5063 1463 5115 ut
1496 5062 1636 5117 vino
1662 5059 1945 5118 aestuetis.
1969 5059 2055 5118 Ci-

406 5146 598 5210 thara,
632 5149 688 5202 et
714 5146 844 5213 lira,
882 5151 938 5202 et
964 5150 1340 5216 tympanum,
1375 5149 1431 5201 et
1459 5146 1625 5214 tibia,
1661 5152 1714 5203 et
1752 5149 1958 5204 vinum
1995 5149 2055 5205 in

407 5234 696 5291 conviviis
717 5235 925 5290 vestris
960 5251 971 5288 :
987 5237 1209 5302 etopus
1224 5233 1456 5288 Domini
1478 5249 1598 5291 non
1612 5237 1921 5308 respicitis,
1946 5253 2056 5294 nec

406 5338 591 5394 opera
600 5338 874 5379 manuum
887 5322 937 5390 ej
949 5337 1015 5374 us
1028 5319 1439 5377 consideratis.
1449 5325 1760 5394 Propterea
1782 5327 2054 5398 captivus

407 5410 620 5465 ductus
632 5409 993 5482 estpopulus
1006 5422 1197 5473 meus,
1212 5408 1487 5478 quianon
1501 5410 2053 5482 habuitscientiam,

408 5501 465 5555 et
488 5497 722 5559 nobiles
754 5498 882 5577 ejus
907 5495 1253 5559 interierunt
1273 5496 1455 5569 fame,
1494 5502 1550 5553 et
1579 5497 1896 5561 multitudo
1924 5501 2052 5573 ejus

409 5578 506 5639 siti
534 5584 780 5642 exaruit.
813 5585 1134 5656 Propterea
1171 5583 1439 5643 dilatavit
1480 5584 1747 5643 infernus
1787 5586 2053 5643 animam

2244 4630 2308 4689 ﬁ.
2344 4619 2463 4676 Deo
2489 4618 2730 4689 gratias.

2244 4706 2369 4773 Fili,
2403 4708 2704 4765 Accedens
2722 4708 2800 4763 ad
2819 4710 3162 4765 servitutem
3187 4709 3443 4778 Domini,
3468 4712 3558 4766 sta
3574 4709 3636 4766 in
3653 4710 3831 4781 justi-

2170 4794 2272 4864 tia,
2290 4806 2345 4851 et
2370 4796 2600 4863 timore,
2620 4802 2675 4852 et
2695 4812 2971 4869 praepara
2986 4798 3253 4854 animam
3272 4803 3437 4855 tuam
3452 4797 3530 4854 ad
3552 4799 3827 4856 tentatio-

2168 4899 2306 4939 nem
2341 4900 2353 4938 :
2379 4884 2651 4955 Deprime
2669 4901 2771 4940 cor
2792 4888 3043 4955 tuum,et
3066 4887 3293 4942 sustine
3318 4904 3330 4941 :
3371 4886 3594 4944 inclina
3611 4904 3825 4945 aurem

2167 4976 2352 5041 tuam,
2386 4973 2658 5046 etexcipe
2686 4973 2871 5029 verba
2894 4973 3220 5031 intellectus
3253 4994 3264 5030 :
3301 4980 3357 5031 et
3385 4990 3459 5030 ne
3490 4973 3735 5031 festines
3763 4976 3824 5032 in

2163 5066 2402 5135 tempus
2430 5062 2828 5121 obductionis.
2854 5063 3083 5119 Sustine
3106 5063 3562 5121 sustentationes
3600 5064 3724 5135 Dei,
3768 5068 3826 5120 et

2164 5151 2526 5222 conjungere
2549 5152 2760 5219 Deo,et
2790 5150 3032 5216 sustine,
3052 5158 3115 5207 ut
3150 5158 3375 5209 crescat
3395 5153 3454 5209 in
3484 5152 3823 5209 novissimo

2164 5237 2286 5294 vita
2316 5241 2433 5295 tua.
2462 5250 2526 5307 Ir.
2559 5244 2765 5294 Amen.

2498 5328 2687 5383 Lectio
2713 5328 2858 5384 libri
2889 5330 3119 5386 Genesis
3152 5330 3316 5399 (Cap.
3347 5328 3466 5403 xv).

2234 5425 2296 5481 Bg.
2342 5414 2457 5466 Deo
2480 5413 2719 5482 gratias.

2234 5504 2295 5555 In
2309 5498 2421 5563 illis
2444 5500 2653 5556 diebus
2673 5519 2683 5558 :
2704 5505 2911 5569 Factus
2930 5510 3017 5563 est
3036 5522 3232 5562 sermo
3252 5506 3485 5564 Domini
3503 5506 3820 5579 adAbram

2160 5604 2267 5663 per
2293 5586 2609 5656 visionem,
2626 5588 2828 5651 dicens
2854 5613 2866 5654 :
2897 5594 3025 5659 Noli
3045 5595 3249 5655 timere
3265 5594 3506 5662 Abram,
3534 5609 3647 5669 ego
3678 5611 3815 5671 pro-
