4102 6176
210 340 318 395 285

1395 337 1746 398 DGMINICA
1784 341 1807 398 Ι
1846 340 2456 409 ΟΗΑΒΗΑΕΕΞΙΜΧΕ.

3523 353 3630 410 286

204 469 399 524 tector
426 467 565 524 tuus
591 477 755 528 sum,
774 466 832 522 et
868 476 1096 521 merces
1112 467 1214 524 tua
1233 479 1458 535 magna
1477 466 1674 524 nimis.
1692 467 1871 525 Dixit-
1898 470 1948 523 A
1979 468 2104 528 dit:
2137 469 2341 526 Afacie
2356 468 2521 527 Sarai
2541 468 2965 532 dominmmeae
2977 472 3276 544 egofugio.
3299 475 3629 548 Dixitqueei

202 571 322 629 que
350 554 575 608 Abram
604 571 616 607 :
651 551 901 608 Domine
953 555 1124 618 Deus,
1171 554 1317 625 quid
1341 554 1514 611 dabis
1540 555 1731 613 mihi?
1756 572 1869 626 ego

199 645 425 702 vadam
446 640 896 713 absqueliberis
927 657 940 696 :
966 646 1020 698 et
1042 641 1200 700 ﬁlius
1232 645 1631 714 procuratoris
1651 646 1868 702 domus

200 749 375 802 meae,
404 733 513 791 iste
540 732 877 788 Damascus
917 730 1152 788 Eliezer.
1199 732 1559 806 Addiditque
1592 734 1817 792 Abram
1850 753 1864 790 :

203 823 340 882 Mihi
365 826 562 879 autem
590 835 716 876 non
742 819 958 876 dedisti
989 835 1227 888 semen;
1261 825 1316 878 et
1344 837 1479 878 ecce
1508 824 1866 882 vernaculus

205 925 405 981 meus,
435 911 606 967 heres
637 924 810 965 meus
829 909 1294 983 erit.Statimque
1313 926 1509 968 sermo
1533 913 1769 970 Domini
1784 913 1870 971 fa-

210 1003 341 1056 ctus
369 1004 460 1056 est
479 998 558 1054 ad
585 1013 747 1062 eum,
774 997 982 1053 dicens
1014 997 1177 1054 :Non
1206 998 1315 1056 erit
1339 999 1434 1055 hic
1478 1000 1650 1056 heres
1683 1004 1818 1058 tuus
1850 1018 1865 1058 :

213 1089 320 1146 sed
336 1089 436 1161 qui
455 1087 799 1158 egredietur
811 1087 884 1142 de
902 1090 1070 1143 utero
1084 1089 1416 1160 tuo,ipsum
1431 1089 1686 1146 habebis
1701 1091 1869 1148 here-

213 1179 370 1236 dem.
405 1177 744 1248 Eduuitque
764 1191 906 1232 eum
932 1175 1113 1242 foras,
1146 1180 1204 1233 et
1233 1177 1316 1234 ait
1343 1177 1422 1233 illi
1451 1178 1731 1250 :Suspice
1755 1195 1869 1236 coe-

211 1267 363 1329 lum,
396 1271 453 1322 et
475 1282 729 1321 numera
757 1265 976 1336 stellas,
1003 1266 1049 1320 si
1064 1271 1253 1337 potes.
1279 1267 1344 1322 Et
1363 1267 1510 1324 dixit
1530 1269 1618 1324 ei:
1647 1269 1739 1326 Sic
1761 1270 1871 1330 erit

216 1370 432 1411 semen
463 1360 647 1410 tuum.
680 1353 938 1410 Credidit
955 1354 1174 1413 Abram
1207 1356 1761 1426 Deo,etreputatum
1780 1362 1868 1414 est

207 1444 294 1499 illi
317 1444 394 1499 ad
409 1445 720 1514 justitiam.
745 1443 1015 1515 Dixitque
1032 1443 1112 1500 ad
1136 1458 1301 1504 eum:
1320 1445 1441 1513 Ego
1458 1445 1744 1500 Dominus
1765 1444 1868 1518 qui

205 1532 385 1589 eduxi
426 1537 480 1589 te
509 1531 584 1588 de
616 1533 695 1588 Ur
721 1531 1156 1597 Chaldaaorum,
1187 1538 1251 1588 ut
1287 1533 1494 1590 darem
1522 1533 1628 1590 tibi
1648 1537 1867 1592 terram

202 1621 403 1688 istam,
438 1626 496 1677 et
522 1621 864 1692 possideres
892 1636 1048 1677 eam.
1072 1622 1144 1676 At
1163 1621 1258 1677 ille
1281 1621 1361 1678 ait
1378 1639 1400 1676 ,ο
1423 1621 1672 1678 Domine
1688 1624 1863 1690 Deus,

201 1709 361 1765 unde
386 1710 540 1764 scire
561 1725 830 1780 possum,
849 1710 1013 1782 quod
1038 1725 1432 1781 possessurus
1451 1727 1585 1768 sum
1605 1727 1741 1767 eam
1757 1712 1784 1770 ?
1803 1715 1868 1769 Et

198 1798 511 1871 respondit
541 1798 836 1854 Dominus
868 1810 886 1860 ε
944 1800 1143 1864 Sume,
1175 1799 1380 1871 inquit,
1422 1799 1567 1860 mihi
1618 1816 1864 1860 vaccam

201 1889 518 1954 triennem,
548 1892 603 1944 et
629 1903 878 1959 capram
907 1888 1169 1954 trimam,
1219 1893 1276 1945 et
1298 1888 1542 1945 arietem
1568 1904 1866 1948 annorum

205 1978 407 2041 trium,
452 1981 737 2033 turturem
769 1991 1013 2048 quoque
1038 1981 1094 2034 et
1118 1977 1486 2036 columbam.
1518 1978 1627 2043 Qui
1657 1978 1865 2035 tollens

205 2066 489 2122 universa
516 2065 670 2132 haec,
693 2064 898 2121 divisit
925 2079 996 2123 ea
1037 2080 1142 2138 per
1187 2066 1476 2133 medium,
1507 2071 1564 2122 et
1582 2071 1864 2138 utrasque

206 2159 405 2228 partes
417 2159 632 2211 contra
649 2169 713 2211 se
730 2153 1081 2212 altrinsecus
1098 2155 1300 2226 posuit
1327 2172 1340 2215 :
1359 2170 1498 2212 aves
1516 2160 1718 2213 autem
1741 2171 1864 2212 non

205 2243 1001 2314 divisit.Descenderuntque
1015 2242 1284 2299 volucres
1298 2259 1477 2314 super
1487 2243 1865 2309 cadavera,et

203 2331 489 2401 abigebat
513 2347 616 2388 eas
633 2331 1152 2403 Abram.Cumque
1167 2331 1264 2388 Sol
1277 2332 1864 2406 occumberet,sopor

197 2422 365 2478 irruit
389 2436 574 2493 super
602 2420 906 2486 Abram,et
924 2420 1133 2477 horror
1159 2436 1417 2490 magnus
1436 2427 1492 2477 et
1513 2422 1860 2478 tenebrosus

208 2511 426 2568 invasit
446 2526 610 2566 eum.
640 2509 993 2582 Dictumque
1017 2513 1110 2566 est
1138 2510 1218 2568 ad
1243 2526 1417 2570 eum:
1450 2510 1606 2569 Scito
1631 2526 1861 2582 praeno-

198 2615 371 2658 scens
395 2597 569 2670 quod
595 2598 980 2670 peregrinum
1001 2598 1271 2656 futurum
1289 2599 1361 2655 sit
1382 2615 1587 2656 semen
1608 2603 1780 2660 tuum
1799 2599 1858 2657 in

194 2691 349 2743 terra
375 2703 503 2742 non
541 2701 672 2756 sua,
700 2686 1200 2757 etsubjicienteos
1215 2687 1562 2752 servituti,et
1595 2687 1863 2758 afﬂigant

189 2775 612 2850 quadragintis
646 2775 846 2833 annis.
873 2778 1295 2836 Verumtamen
1324 2782 1585 2846 gentem,
1622 2777 1716 2833 cui
1742 2791 1861 2833 ser-

185 2864 359 2922 vituri
379 2869 539 2928 sunt,
557 2879 670 2935 ego
695 2864 983 2936 judicabo
1015 2881 1030 2920 :
1065 2869 1121 2922 et
1143 2869 1280 2940 post
1304 2865 1687 2936 egredientur
1721 2880 1860 2928 cum

188 2969 415 3024 magna
431 2953 794 3010 substantia.
836 2955 917 3010 Tu
946 2957 1148 3011 autem
1177 2954 1290 3012 ibis
1320 2955 1400 3011 ad
1424 2958 1624 3026 patres
1652 2954 1861 3013 tuosin

192 3041 643 3114 pace,sepultus
664 3042 726 3097 in
747 3045 1047 3098 senectute
1059 3042 1634 3104 bona.Generatione
1659 3046 1860 3104 autem

206 3135 428 3204 quarta
445 3134 812 3186 revertentur
827 3130 946 3186 huc
968 3148 981 3186 :
1001 3131 1260 3187 necdum
1276 3133 1587 3204 completas
1609 3132 1861 3190 suntini-

205 3219 465 3293 quitates
491 3219 979 3278 Amorrhaeorum
1000 3235 1192 3292 usque
1222 3221 1300 3279 ad
1318 3237 1580 3294 praesens
1601 3226 1860 3293 tempus.

202 3309 347 3364 Cum
362 3322 507 3377 ergo
525 3307 909 3364 occubuisset
921 3307 1202 3373 Sol,facta
1211 3312 1300 3365 est
1320 3309 1511 3379 caligo
1525 3310 1859 3376 tenebrosa,

201 3401 258 3454 et
276 3396 561 3470 apparuit
587 3395 864 3454 clibanus
885 3395 1151 3463 fumans,
1177 3401 1232 3454 et
1251 3397 1488 3470 lampas
1507 3399 1659 3467 ignis
1680 3397 1862 3456 transi

199 3501 304 3544 ens
333 3488 490 3544 inter
525 3485 848 3546 divisiones
872 3486 1022 3546 illas.
1055 3491 1120 3544 In
1144 3486 1243 3545 illo
1272 3487 1368 3544 die
1394 3486 1622 3559 pepigit
1667 3487 1864 3546 Domi-

197 3590 313 3633 nus
340 3590 485 3632 cum
512 3571 740 3634 Abram
774 3573 991 3638 fmdus,
1023 3573 1227 3634 dicens
1253 3593 1266 3634 :
1304 3575 1529 3634 Semini
1558 3580 1662 3633 tuo
1700 3575 1862 3633 dabo

202 3669 425 3722 terram
444 3679 484 3722 a
509 3662 695 3719 ﬂuvio
721 3661 959 3735 (Egypti
974 3677 1167 3734 usque
1186 3662 1265 3721 ad
1291 3663 1542 3723 ﬂuvium
1571 3679 1864 3733 magnum

204 3749 594 3822 Euphratem,
632 3749 878 3815 Cineeos,
904 3753 962 3808 et
1000 3751 1328 3820 Cenezeeos,
1357 3751 1789 3816 Cethmonaeos,
1809 3754 1865 3809 et

208 3840 459 3904 Etheeos,
491 3844 546 3899 et
568 3839 937 3906 Pherezmos,
965 3840 1260 3912 Raphaim
1284 3854 1540 3912 quoque,
1575 3845 1631 3896 et
1657 3844 1864 3898 Amor—

197 3929 423 3997 rhaeos,
449 3930 679 3994 Evzeos,
701 3931 760 3986 et
790 3927 1179 3994 Chananeos,
1213 3931 1273 3984 et
1294 3929 1656 4000 Gergeseeos,
1689 3932 1746 3984 et
1771 3928 1865 3985 Je-

199 4017 476 4074 busaaos.
520 4017 695 4085 (Cap.
729 4015 878 4087 xvr.)
906 4016 1088 4085 Igitur
1114 4017 1300 4080 Sarai,
1334 4032 1480 4071 uxor
1502 4015 1866 4084 Ahram,n0n

200 4108 504 4177 genuerat
530 4104 640 4160 sibi
674 4103 896 4162 liberos
930 4123 942 4162 :
978 4103 1086 4162 sed
1135 4103 1368 4162 habens
1400 4103 1678 4164 ancillam
1697 4107 1868 4176 Egy-

201 4194 407 4266 ptiam
436 4191 672 4250 nomine
694 4198 868 4264 Agar,-
888 4192 1038 4250 dixit
1057 4191 1275 4249 marito
1307 4207 1441 4252 suo:
1472 4194 1616 4250 Ecce
1633 4192 1869 4250 conclu-

205 4282 288 4340 sit
314 4295 419 4338 me
440 4279 824 4352 Dominus,ne
837 4296 1110 4353 parerem
1132 4298 1146 4338 :
1171 4280 1477 4353 ingredere
1493 4281 1572 4340 ad
1589 4280 1868 4340 ancillam

201 4385 438 4434 meam,
463 4369 511 4426 si
534 4368 676 4429 forte
706 4370 918 4430 saltem
947 4385 1019 4428 ex
1036 4370 1137 4430 illa
1162 4369 1490 4441 suscipiam
1502 4369 1676 4426 ﬁlios.
1698 4369 1870 4426 Cum-

202 4475 325 4533 que
351 4459 449 4517 ille
479 4458 887 4531 acquiesceret
925 4458 1287 4531 deprecanti,
1316 4458 1446 4516 tulit
1468 4459 1625 4528 Agar
1654 4460 1870 4530 iEgyp-

1978 557 2237 630 Angelus
2261 558 2494 616 Domini
2522 575 2533 613 :
2560 561 2862 616 Revertere
2897 561 2968 616 ad
2999 559 3309 622 dominam
3353 569 3538 635 tuam,
3571 568 3630 626 et

1977 645 2296 702 humiliate
2313 648 2424 703 sub
2446 647 2814 704 manuillius.
2834 650 3151 706 Etrursum
3180 651 3623 723 :Multiplicans,

1978 734 2189 806 inquit,
2215 735 2625 808 multiplicabo
2647 753 2850 793 semen
2869 741 3062 808 tuum,
3082 742 3138 793 et
3159 753 3279 796 non
3293 742 3631 799 numerabi-

1978 827 2071 880 tur
2100 839 2221 895 praa
2251 825 2648 884 multitudine.
2673 827 2753 882 Ac
2773 825 3053 899 deinceps
3090 842 3102 881 :
3132 828 3402 893 Ecce,ait,
3422 845 3628 888 conce-

1978 912 2189 984 pisti,et
2201 914 2389 985 paries
2402 914 2619 973 ﬁlium:
2640 914 3005 985 vocabisque
3017 930 3239 972 nomen
3256 917 3384 989 ejus
3397 918 3626 984 lsmael,

1979 1015 2049 1056 eo
2065 1001 2230 1073 quod
2244 1002 2498 1062 audierit
2511 1003 2796 1059 Dominus
2809 1002 3190 1061 afﬂictionem
3206 1008 3391 1062 tuam.
3413 1006 3512 1062 Hic
3525 1006 3633 1066 erit

1977 1088 2135 1146 ferus
2164 1091 2368 1158 homo,
2403 1107 2620 1148 manus
2659 1092 2788 1162 ejus
2827 1095 3031 1149 contra
3061 1106 3269 1148 omnes
3315 1100 3372 1148 et
3407 1110 3628 1156 manus

1978 1183 2252 1240 omnium
2270 1186 2477 1238 contra
2503 1196 2668 1240 eum:
2691 1184 2748 1236 et
2771 1194 2802 1234 e
2827 1179 3067 1248 regione
3090 1180 3502 1239 universorum
3517 1183 3630 1240 fra-

1979 1278 2136 1330 trum
2167 1286 2414 1328 suorum
2426 1269 2567 1338 ﬁget
2579 1268 2982 1326 tabernacula.
3008 1268 3249 1326 Vocavit
3261 1275 3459 1327 autem
3476 1272 3632 1342 Agar

1976 1378 2198 1421 nomen
2229 1359 2465 1417 Domini
2484 1357 2586 1429 qui
2602 1357 2960 1428 loquebatur
2974 1357 3053 1413 ad
3073 1372 3233 1416 eam.
3267 1358 3627 1418 Dixitenim:

1977 1451 2240 1507 Profecto
2281 1449 2373 1508 hic
2402 1446 2527 1506 vidi
2555 1445 2885 1518 posteriora
2913 1445 3167 1502 videntis
3179 1462 3297 1506 me.
3324 1451 3634 1520 Propterea

1977 1537 2560 1612 appellavitputeum
2576 1534 2763 1600 illum,
2778 1536 3027 1592 Puteum
3045 1534 3296 1591 viventis
3307 1540 3365 1592 et
3378 1536 3631 1598 videntis

1975 1644 2092 1684 me.
2137 1628 2272 1699 Ipse
2297 1626 2549 1684 estinter
2569 1623 2757 1681 Gades
2784 1627 2840 1678 et
2866 1622 3080 1677 Barad.
3097 1625 3138 1692 ι
3155 1623 3266 1694 55
3286 1623 3632 1697 Peperitque

1975 1720 2132 1788 Agar
2157 1716 2329 1772 Abrae
2353 1714 2545 1770 ﬁlium
2580 1729 2590 1768 :
2619 1711 2722 1784 qui
2751 1711 2986 1766 vocavit
3014 1725 3234 1767 nomen
3247 1715 3375 1782 ejus
3397 1713 3628 1780 lsmael,

1977 1805 2286 1874 Octoginta
2309 1807 2363 1859 et
2376 1819 2478 1857 sex
2491 1815 2787 1857 annorum
2801 1798 3155 1856 eratAbram
3170 1801 3405 1869 quando
3417 1801 3630 1871 peperii

1979 1894 2032 1950 ei
2061 1895 2220 1963 Agar
2243 1891 2553 1946 lsmaelem
2567 1890 2744 1958 (Cap.
2772 1888 3273 1957 xv11.)Postquam
3294 1904 3435 1943 vero
3446 1904 3632 1945 nona-

1976 1982 2142 2051 ginta
2172 1987 2228 2038 et
2255 1996 2470 2037 novem
2493 1993 2790 2036 annorum
2813 1991 2942 2031 esse
2966 1980 3242 2046 coeperat,
3273 1977 3549 2048 apparuit
3577 1978 3630 2032 ei

1974 2070 2129 2126 Deus
2160 2069 2390 2134 dicens,
2407 2067 2676 2138 dixitque
2691 2064 2768 2122 ad
2793 2078 2960 2119 eum:
2989 2062 3107 2133 Ego
3121 2062 3408 2122 Dominus
3429 2065 3629 2124 omni-

1971 2163 2184 2231 potens
2212 2177 2225 2214 :
2256 2157 2502 2214 ambula
2527 2171 2731 2212 coram
2759 2169 2876 2219 me,
2931 2156 2987 2208 et
3007 2158 3135 2212 esto
3165 2154 3487 2224 perfectus.
3528 2157 3627 2209 Po-

1971 2262 2236 2320 namque
2273 2246 2469 2304 foedus
2489 2261 2689 2302 meum
2704 2244 2855 2301 inter
2867 2258 2963 2300 me
2986 2246 3128 2308 ette,
3147 2246 3203 2298 et
3218 2242 3626 2314 multiplicabo

1971 2341 2026 2394 te
2050 2337 2428 2394 vehementer
2451 2335 2654 2394 nimis.
2696 2331 2920 2392 Cecidit
2944 2330 3168 2390 Abram
3207 2345 3431 2401 pronus
3457 2331 3519 2387 in
3543 2330 3627 2386 fa-

1970 2425 2145 2483 ciem.
2170 2425 2441 2499 Dixitque
2457 2425 2677 2482 eiDeus
2704 2437 2844 2490 :ego
2869 2436 3021 2488 sum,
3041 2423 3097 2476 et
3135 2435 3360 2489 ponam
3381 2425 3626 2491 pactum

1969 2529 2174 2572 meum
2201 2513 2665 2584 tecum,erisque
2679 2514 2846 2582 pater
2868 2507 3186 2565 multarum
3214 2509 3626 2576 gentium.Nec

1969 2601 2123 2657 ultra
2133 2601 2443 2657 vocabitur
2462 2615 2683 2656 nomen
2697 2603 2757 2654 tu
2767 2614 2868 2654 um
2883 2599 3107 2655 Abram
3132 2615 3144 2653 :
3174 2599 3275 2653 sed
3295 2598 3621 2652 Abraham:

1970 2689 2112 2759 quia
2122 2692 2353 2758 patrem
2367 2685 2692 2742 multarum
2705 2685 2970 2752 gentium
2988 2685 3262 2744 constitui
3283 2689 3355 2740 te.
3366 2683 3626 2742 Faciam-

1972 2791 2087 2847 que
2101 2780 2152 2830 te
2167 2789 2433 2832 crescere
2453 2772 2997 2839 vehementissime,
3017 2778 3071 2828 et
3090 2787 3315 2843 ponam
3330 2774 3383 2825 te
3400 2770 3458 2826 in
3477 2784 3621 2837 gen-

1968 2863 2444 2933 tibus,regesque
2464 2876 2531 2915 ex
2549 2865 2602 2916 te
2615 2859 3081 2928 egredientur.Et
3102 2863 3359 2914 statuam
3381 2861 3622 2926 pactum

1969 2950 2446 3008 meuminterme
2463 2953 2519 3005 et
2549 2952 2689 3014 te,et
2736 2948 2887 3004 inter
2922 2963 3117 3005 semen
3153 2953 3346 3010 tuum,
3406 2948 3540 3016 post
3568 2948 3621 2999 te

1969 3039 2028 3094 in
2045 3036 2528 3109 generationibus
2548 3034 2674 3091 suis
2710 3034 2932 3094 fcadere
2991 3035 3354 3107 sempiterno
3385 3036 3482 3092 :ut
3510 3032 3617 3085 sim

1971 3128 2136 3188 Deus
2168 3131 2324 3195 tuus,
2359 3129 2416 3190 et
2439 3125 2652 3184 semini
2681 3129 2786 3182 tuo
2829 3129 2969 3196 post
2993 3128 3067 3184 te.
3121 3123 3405 3194 Dahoque
3444 3120 3547 3177 tibi
3568 3123 3625 3175 et

1972 3215 2186 3272 semini
2215 3219 2317 3272 tuo
2347 3218 2567 3274 terram
2581 3213 3072 3284 peregrinationis
3084 3255 3097 3278 ,
3129 3217 3244 3268 tuae
3260 3225 3503 3268 omnem
3516 3211 3626 3264 ter-

1970 3321 2103 3362 ram
2117 3304 2397 3361 Chanaan
2412 3303 2471 3358 in
2487 3302 2918 3374 possessionem
2933 3305 3454 3366 aeternam,eroque
3468 3297 3622 3351 Deus

1972 3406 2201 3448 eorum.
2246 3390 2398 3446 Dixit
2426 3389 2762 3459 iterumque
2788 3388 2942 3442 Deus
2976 3385 3054 3442 ad
3081 3383 3423 3438 Abraham:
3459 3383 3522 3436 Et
3558 3385 3624 3434 tu

1971 3494 2111 3550 ergo
2125 3477 2420 3534 custodies
2439 3481 2679 3549 pactum
2692 3489 2918 3540 meum,
2951 3475 3008 3528 et
3023 3484 3225 3526 semen
3237 3473 3400 3526 tuam
3416 3470 3548 3538 post
3566 3469 3622 3522 te

1969 3567 2027 3622 iu
2062 3564 2546 3636 generationibus
2566 3562 2843 3618 suis.Hoc
2866 3567 2951 3616 est
2975 3562 3215 3630 pactum
3239 3571 3441 3612 meum
3457 3552 3624 3626 quod

1971 3653 2364 3710 observabitis
2380 3653 2532 3706 inter
2550 3665 2645 3705 me
2669 3654 2724 3707 et
2745 3664 2872 3716 vos,
2893 3651 2949 3704 et
2969 3661 3173 3702 semen
3192 3651 3360 3700 tuum
3376 3647 3510 3713 post
3531 3645 3586 3696 te
3606 3657 3617 3695 :

1973 3740 2428 3797 Circumcidetur
2444 3753 2517 3794 ex
2531 3736 2702 3794 vobis
2714 3751 2892 3794 omne
2904 3733 3238 3791 masculum
3264 3749 3276 3787 :
3301 3736 3357 3788 et
3376 3730 3625 3785 circum-

1973 3830 2178 3886 cidetis
2209 3843 2453 3884 carnem
2484 3826 2758 3898 praeputii
2785 3825 3044 3889 vestri,et
3074 3823 3147 3880 sit
3171 3823 3231 3880 in
3259 3821 3496 3890 signum
3522 3817 3625 3872 fm-

1974 3919 2124 3974 deris
2152 3919 2302 3973 inter
2332 3932 2427 3972 me
2453 3921 2509 3971 et
2533 3930 2661 3972 vos.
2680 3913 2880 3970 Infans
2897 3918 3030 3970 octo
3056 3911 3288 3968 dierum
3315 3906 3624 3965 circumci-

1973 4007 2214 4064 deturin
2226 4005 2412 4069 vobis,
2438 4019 2615 4059 omne
2635 4001 3037 4060 masculinum
3059 4000 3120 4058 in
3143 3995 3624 4070 generationibus

1973 4096 2182 4153 vestris
2206 4112 2216 4151 :
2238 4100 2361 4151 tam
2379 4092 2970 4164 vernaculus,{quam
2993 4089 3295 4162 emptitius
3317 4083 3624 4144 circumci-

1974 4187 2163 4254 detur,
2187 4191 2242 4241 et
2270 4199 2668 4257 quaecumque
2693 4197 2815 4240 non
2845 4179 3152 4238 fuerintde
3179 4177 3358 4250 stirpe
3381 4180 3579 4232 vestra
3609 4189 3620 4226 :

1976 4275 2201 4347 eritque
2213 4278 2457 4346 pactum
2473 4287 2674 4327 meum
2697 4270 2756 4326 in
2771 4284 2949 4326 carne
2966 4272 3158 4326 vestra
3180 4266 3240 4324 in
3257 4263 3447 4322 foedus
3463 4266 3625 4317 aeter-

1973 4378 2141 4419 num.
2175 4361 2565 4431 Masculus,cu
2568 4361 2665 4431 jus
2685 4357 2960 4431 praaputii
2976 4372 3115 4416 caro
3132 4353 3485 4412 circumcisa
3501 4365 3624 4406 non

1975 4451 2167 4520 fuerit,
2189 4449 2482 4505 delebitur
2503 4449 2706 4504 anima
2727 4447 2828 4504 illa
2852 4445 2925 4503 de
2949 4444 3170 4520 populo
3189 4458 3330 4500 suo:
3357 4440 3496 4512 quia
3518 4453 3623 4508 pa-

204 4525 355 4608 tiam
373 4525 654 4606 ancillam
677 4563 873 4614 suam,
895 4525 1032 4620 post
1051 4562 1246 4606 annos
1268 4525 1679 4619 decemIq'uam
1703 4525 1870 4604 habi-
1898 4534 1944 4589 D
1976 4545 2136 4596 ctum
2149 4538 2592 4595 meumirritum
2605 4537 2756 4592 fecit.
2785 4536 3180 4609 Dixitquoque
3195 4533 3349 4588 Deus
3364 4525 3622 4620 adabra:

203 4642 333 4694 tare
358 4640 661 4709 ceperant
692 4637 753 4696 in
779 4640 934 4694 terra
963 4635 1272 4696 Chanaam
1301 4640 1392 4694 :et
1406 4636 1568 4694 dedit
1594 4652 1729 4694 eam
1742 4637 1868 4693 viro

207 4743 313 4784 suo
346 4741 619 4786 uxorem.
657 4725 767 4793 Qui
789 4725 1098 4796 ingressus
1127 4724 1310 4784 estad
1331 4740 1490 4782 eam.
1522 4724 1866 4782 Atillacon-

207 4815 435 4887 cepisse
449 4830 513 4872 se
529 4813 1045 4886 videns,despexit
1063 4813 1374 4870 dominam
1395 4813 1867 4885 suam.Dixitque

206 4904 370 4960 Sarai
405 4903 487 4958 ad
519 4902 747 4958 Abram
774 4921 785 4954 :
815 4902 1023 4974 Inique
1050 4902 1179 4972 agis
1197 4906 1403 4963 contra
1433 4917 1529 4960 me
1554 4917 1699 4972 :ego
1727 4901 1865 4958 dedi

205 4991 492 5050 ancillam
523 5006 730 5048 meam
761 4989 824 5048 in
848 4990 1049 5047 sinum
1076 4994 1266 5054 tuum,
1301 5005 1438 5062 quea
1465 4989 1671 5048 videns
1701 4989 1865 5061 quod

208 5080 573 5152 conceperit,
605 5078 920 5152 despectui
945 5094 1045 5136 me
1063 5078 1244 5138 habet
1275 5096 1289 5133 :
1324 5077 1553 5149 judicet
1577 5077 1863 5134 Dominus

208 5168 363 5224 inter
388 5184 488 5225 me
521 5172 578 5226 et
602 5172 678 5226 te.
707 5167 810 5225 Cui
829 5166 1140 5240 respondit
1167 5167 1392 5226 Abram
1425 5182 1436 5222 :
1463 5167 1630 5233 Ecce,
1656 5165 1868 5234 ait,an-

206 5255 346 5312 cilla
377 5256 553 5314 tuain
585 5259 1176 5326 manutuaest,utere
1207 5270 1277 5312 ea
1300 5259 1360 5310 ut
1383 5253 1544 5311 libet.
1560 5252 1866 5322 Afﬂigente

202 5344 388 5414 igitur
417 5360 554 5400 eam
595 5341 791 5409 Sarai,
821 5342 1027 5412 fugam
1072 5342 1216 5400 iniit.
1266 5345 1526 5414 Cumque
1551 5341 1869 5398 invenisset

201 5448 341 5489 eam
357 5432 624 5506 Angelus
643 5430 862 5488 Domini
871 5432 1044 5503 juxta
1055 5430 1268 5489 fontem
1281 5446 1447 5509 aquae
1459 5431 1518 5487 in
1533 5430 1868 5490 solitudine-

198 5536 343 5595 quae
371 5527 460 5578 est
483 5521 550 5579 in
571 5523 674 5580 via
704 5522 814 5578 Sur
841 5519 903 5575 in
926 5519 1183 5586 deserto,
1214 5518 1358 5576 dixit
1388 5518 1468 5580 ad
1495 5518 1659 5578 illam
1678 5537 1692 5576 :
1711 5520 1869 5589 Agar

199 5608 422 5669 ancilla
435 5608 797 5680 Sarai,unde
813 5607 974 5663 venis
989 5606 1016 5663 ?
1028 5610 1084 5665 et
1102 5621 1225 5679 quo
1238 5607 1407 5665 vadis
1429 5607 1456 5663 ‘I
1468 5622 1604 5680 quae
1622 5621 1869 5678 respon-

1974 4630 2116 4685 ham
2145 4646 2155 4684 :
2183 4628 2348 4685 Sarai
2377 4642 2624 4681 uxorem
2656 4630 2821 4680 tuam
2860 4638 2981 4678 non
3011 4620 3262 4678 vocabis
3295 4614 3481 4680 Sarai,
3518 4611 3623 4665 sed

1977 4720 2208 4774 Saram.
2243 4719 2310 4770 Et
2334 4714 2688 4770 benedicam
2724 4713 2795 4780 ei,
2830 4717 2975 4768 etex
2993 4709 3088 4766 illa
3117 4709 3271 4766 dabo
3301 4705 3406 4761 tibi
3431 4701 3622 4760 ﬁlium

1973 4807 2068 4860 cui
2102 4803 2522 4860 benedicturus
2543 4817 2696 4865 sum,
2732 4800 2956 4874 eritque
2986 4798 3047 4854 in
3064 4796 3354 4856 nationes,
3379 4796 3433 4846 et
3455 4805 3623 4860 reges

1971 4893 2334 4965 populorum
2346 4893 2606 4947 orientur
2618 4905 2689 4946 ex
2701 4904 2790 4946 eo.
2801 4886 3015 4944 Cecidit
3028 4883 3328 4940 Abraham
3343 4881 3403 4937 in
3417 4881 3625 4937 faciem

1974 4997 2169 5051 suam,
2210 4988 2264 5036 et
2288 4981 2412 5036 risit
2434 4980 2497 5034 in
2517 4978 2692 5033 corde
2712 4993 2841 5040 suo,
2872 4976 3072 5032 dicens
3097 4989 3110 5032 ;
3138 4972 3397 5030 Putasne
3424 4976 3622 5026 cente-

1970 5071 2140 5127 nario
2169 5072 2447 5126 nascetur
2476 5066 2631 5121 ﬁlius
2653 5067 2680 5121 ‘?
2711 5071 2767 5122 et
2790 5067 2935 5128 Sara
2959 5061 3376 5134 nonagenaria
3394 5059 3624 5134 pariet?

1973 5159 2246 5230 Dixitque
2268 5156 2344 5212 ad
2361 5155 2678 5209 Dominum
2709 5173 2720 5208 :
2747 5153 2986 5209 Utinam
3007 5151 3217 5210 lsmael
3240 5152 3395 5208 vivat
3421 5160 3621 5202 coram

1973 5252 2046 5304 te.
2075 5249 2138 5302 Et
2167 5246 2249 5300 ait
2279 5244 2566 5300 Dominus
2605 5243 2681 5299 ad
2730 5241 3034 5298 Abraham
3077 5261 3089 5296 :
3141 5245 3284 5299 Sara
3344 5248 3490 5292 uxor
3526 5236 3622 5284 tua

1972 5335 2163 5411 pariet
2190 5334 2293 5389 tibi
2323 5333 2530 5398 ﬁlium,
2557 5331 2917 5404 vocabisque
2950 5346 3171 5386 nomen
3203 5329 3330 5395 ejus
3361 5326 3537 5379 lsaac,
3568 5321 3624 5372 et

1974 5424 2330 5481 constituam
2344 5426 2573 5494 pactum
2587 5438 2790 5476 meum
2805 5421 2885 5476 illi
2906 5421 2965 5476 in
2989 5418 3178 5474 foedus
3197 5411 3496 5480 sempitern
3507 5421 3620 5471 um,

1973 5519 2031 5571 et
2050 5513 2261 5569 semini
2278 5512 2327 5582 ej
2340 5529 2404 5567 us
2421 5516 2554 5583 post
2567 5527 2704 5567 eum
2719 5553 2731 5565 .
2756 5511 2942 5579 Super
2958 5501 3418 5572 lsmaelquoque
3434 5510 3617 5551 exau-

1975 5603 2094 5660 divi
2126 5607 2180 5658 te
2209 5621 2220 5661 :
2256 5616 2411 5666 ecce,
2429 5599 2783 5657 benedicam
2812 5595 2886 5658 ei,
2920 5597 2975 5649 et
3003 5588 3231 5659 augebo
3262 5589 3317 5642 et
3341 5583 3622 5658 multipli-
