4102 6176
441 282 548 343 287

1680 259 2137 324 BREVIARIUM
2175 256 2569 319 GOTHICUM.

3722 260 3829 316 288

444 405 595 462 cabo
624 416 764 458 eum
791 398 966 456 valde
993 417 1005 457 :
1039 395 1361 454 duodecim
1396 392 1579 449 duces
1613 386 2100 462 generabit,etfa-
2125 393 2170 446 A
2272 384 2659 456 Suppuratio.
2688 383 2937 443 Oremus
2980 384 3044 438 ut
3071 394 3181 436 nos
3205 382 3592 437 sacrosancto
3616 381 3858 453 jejunio

445 495 601 551 ciam
626 491 795 547 illum
828 503 1084 547 crescere
1114 487 1174 542 in
1214 488 1455 556 gentem
1487 496 1793 553 magnam.
1850 478 2096 534 Pactum
2204 479 2469 548 tempore
2526 473 3027 543 Quadragesimee.
3104 468 3401 539 Capitula.
3457 469 3860 543 Omnipotens

444 598 585 638 vero
602 597 803 637 meum
831 583 1088 634 statuam
1110 575 1189 631 ad
1210 578 1395 643 Isaac,
1420 588 1605 645 quem
1620 570 1808 643 pariet
1827 567 1933 625 tibi
1952 567 2099 621 Sara

447 676 714 745 tempore
739 670 853 725 isto
893 668 953 723 in
979 681 1139 723 anno
1171 664 1385 721 altero.
1428 674 1492 734 Βε.
1535 666 1743 717 Amen.

519 760 870 830 Antiphona
904 762 951 813 1.
986 755 1175 813 Simul
1192 755 1253 810 in
1288 768 1479 809 unum
1538 750 1703 807 dives
1730 752 1785 806 et
1825 761 2050 820 pauper
2084 762 2096 800 :

451 850 693 907 auribus
709 844 1106 919 percipite;qui
1118 842 1391 899 habitatis
1405 839 1905 897 orbem.Psalmus
1915 852 2096 892 XLVIII.

524 939 748 995 Oratio.
776 934 1035 990 Audiant
1060 931 1237 987 simul
1264 933 1319 987 te
1348 930 1598 986 Domine
1619 942 1830 984 omnes
1858 928 2061 995 gentes
2087 939 2100 987 ;

453 1028 613 1083 dives
653 1040 722 1081 ac
750 1037 981 1094 pauper
1006 1036 1213 1076 aurem
1247 1018 1352 1075 tibi
1371 1017 1567 1074 cordis
1597 1013 2057 1071 accommodent
2086 1028 2100 1066 :

454 1114 656 1183 ibique
669 1110 941 1166 omnium
955 1108 1034 1163 ad
1046 1107 1226 1162 ﬁdem
1239 1108 1599 1178 praeparetur
1610 1101 1974 1170 auditio,quo
1992 1097 2106 1153 sal-

454 1200 670 1257 vandis
700 1196 1059 1270 promittitur
1093 1194 1299 1265 gratia:
1331 1192 1657 1266 plenitudo.
1691 1201 1758 1262 Βι.
1787 1191 1995 1244 Amen.

528 1289 637 1343 Per
666 1285 1141 1343 misericordiam
1168 1288 1358 1349 tuam,
1389 1282 1564 1347 Deus,
1596 1284 1704 1336 etc.

527 1376 882 1445 Antiphona
908 1378 964 1429 2.
997 1372 1225 1428 Exaudi
1244 1388 1379 1437 nos,
1412 1371 1567 1426 Deus
1594 1366 1865 1425 salutaris
1888 1366 2103 1432 noster,

461 1479 600 1536 spes
622 1464 895 1519 omnium
924 1461 1135 1516 ﬁnium
1169 1465 1357 1516 terrm.
1388 1459 1676 1517 Psalmus
1700 1472 1856 1512 Lx1v.

535 1552 760 1607 Oratio.
789 1550 1014 1607 Exaudi
1040 1565 1152 1605 nos
1178 1552 1331 1605 Deus
1354 1547 1629 1603 salutaris
1642 1548 1880 1615 noster;
1904 1557 1974 1599 ac
1998 1556 2110 1597 nos

463 1645 569 1696 tua
592 1640 799 1695 virtute
822 1639 1119 1710 praecinge
1137 1653 1148 1691 :
1166 1638 1434 1708 dumque
1447 1635 1586 1690 ﬁdei
1604 1638 1883 1705 optamus
1904 1630 2111 1685 solidi-

2208 564 2563 620 semditerne
2595 564 2777 621 Deus.
2798 563 2845 633 f.
2876 565 2965 617 94.

2277 648 3313 721 BenedictioBenedicatomnipotens
3326 647 3601 703 Dominus
3615 665 3869 721 praesen-

2209 742 2761 814 temfamiliam,qui
2777 740 2967 797 crucis
2987 737 3240 811 portavit
3260 736 3861 807 injuriam.R-.Amen.

2210 835 2344 906 Ipse
2370 847 2480 888 vos
2499 830 2785 903 perducat
2798 829 3032 886 coeleste
3048 827 3110 883 in
3134 840 3415 896 regnum,
3439 827 3545 898 qui
3570 828 3869 901 pependit

2209 922 2269 977 in
2298 921 2479 993 ligno.
2508 922 2937 991 BuAmeanse
2954 916 3033 973 ad
3061 916 3368 971 dexteram
3386 914 3576 971 Patris
3607 932 3717 973 vos
3739 915 3867 973 col-

2210 1010 2381 1075 locet,
2414 1010 2517 1082 qui
2543 1025 2728 1065 causa
2754 1007 2929 1064 nobis
2953 1006 3143 1062 factus
3167 1008 3254 1061 est
3294 1005 3481 1076 pacis.
3522 1016 3589 1073 Βτ.
3627 1009 3853 1062 Amen.

2284 1098 2394 1153 Per
2419 1095 2912 1153 misericordiam.

2283 1185 2509 1241 Lauda.
2541 1183 2889 1251 Gloriemur,
2916 1181 3191 1238 Domine.
3227 1181 3449 1237 Oratio.
3500 1180 3703 1239 Salvos
3739 1196 3866 1238 nos

2214 1274 2327 1330 fac.
2355 1273 2461 1343 fol.
2495 1273 2611 1328 151.

2816 1376 2975 1417 FERIA
3022 1376 3245 1424 QUARTA
3255 1403 3265 1413 .

2780 1450 2875 1505 Ad
2901 1448 3290 1505 Matutt'num.

2286 1539 2660 1610 Antiphona.
2692 1538 2886 1595 Gloria
2913 1553 3050 1594 mea
3091 1537 3358 1593 exaltans
3414 1541 3597 1609 caput
3638 1552 3869 1593 meum.

2216 1633 2367 1686 Voce
2392 1645 2528 1686 mea
2542 1630 2620 1685 ad
2636 1629 2956 1685 Dominum
2971 1626 3229 1683 clamavi
3257 1643 3270 1682 :
3286 1630 3342 1683 et
3359 1625 3666 1682 exaudivit
3678 1642 3777 1682 me
3793 1628 3871 1682 de

460 1732 660 1791 tatem,
694 1726 821 1798 spei
845 1741 1186 1781 mereamur
1211 1726 1569 1797 quietem,et
1600 1721 1887 1777 charitate
1910 1733 2111 1791 perve—
2140 1718 2180 1771 Β
2217 1722 2413 1774 monte
2442 1721 2647 1773 sancto
2678 1733 2807 1773 suo.
2839 1717 3113 1772 Psalmus
3138 1731 3218 1771 111.

458 1816 699 1871 niamus
729 1814 808 1870 ad
832 1814 1126 1886 requiem.
1178 1825 1240 1882 Βε.
1275 1814 1482 1867 Amen.

534 1905 660 1959 Per.

532 1992 877 2062 Antiphona
912 1996 961 2046 3.
1004 1992 1183 2047 Dicite
1236 1994 1356 2046 Deo
1391 2010 1402 2048 :
1431 1990 1622 2055 Quam
1672 1985 1952 2043 terribilia
1973 1988 2113 2039 sunt

463 2080 843 2151 operatualin
856 2080 1289 2135 multitudinem
1302 2078 1537 2134 virtutis
1555 2075 1969 2132 tuae.Psalmus
1980 2089 2109 2128 va.

532 2168 814 2239 Hymnus.
842 2170 886 2222 Ο
912 2170 1206 2223 Nazarene
1245 2208 1257 2221 .
1285 2168 1399 2237 fol.
1433 2168 1551 2221 144.

535 2256 837 2326 Capitula.
862 2259 1028 2313 Dona
1048 2256 1224 2312 nobis
1245 2255 1517 2319 Domine,
1548 2259 1614 2310 ut
1632 2269 1764 2320 nos,
1787 2252 1890 2324 qui
1918 2254 1972 2306 te
1992 2265 2112 2306 cre-

463 2343 681 2415 dendo,
724 2345 974 2400 domum
1010 2350 1171 2401 tuam
1202 2344 1265 2399 in
1308 2343 1678 2401 holocaustis
1718 2338 2107 2411 ingredimur,

462 2433 671 2488 dicatis
706 2432 811 2488 tibi
832 2432 1131 2504 operibus,
1151 2449 1219 2489 ac
1238 2432 1593 2488 mortiﬁcato
1621 2444 1870 2502 corpore
1893 2427 2109 2483 servia-

463 2538 600 2577 mus
628 2542 639 2580 :
670 2522 871 2593 sicque
914 2538 1035 2577 non
1080 2536 1364 2577 amoveas
1395 2519 1726 2575 orationem
1758 2522 2023 2573 nostram
2057 2519 2113 2570 et

464 2610 937 2666 misericordiam
965 2614 1129 2664 tuam
1160 2625 1197 2665 a
1222 2608 1431 2673 nobis;
1473 2607 1619 2661 dum
1637 2622 1702 2661 ea
1736 2605 1979 2677 inspicis
2010 2618 2109 2675 pe-

465 2706 602 2763 tere,
628 2713 764 2768 quae
794 2696 970 2752 nobis
1009 2696 1302 2768 prospicis
1341 2695 1676 2750 convenire.

536 2788 706 2841 Pater
732 2788 950 2840 noster.
981 2786 1026 2839 Α
1068 2784 1231 2840 malo
1263 2799 1376 2839 nos
1398 2782 1605 2838 libera.
1633 2782 1744 2852 fol.
1778 2785 1860 2838 lO.

1048 2872 1146 2927 An’
1183 2873 1521 2942 Vesperum.

535 2961 765 3017 Lauda.
798 2960 1155 3015 llluminatio
1184 2977 1321 3016 mea
1359 2965 1417 3015 et
1441 2960 1603 3015 salus
1629 2973 1765 3013 mea
1792 2957 2101 3013 Dominus.

534 3048 823 3101 Dominus
857 3048 929 3100 sit
966 3062 1201 3116 semper
1219 3046 1555 3102 vobiscum.
1591 3056 1655 3115 ἢν.
1684 3047 1931 3100 Etcum.

534 3131 903 3201 Antz'phona.
914 3131 1119 3186 Salvos
1132 3148 1241 3187 nos
1268 3132 1445 3187 faciat
1456 3132 1701 3187 dextera
1714 3132 2115 3197 tua,etexaudi

463 3235 601 3277 nos.
637 3222 790 3274 Deus
818 3218 1051 3274 locutus
1077 3223 1167 3274 est
1203 3219 1265 3274 in
1294 3224 1500 3275 sancto
1527 3234 1656 3274 suo.
1686 3219 1959 3275 Psalmus
1984 3236 2105 3276 1.1x.

2289 1807 2515 1862 Oratio.
2544 1806 2738 1862 Gloria
2758 1809 2980 1871 nostra,
3002 1804 3158 1859 Deus
3172 1806 3391 1870 noster,
3420 1803 3500 1859 da
3519 1803 3789 1870 nobis,ut
3805 1805 3869 1859 in

2217 1900 2271 1951 te
2301 1895 2426 1950 sine
2454 1894 2573 1950 ﬁne
2599 1894 2921 1964 gloriemur
2950 1909 2961 1948 :
2994 1907 3271 1964 quosque
3299 1891 3489 1947 fecisti
3528 1892 3602 1947 de
3655 1891 3869 1963 capitis

2217 1983 2573 2039 exultatione
2605 1982 2912 2051 sublimes,
2935 1996 3309 2053 quaesumus,
3340 1983 3405 2035 ut
3433 1979 3660 2035 efﬁcias
3685 1980 3762 2034 de
3784 1984 3871 2035 to-

2215 2070 2333 2127 tius
2357 2070 2623 2143 corporis
2644 2074 3063 2126 consummata
3075 2069 3261 2124 salute
3289 2068 3873 2124 securos.Elevetab—

2212 2159 2531 2231 jectionem
2562 2164 2833 2215 nostram
2865 2163 2967 2213 tua
2991 2173 3216 2228 magna
3244 2156 3535 2213 celsitudo
3568 2174 3581 2211 :
3620 2162 3703 2219 ut,
3762 2157 3869 2229 qui

2216 2247 2532 2303 humilitate
2544 2250 2644 2303 tua
2659 2263 2694 2303 a
2706 2247 2949 2302 terrenis
2960 2245 3245 2316 erigimur,
3266 2244 3396 2301 exal
3407 2245 3625 2301 tatione
3648 2260 3872 2317 qquue

2216 2339 2320 2391 tua
2346 2336 2425 2391 ad
2454 2335 2717 2392 coelestia
2746 2335 2988 2407 pervehi
3017 2349 3375 2390 mereamur.
3416 2344 3482 2403 It.
3515 2334 3726 2389 Amen.

2288 2425 2399 2481 Per
2411 2467 2423 2481 .

2285 2515 2637 2584 Antiphona
2668 2518 2716 2570 1.
2743 2516 3040 2571 Conserva
3057 2528 3169 2569 nos
3202 2512 3471 2577 Domine,
3492 2513 3785 2586 quoniam
3808 2513 3874 2569 in

2219 2606 2274 2659 te
2305 2619 2637 2675 speramus.
2684 2606 2768 2659 Tu
2800 2602 2986 2669 enim,
3020 2601 3292 2665 Domine,
3323 2616 3464 2674 pars
3519 2601 3872 2658 hereditatis

2218 2697 2457 2750 nostrae.
2500 2693 2770 2748 Psalmus
2808 2710 2908 2749 xv.

2292 2783 2823 2839 Oratio.Conserva
2849 2797 2958 2837 nos
2982 2781 3231 2837 Domine
3252 2781 3312 2836 in
3336 2781 3546 2837 timore
3570 2796 3725 2853 ;quo
3742 2779 3870 2836 dili-

2222 2872 2310 2941 gis
2330 2877 2417 2937 ;et
2435 2887 2471 2927 a
2495 2872 2722 2942 peccati
2735 2871 3089 2942 contagione
3104 2885 3215 2925 nos
3246 2884 3492 2941 separa:
3514 2869 3873 2941 ut,quiabo-

2219 2975 2438 3016 norum
2448 2964 2789 3015 nostrorum
2801 2974 2922 3015 non
2932 2958 3364 3029 indiges,tuoru
3374 2975 3428 3013 m
3439 2972 3547 3013 nos
3562 2956 3873 3013 donorum

2146 3068 2187 3124 (ς,
2225 3049 2520 3106 adsocies.
2546 3059 2611 3119 3;.
2640 3049 2850 3103 Amen.

2294 3139 2429 3193 Per.

2293 3224 2695 3294 Antiphona2.
2730 3222 2984 3289 Quaerite
3013 3224 3357 3287 Dominum,
3388 3227 3445 3281 et
3472 3224 3630 3280 vivet
3656 3223 3864 3281 anima

537 3309 759 3365 Lauda.
790 3310 875 3364 Tu
905 3308 1224 3374 mandasti,
1252 3308 1539 3365 mandata
1577 3312 1679 3364 tua
1715 3308 1778 3362 P.
1808 3308 2114 3364 Custodire
2222 3318 2438 3371 vestra.
2466 3313 2729 3369 Psalmus
2760 3328 2983 3368 vanu.

465 3398 665 3464 nimis,
702 3401 855 3454 Deus
879 3413 1051 3453 meus
1078 3396 1140 3457 ἵ.
1178 3399 1413 3454 Utinam
1443 3397 1773 3467 dirigantur
1800 3397 1915 3453 viae
1940 3414 2111 3465 meae,

467 3489 545 3545 ad
575 3487 996 3544 custodiendas
1013 3486 1471 3557 justiﬁcationes
1503 3492 1661 3543 tuas.
1691 3488 1752 3540 P.
1780 3487 2113 3545 Custodire.

466 3576 527 3635 ἲν.
571 3574 787 3640 Gloria,
826 3579 883 3629 et
909 3574 1103 3631 honor
1130 3576 1308 3631 Patri.
1341 3576 1405 3630 P.
1434 3574 1757 3633 Custodire.

1152 3664 1444 3735 Hymnus.

718 3751 940 3807 Christe
960 3751 1164 3808 lumen
1191 3757 1548 3825 perpetuum

644 3842 974 3909 Astrorum,
1008 3841 1204 3911 fulgor
1243 3841 1531 3911 siderum,

645 3932 887 3986 Noctem
924 3934 1196 3987 nostram
1222 3929 1516 4000 illumina,

646 4020 942 4075 Conserva
970 4035 1116 4090 pura
1142 4024 1402 4091 pectora.

715 4108 899 4163 Nullis
927 4108 1166 4163 incedat
1183 4107 1432 4180 laqueis.

654 4199 696 4267 1
712 4197 825 4270 56
857 4196 1039 4253 Nullis
1059 4201 1336 4268 gravetur
1362 4196 1655 4261 hostibus,

646 4288 761 4342 Nec
784 4286 1113 4342 maculetur
1138 4302 1354 4359 corpus

646 4375 920 4432 Lascivia
947 4391 1054 4447 per
1082 4391 1383 4448 soporem.

716 4464 956 4520 Custodi
984 4464 1169 4520 corda
1195 4464 1471 4521 omnium

642 4553 1050 4625 Fideliumque
1075 4555 1343 4611 maxima

642 4642 1007 4698 Protectione
1032 4643 1277 4715 propria

639 4732 780 4797 Tua,
810 4730 1051 4796 Christe,
1082 4732 1363 4803 potentia.

708 4822 777 4875 Ut
806 4819 1130 4890 gratuletur
1162 4820 1367 4877 anima

638 4907 868 4962 Vidisse
898 4908 1094 4964 lucem
1122 4924 1496 4983 prosperam,

640 4995 922 5067 lmplesse
950 5002 1089 5053 vota
1117 4997 1321 5054 debita

637 5085 963 5141 Reddenda
991 5086 1112 5152 tibi,
1146 5088 1421 5145 Trinitas.

711 5175 830 5231 Deo
858 5174 1015 5229 Patri
1047 5174 1120 5227 sit
1145 5174 1351 5243 gloria,

636 5264 895 5334 Ejusque
935 5260 1041 5315 soli
1069 5259 1209 5314 Filio

636 5353 784 5407 Cum
826 5349 1040 5421 Spiritu
1075 5348 1357 5405 Paraclito

638 5444 702 5495 in
731 5440 1091 5511 sempiterna
1112 5436 1352 5495 saecula.

712 5530 927 5582 Amen.

2295 3403 2514 3458 Oratio.
2569 3400 2986 3467 Qumrentibus
3033 3404 3108 3467 te,
3132 3401 3401 3472 Domine,
3434 3400 3615 3457 vitam
3652 3400 3875 3456 animae

2220 3496 2438 3549 nostrae
2461 3491 2837 3562 temetipsum
2857 3490 3124 3563 imperti;
3157 3490 3375 3547 exaudi
3394 3505 3687 3564 pauperes
3712 3494 3873 3556 tuos,

2221 3581 2325 3654 qui
2362 3580 2509 3636 nihil
2535 3596 2658 3652 prae
2688 3596 2796 3637 sua
2829 3580 3079 3652 justitia,
3122 3579 3227 3635 sed
3255 3584 3355 3635 tuo
3408 3578 3713 3652 replentur
3740 3594 3877 3635 mu-

2220 3685 2393 3736 nere;
2433 3673 2538 3725 tua
2560 3669 2799 3725 aluntur
2828 3668 3180 3740 substantia,
3214 3672 3319 3724 tua
3346 3668 3536 3739 gratia
3553 3673 3876 3740 protegan-

2222 3761 2335 3814 tur.
2370 3759 2485 3813 Nec
2497 3756 2790 3829 despicias
2804 3756 3055 3824 vinctos,
3077 3770 3338 3827 quorum
3359 3759 3413 3811 te
3444 3756 3748 3827 suspirant
3763 3757 3873 3810 De-

2222 3845 2470 3912 sideria;
2499 3860 2759 3917 quorum
2787 3844 2894 3900 tibi
2929 3843 3184 3900 aderunt
3212 3843 3469 3911 animae;
3499 3848 3865 3915 tuorumque

2220 3934 2420 3991 studia
2450 3933 2672 4005 jugiter
2708 3935 3170 4006 prosequuntur.
3211 3942 3276 4003 B1.
3309 3936 3515 3988 Amen.

2290 4023 2419 4079 Per.

2290 4112 2638 4181 Antiphona
2651 4115 2702 4167 3.
2720 4114 2786 4166 In
2801 4110 3168 4182 adjutorium
3194 4113 3468 4167 nostrum
3490 4109 3879 4178 intende,Do-

2220 4200 2380 4256 mine
2408 4217 2422 4255 :
2453 4200 2534 4256 ad
2558 4199 2969 4271 adjuvandum
3000 4215 3097 4255 me
3125 4199 3359 4255 festina.
3401 4200 3673 4257 Psalmus
3701 4215 3866 4256 LXII.

2293 4288 2766 4345 Oratio.lntende
2781 4288 2844 4343 in
2855 4288 2952 4358 adj
2962 4289 3223 4343 utorium
3245 4293 3519 4345 nostrum
3538 4287 3810 4354 Domine,
3823 4291 3880 4343 et

2219 4381 2284 4433 ut
2298 4376 2665 4447 nosadjuves
2678 4375 2926 4431 festinus
2943 4376 3264 4447 aggredere
3302 4396 3319 4430 :
3351 4376 3545 4433 tribue
3582 4376 3736 4431 vires
3771 4392 3879 4433 ex-

2218 4465 2417 4537 plendi
2434 4480 2569 4538 quae
2597 4464 2875 4520 novimus
2901 4464 3325 4537 ;etperfectum
3340 4465 3568 4537 deputa
3590 4464 3754 4537 quod
3771 4480 3880 4537 op.

2217 4559 2447 4611 tamus:
2476 4556 2561 4623 ut,
2584 4553 2732 4609 dum
2747 4568 2925 4625 opere
2942 4557 3043 4610 tuo
3067 4554 3247 4610 tuain
3266 4553 3442 4610 nobis
3464 4556 3881 4625 pmceptaper-

2216 4642 2561 4711 feceris,tibi
2586 4640 2820 4699 laudem
2835 4641 3086 4713 deputes
3105 4658 3116 4697 :
3134 4641 3209 4697 de
3234 4641 3449 4698 effectu
3462 4646 3567 4699 tuo
3582 4656 3697 4698 nos
3711 4641 3879 4697 exal-

2215 4736 2411 4788 temur
2431 4730 2755 4803 inpraemio
2785 4748 2797 4787 :
2830 4735 2885 4786 te
2914 4730 3105 4786 nostri
3132 4730 3482 4801 magniﬁcet
3501 4730 3702 4801 operis
3736 4744 3871 4787 rec-

2215 4819 2407 4876 titudo
2439 4836 2451 4874 :
2480 4834 2591 4875 nos
2610 4824 2715 4876 tua
2741 4818 2967 4876 attollat
2999 4818 3422 4876 remuneratio.
3455 4829 3525 4889 Ro
3539 4819 3755 4876 Amen.

2286 4908 2398 4964 Per
2426 4907 2919 4965 misericordiam.

2286 5008 2350 5066 BI.
2371 4996 2697 5063 Lavamini,
2730 4996 2941 5052 mundi
2961 4999 3168 5061 estote,
3203 4996 3427 5053 auferte
3455 4996 3687 5052 malum
3707 4997 3879 5069 cogi-

2215 5087 2510 5142 tationum
2522 5090 2855 5142 vestrarum
2883 5085 2961 5141 ab
2981 5084 3169 5143 oculis
3183 5085 3362 5141 meis:
3386 5084 3671 5157 quiescite
3697 5100 3881 5155 agere

2216 5190 2488 5247 perverse
2520 5192 2533 5229 :
2549 5174 2761 5230 discite
2772 5172 3729 5246 henefacere,qua3ritejudicium,
3740 5174 3886 5230 sub-

2216 5263 2412 5318 venite
2426 5263 2747 5334 oppressis,
2752 5262 3016 5333 judicate
3029 5261 3281 5335 pupillo,
3302 5261 3601 5318 defendite
3615 5261 3859 5318 viduam
3870 5301 3883 5312 .

2218 5351 2284 5405 P.
2302 5349 2361 5404 Si
2387 5348 2709 5415 volueritis,
2736 5356 2793 5407 et
2806 5351 3130 5417 audieritis,
3153 5350 3317 5408 bona
3332 5354 3501 5407 terrae
3527 5350 3885 5417 comedetis,

2219 5436 2361 5494 dicit
2393 5436 2700 5494 Dominus.
2730 5439 2794 5501 7F.
2816 5440 2874 5495 Si
2897 5439 3114 5496 fuerint
3129 5443 3581 5513 peccatavestra
3604 5443 3670 5495 ut
3686 5440 3882 5496 cocci-

2228 5524 2576 5599 num,quasi
2602 5527 2723 5594 nix,
2760 5527 3200 5586 dealbabuntur
3231 5545 3246 5596 ;
3276 5528 3400 5586 etsi
3427 5527 3644 5586 fuerint
3692 5528 3889 5588 rubra
