  <div class='ocr_page' id='page_1' title='image "/cluster/home/n/w/nwhite01/storage/ocr_20150623/86/hvd.32044054758909/151.png"; bbox 0 0 4102 6176; ppageno 0'>
   <div class='ocr_carea' id='block_1_1' title="bbox 460 178 560 239">
    <p class='ocr_par' dir='ltr' id='par_1_1' title="bbox 460 178 560 239">
     <span class='ocr_line' id='line_1_1' title="bbox 460 178 560 239; baseline -0.03 0"><span class='ocrx_word' id='word_1_1' title='bbox 460 178 560 239; x_wconf 80' lang='grc'>291</span> 
     </span>
    </p>
   </div>
   <div class='ocr_carea' id='block_1_2' title="bbox 1731 160 2617 223">
    <p class='ocr_par' dir='ltr' id='par_1_2' title="bbox 1731 160 2617 223">
     <span class='ocr_line' id='line_1_2' title="bbox 1731 160 2617 223; baseline -0.005 -2"><span class='ocrx_word' id='word_1_2' title='bbox 1731 162 2184 223; x_wconf 81' lang='lat' dir='ltr'>BREVIARIUM</span> <span class='ocrx_word' id='word_1_3' title='bbox 2226 160 2617 221; x_wconf 88' lang='lat' dir='ltr'>GOTHICUM.</span> 
     </span>
    </p>
   </div>
   <div class='ocr_carea' id='block_1_3' title="bbox 3759 154 3876 211">
    <p class='ocr_par' dir='ltr' id='par_1_3' title="bbox 3759 154 3876 211">
     <span class='ocr_line' id='line_1_3' title="bbox 3759 154 3876 211; baseline 0 0"><span class='ocrx_word' id='word_1_4' title='bbox 3759 154 3876 211; x_wconf 82' lang='lat'>292</span> 
     </span>
    </p>
   </div>
   <div class='ocr_carea' id='block_1_4' title="bbox 466 278 3874 372">
    <p class='ocr_par' dir='ltr' id='par_1_4' title="bbox 466 278 3874 372">
     <span class='ocr_line' id='line_1_4' title="bbox 466 278 3874 372; baseline -0.008 -11"><span class='ocrx_word' id='word_1_5' title='bbox 466 305 526 364; x_wconf 59' lang='lat' dir='ltr'>tt.</span> <span class='ocrx_word' id='word_1_6' title='bbox 564 306 631 359; x_wconf 83' lang='lat' dir='ltr'>Et</span> <span class='ocrx_word' id='word_1_7' title='bbox 660 303 738 359; x_wconf 89' lang='lat' dir='ltr'>ab</span> <span class='ocrx_word' id='word_1_8' title='bbox 768 300 976 358; x_wconf 91' lang='lat' dir='ltr'>alienis</span> <span class='ocrx_word' id='word_1_9' title='bbox 1005 312 1181 372; x_wconf 90' lang='lat' dir='ltr'>parce</span> <span class='ocrx_word' id='word_1_10' title='bbox 1217 294 1399 352; x_wconf 87' lang='lat' dir='ltr'>servis</span> <span class='ocrx_word' id='word_1_11' title='bbox 1429 294 1563 349; x_wconf 88' lang='lat' dir='ltr'>tuis.</span> <span class='ocrx_word' id='word_1_12' title='bbox 1595 291 1665 348; x_wconf 91' lang='lat' dir='ltr'>P.</span> <span class='ocrx_word' id='word_1_13' title='bbox 1707 291 1925 351; x_wconf 87' lang='lat' dir='ltr'>Munda</span> <span class='ocrx_word' id='word_1_14' title='bbox 1967 308 2099 348; x_wconf 88' lang='lat' dir='ltr'>nos.</span> <span class='ocrx_word' id='word_1_15' title='bbox 2133 292 2179 347; x_wconf 83' lang='lat' dir='ltr'><strong>A</strong></span> <span class='ocrx_word' id='word_1_16' title='bbox 2209 294 2272 347; x_wconf 91' lang='lat' dir='ltr'>ut</span> <span class='ocrx_word' id='word_1_17' title='bbox 2291 287 2669 359; x_wconf 69' lang='lat' dir='ltr'>eilringerent</span> <span class='ocrx_word' id='word_1_18' title='bbox 2689 286 2939 342; x_wconf 90' lang='lat' dir='ltr'>fores.Et</span> <span class='ocrx_word' id='word_1_19' title='bbox 2954 298 3089 340; x_wconf 89' lang='lat' dir='ltr'>ecce</span> <span class='ocrx_word' id='word_1_20' title='bbox 3110 282 3403 338; x_wconf 90' lang='lat' dir='ltr'>miserunt</span> <span class='ocrx_word' id='word_1_21' title='bbox 3439 293 3695 335; x_wconf 89' lang='lat' dir='ltr'>manum</span> <span class='ocrx_word' id='word_1_22' title='bbox 3731 278 3874 344; x_wconf 88' lang='lat' dir='ltr'>viri,</span> 
     </span>
    </p>
   </div>
   <div class='ocr_carea' id='block_1_5' title="bbox 461 380 1739 455">
    <p class='ocr_par' dir='ltr' id='par_1_5' title="bbox 461 380 1739 455">
     <span class='ocr_line' id='line_1_5' title="bbox 461 380 1739 455; baseline -0.013 -2"><span class='ocrx_word' id='word_1_23' title='bbox 461 390 525 453; x_wconf 58' lang='grc' dir='ltr'>γ.</span> <span class='ocrx_word' id='word_1_24' title='bbox 562 390 775 455; x_wconf 83' lang='lat' dir='ltr'>Gloria,</span> <span class='ocrx_word' id='word_1_25' title='bbox 798 388 853 446; x_wconf 89' lang='lat' dir='ltr'>et</span> <span class='ocrx_word' id='word_1_26' title='bbox 873 388 1083 453; x_wconf 89' lang='lat' dir='ltr'>honor,</span> <span class='ocrx_word' id='word_1_27' title='bbox 1116 390 1224 442; x_wconf 86' lang='lat' dir='ltr'>etc.</span> <span class='ocrx_word' id='word_1_28' title='bbox 1258 386 1335 441; x_wconf 89' lang='lat' dir='ltr'>P.</span> <span class='ocrx_word' id='word_1_29' title='bbox 1362 380 1580 440; x_wconf 75' lang='lat' dir='ltr'>Munda</span> <span class='ocrx_word' id='word_1_30' title='bbox 1604 396 1739 437; x_wconf 89' lang='lat' dir='ltr'>nos.</span> 
     </span>
    </p>
   </div>
   <div class='ocr_carea' id='block_1_6' title="bbox 537 469 2103 539">
    <p class='ocr_par' dir='ltr' id='par_1_6' title="bbox 537 469 2103 539">
     <span class='ocr_line' id='line_1_6' title="bbox 537 469 2103 539; baseline -0.008 0"><span class='ocrx_word' id='word_1_31' title='bbox 537 483 757 539; x_wconf 76' lang='lat' dir='ltr'>Oratio.</span> <span class='ocrx_word' id='word_1_32' title='bbox 780 477 869 535; x_wconf 80' lang='lat' dir='ltr'>Ab</span> <span class='ocrx_word' id='word_1_33' title='bbox 901 474 1145 533; x_wconf 85' lang='lat' dir='ltr'>occultis</span> <span class='ocrx_word' id='word_1_34' title='bbox 1167 472 1382 530; x_wconf 77' lang='lat' dir='ltr'>nostris</span> <span class='ocrx_word' id='word_1_35' title='bbox 1436 469 1665 527; x_wconf 89' lang='lat' dir='ltr'>munda</span> <span class='ocrx_word' id='word_1_36' title='bbox 1694 485 1805 527; x_wconf 89' lang='lat' dir='ltr'>nos</span> <span class='ocrx_word' id='word_1_37' title='bbox 1857 469 2103 527; x_wconf 83' lang='lat' dir='ltr'>Domine</span> 
     </span>
    </p>
   </div>
   <div class='ocr_carea' id='block_1_7' title="bbox 461 558 2102 645">
    <p class='ocr_par' dir='ltr' id='par_1_7' title="bbox 461 558 2102 645">
     <span class='ocr_line' id='line_1_7' title="bbox 461 558 2102 645; baseline -0.009 -17"><span class='ocrx_word' id='word_1_38' title='bbox 461 569 780 645; x_wconf 87' lang='lat' dir='ltr'>purgando</span> <span class='ocrx_word' id='word_1_39' title='bbox 814 563 1239 623; x_wconf 82' lang='lat' dir='ltr'>conscientiam</span> <span class='ocrx_word' id='word_1_40' title='bbox 1284 576 1420 634; x_wconf 68' lang='lat' dir='ltr'>quae</span> <span class='ocrx_word' id='word_1_41' title='bbox 1457 560 1703 617; x_wconf 89' lang='lat' dir='ltr'>internis</span> <span class='ocrx_word' id='word_1_42' title='bbox 1742 575 1813 615; x_wconf 93' lang='lat' dir='ltr'>ac</span> <span class='ocrx_word' id='word_1_43' title='bbox 1847 558 2102 631; x_wconf 85' lang='lat' dir='ltr'>propriis</span> 
     </span>
    </p>
   </div>
   <div class='ocr_carea' id='block_1_8' title="bbox 460 647 2105 723">
    <p class='ocr_par' dir='ltr' id='par_1_8' title="bbox 460 647 2105 723">
     <span class='ocr_line' id='line_1_8' title="bbox 460 647 2105 723; baseline -0.007 -9"><span class='ocrx_word' id='word_1_44' title='bbox 460 660 716 717; x_wconf 86' lang='lat' dir='ltr'>inﬁcitur</span> <span class='ocrx_word' id='word_1_45' title='bbox 743 652 1029 712; x_wconf 82' lang='lat' dir='ltr'>maculis:</span> <span class='ocrx_word' id='word_1_46' title='bbox 1058 652 1135 709; x_wconf 90' lang='lat' dir='ltr'>ab</span> <span class='ocrx_word' id='word_1_47' title='bbox 1189 648 1399 709; x_wconf 88' lang='lat' dir='ltr'>alienis</span> <span class='ocrx_word' id='word_1_48' title='bbox 1430 663 1669 723; x_wconf 89' lang='lat' dir='ltr'>quoque</span> <span class='ocrx_word' id='word_1_49' title='bbox 1706 662 1886 721; x_wconf 91' lang='lat' dir='ltr'>parce</span> <span class='ocrx_word' id='word_1_50' title='bbox 1919 647 2105 703; x_wconf 86' lang='lat' dir='ltr'>servis</span> 
     </span>
    </p>
   </div>
   <div class='ocr_carea' id='block_1_9' title="bbox 459 734 2104 813">
    <p class='ocr_par' dir='ltr' id='par_1_9' title="bbox 459 734 2104 813">
     <span class='ocr_line' id='line_1_9' title="bbox 459 734 2104 813; baseline -0.009 -8"><span class='ocrx_word' id='word_1_51' title='bbox 459 748 663 813; x_wconf 85' lang='lat' dir='ltr'>tuts,ut</span> <span class='ocrx_word' id='word_1_52' title='bbox 698 759 769 801; x_wconf 89' lang='lat' dir='ltr'>ea</span> <span class='ocrx_word' id='word_1_53' title='bbox 816 743 1145 813; x_wconf 80' lang='lat' dir='ltr'>indulgeas,</span> <span class='ocrx_word' id='word_1_54' title='bbox 1172 754 1306 813; x_wconf 75' lang='lat' dir='ltr'>quae</span> <span class='ocrx_word' id='word_1_55' title='bbox 1337 738 1430 797; x_wconf 85' lang='lat' dir='ltr'>vel</span> <span class='ocrx_word' id='word_1_56' title='bbox 1468 737 1769 795; x_wconf 90' lang='lat' dir='ltr'>malorum</span> <span class='ocrx_word' id='word_1_57' title='bbox 1813 734 2104 809; x_wconf 85' lang='lat' dir='ltr'>exemplis</span> 
     </span>
    </p>
   </div>
   <div class='ocr_carea' id='block_1_10' title="bbox 460 824 2107 904">
    <p class='ocr_par' dir='ltr' id='par_1_10' title="bbox 460 824 2107 904">
     <span class='ocr_line' id='line_1_10' title="bbox 460 824 2107 904; baseline -0.005 -13"><span class='ocrx_word' id='word_1_58' title='bbox 460 833 847 902; x_wconf 79' lang='lat' dir='ltr'>addiscimus,</span> <span class='ocrx_word' id='word_1_59' title='bbox 872 828 966 888; x_wconf 94' lang='lat' dir='ltr'>vel</span> <span class='ocrx_word' id='word_1_60' title='bbox 993 828 1194 904; x_wconf 79' lang='lat' dir='ltr'>pravis</span> <span class='ocrx_word' id='word_1_61' title='bbox 1221 827 1419 885; x_wconf 90' lang='lat' dir='ltr'>infecti</span> <span class='ocrx_word' id='word_1_62' title='bbox 1446 824 1941 902; x_wconf 87' lang='lat' dir='ltr'>persuasionibus</span> <span class='ocrx_word' id='word_1_63' title='bbox 1972 840 2107 899; x_wconf 91' lang='lat' dir='ltr'>per-</span> 
     </span>
    </p>
   </div>
   <div class='ocr_carea' id='block_1_11' title="bbox 457 914 2107 995">
    <p class='ocr_par' dir='ltr' id='par_1_11' title="bbox 457 914 2107 995">
     <span class='ocr_line' id='line_1_11' title="bbox 457 914 2107 995; baseline -0.007 -15"><span class='ocrx_word' id='word_1_64' title='bbox 457 925 791 995; x_wconf 87' lang='lat' dir='ltr'>petramus:</span> <span class='ocrx_word' id='word_1_65' title='bbox 820 924 905 991; x_wconf 90' lang='lat' dir='ltr'>ut,</span> <span class='ocrx_word' id='word_1_66' title='bbox 938 918 1041 991; x_wconf 86' lang='lat' dir='ltr'>qui</span> <span class='ocrx_word' id='word_1_67' title='bbox 1064 922 1117 975; x_wconf 88' lang='lat' dir='ltr'>te</span> <span class='ocrx_word' id='word_1_68' title='bbox 1140 918 1446 991; x_wconf 90' lang='lat' dir='ltr'>proprium</span> <span class='ocrx_word' id='word_1_69' title='bbox 1474 914 1857 989; x_wconf 85' lang='lat' dir='ltr'>agnoscimus</span> <span class='ocrx_word' id='word_1_70' title='bbox 1909 914 2107 970; x_wconf 88' lang='lat' dir='ltr'>Domi-</span> 
     </span>
    </p>
   </div>
   <div class='ocr_carea' id='block_1_12' title="bbox 459 1000 2108 1081">
    <p class='ocr_par' dir='ltr' id='par_1_12' title="bbox 459 1000 2108 1081">
     <span class='ocr_line' id='line_1_12' title="bbox 459 1000 2108 1081; baseline -0.006 -14"><span class='ocrx_word' id='word_1_71' title='bbox 459 1024 628 1078; x_wconf 88' lang='lat' dir='ltr'>num,</span> <span class='ocrx_word' id='word_1_72' title='bbox 659 1012 1042 1081; x_wconf 85' lang='lat' dir='ltr'>peccatorum</span> <span class='ocrx_word' id='word_1_73' title='bbox 1066 1014 1456 1079; x_wconf 88' lang='lat' dir='ltr'>nequaquam</span> <span class='ocrx_word' id='word_1_74' title='bbox 1493 1002 1824 1060; x_wconf 83' lang='lat' dir='ltr'>sentiamus</span> <span class='ocrx_word' id='word_1_75' title='bbox 1864 1000 2108 1059; x_wconf 89' lang='lat' dir='ltr'>ulterius</span> 
     </span>
    </p>
   </div>
   <div class='ocr_carea' id='block_1_13' title="bbox 460 1098 1213 1165">
    <p class='ocr_par' dir='ltr' id='par_1_13' title="bbox 460 1098 1213 1165">
     <span class='ocr_line' id='line_1_13' title="bbox 460 1098 1213 1165; baseline -0.004 -11"><span class='ocrx_word' id='word_1_76' title='bbox 460 1098 862 1155; x_wconf 88' lang='lat' dir='ltr'>dominatum.</span> <span class='ocrx_word' id='word_1_77' title='bbox 898 1102 961 1165; x_wconf 59' lang='lat' dir='ltr'>ne.</span> <span class='ocrx_word' id='word_1_78' title='bbox 1002 1099 1213 1151; x_wconf 83' lang='lat' dir='ltr'>Amen.</span> 
     </span>
    </p>
   </div>
   <div class='ocr_carea' id='block_1_14' title="bbox 534 1182 1360 1242">
    <p class='ocr_par' dir='ltr' id='par_1_14' title="bbox 534 1182 1360 1242">
     <span class='ocr_line' id='line_1_14' title="bbox 534 1182 1360 1242; baseline -0.002 -2"><span class='ocrx_word' id='word_1_79' title='bbox 534 1186 639 1241; x_wconf 86' lang='lat' dir='ltr'>Per</span> <span class='ocrx_word' id='word_1_80' title='bbox 667 1182 1142 1242; x_wconf 88' lang='lat' dir='ltr'>misericordiam</span> <span class='ocrx_word' id='word_1_81' title='bbox 1175 1182 1360 1240; x_wconf 89' lang='lat' dir='ltr'>tuam.</span> 
     </span>
    </p>
   </div>
   <div class='ocr_carea' id='block_1_15' title="bbox 1082 1270 1482 1328">
    <p class='ocr_par' dir='ltr' id='par_1_15' title="bbox 1082 1270 1482 1328">
     <span class='ocr_line' id='line_1_15' title="bbox 1082 1270 1482 1328; baseline -0.003 -1"><span class='ocrx_word' id='word_1_82' title='bbox 1082 1272 1181 1327; x_wconf 83' lang='lat' dir='ltr'>Ad</span> <span class='ocrx_word' id='word_1_83' title='bbox 1194 1270 1453 1328; x_wconf 73' lang='lat' dir='ltr'>Tertiam</span> <span class='ocrx_word' id='word_1_84' title='bbox 1468 1313 1482 1326; x_wconf 95' lang='lat'>.</span> 
     </span>
    </p>
   </div>
   <div class='ocr_carea' id='block_1_16' title="bbox 726 1356 1868 1428">
    <p class='ocr_par' dir='ltr' id='par_1_16' title="bbox 726 1356 1868 1428">
     <span class='ocr_line' id='line_1_16' title="bbox 726 1356 1868 1428; baseline -0.006 -10"><span class='ocrx_word' id='word_1_85' title='bbox 726 1360 1185 1418; x_wconf 79' lang='lat' dir='ltr'>Proverbiorum</span> <span class='ocrx_word' id='word_1_86' title='bbox 1224 1357 1561 1416; x_wconf 77' lang='lat' dir='ltr'>Salomonis</span> <span class='ocrx_word' id='word_1_87' title='bbox 1590 1356 1749 1428; x_wconf 85' lang='lat' dir='ltr'>(Cap.</span> <span class='ocrx_word' id='word_1_88' title='bbox 1785 1358 1868 1427; x_wconf 72' lang='grc' dir='ltr'>χ).</span> 
     </span>
    </p>
   </div>
   <div class='ocr_carea' id='block_1_17' title="bbox 536 1449 1011 1522">
    <p class='ocr_par' dir='ltr' id='par_1_17' title="bbox 536 1449 1011 1522">
     <span class='ocr_line' id='line_1_17' title="bbox 536 1449 1011 1522; baseline -0.004 -17"><span class='ocrx_word' id='word_1_89' title='bbox 536 1459 598 1521; x_wconf 60' lang='grc' dir='ltr'>ἢ.</span> <span class='ocrx_word' id='word_1_90' title='bbox 628 1451 747 1505; x_wconf 89' lang='lat' dir='ltr'>Deo</span> <span class='ocrx_word' id='word_1_91' title='bbox 771 1449 1011 1522; x_wconf 81' lang='lat' dir='ltr'>gratias.</span> 
     </span>
    </p>
   </div>
   <div class='ocr_carea' id='block_1_18' title="bbox 538 1528 2108 1610">
    <p class='ocr_par' dir='ltr' id='par_1_18' title="bbox 538 1528 2108 1610">
     <span class='ocr_line' id='line_1_18' title="bbox 538 1528 2108 1610; baseline -0.004 -15"><span class='ocrx_word' id='word_1_92' title='bbox 538 1534 711 1595; x_wconf 79' lang='lat' dir='ltr'>Filius</span> <span class='ocrx_word' id='word_1_93' title='bbox 740 1539 979 1610; x_wconf 84' lang='lat' dir='ltr'>sapiens</span> <span class='ocrx_word' id='word_1_94' title='bbox 998 1536 1255 1592; x_wconf 67' lang='lat' dir='ltr'>laetiﬁcat</span> <span class='ocrx_word' id='word_1_95' title='bbox 1279 1540 1536 1608; x_wconf 87' lang='lat' dir='ltr'>patrem:</span> <span class='ocrx_word' id='word_1_96' title='bbox 1556 1532 1714 1591; x_wconf 88' lang='lat' dir='ltr'>ﬁlius</span> <span class='ocrx_word' id='word_1_97' title='bbox 1733 1546 1875 1590; x_wconf 88' lang='lat' dir='ltr'>vero</span> <span class='ocrx_word' id='word_1_98' title='bbox 1894 1528 2108 1589; x_wconf 89' lang='lat' dir='ltr'>stultus</span> 
     </span>
    </p>
   </div>
   <div class='ocr_carea' id='block_1_19' title="bbox 2210 367 3877 443">
    <p class='ocr_par' dir='ltr' id='par_1_19' title="bbox 2210 367 3877 443">
     <span class='ocr_line' id='line_1_19' title="bbox 2210 367 3877 443; baseline -0.006 -8"><span class='ocrx_word' id='word_1_99' title='bbox 2210 384 2265 435; x_wconf 92' lang='lat' dir='ltr'>et</span> <span class='ocrx_word' id='word_1_100' title='bbox 2285 376 2738 433; x_wconf 81' lang='lat' dir='ltr'>introduxerunt</span> <span class='ocrx_word' id='word_1_101' title='bbox 2756 374 2835 431; x_wconf 91' lang='lat' dir='ltr'>ad</span> <span class='ocrx_word' id='word_1_102' title='bbox 2857 390 2917 429; x_wconf 91' lang='lat' dir='ltr'>se</span> <span class='ocrx_word' id='word_1_103' title='bbox 2942 372 3104 443; x_wconf 90' lang='lat' dir='ltr'>Loth,</span> <span class='ocrx_word' id='word_1_104' title='bbox 3135 371 3481 426; x_wconf 89' lang='lat' dir='ltr'>clauserunt</span> <span class='ocrx_word' id='word_1_105' title='bbox 3508 367 3752 424; x_wconf 88' lang='lat' dir='ltr'>ostium.</span> <span class='ocrx_word' id='word_1_106' title='bbox 3802 368 3877 425; x_wconf 83' lang='lat' dir='ltr'>Et</span> 
     </span>
    </p>
   </div>
   <div class='ocr_carea' id='block_1_20' title="bbox 2211 456 3879 540">
    <p class='ocr_par' dir='ltr' id='par_1_20' title="bbox 2211 456 3879 540">
     <span class='ocr_line' id='line_1_20' title="bbox 2211 456 3879 540; baseline -0.006 -18"><span class='ocrx_word' id='word_1_107' title='bbox 2211 467 2599 540; x_wconf 89' lang='lat' dir='ltr'>eos,quiforis</span> <span class='ocrx_word' id='word_1_108' title='bbox 2619 469 2803 535; x_wconf 85' lang='lat' dir='ltr'>erant,</span> <span class='ocrx_word' id='word_1_109' title='bbox 2834 464 3257 536; x_wconf 90' lang='lat' dir='ltr'>percusserunt</span> <span class='ocrx_word' id='word_1_110' title='bbox 3271 456 3537 514; x_wconf 82' lang='lat' dir='ltr'>caecitate</span> <span class='ocrx_word' id='word_1_111' title='bbox 3565 472 3602 513; x_wconf 89' lang='lat' dir='ltr'>a</span> <span class='ocrx_word' id='word_1_112' title='bbox 3619 456 3879 513; x_wconf 89' lang='lat' dir='ltr'>minimo</span> 
     </span>
    </p>
   </div>
   <div class='ocr_carea' id='block_1_21' title="bbox 2211 547 3885 628">
    <p class='ocr_par' dir='ltr' id='par_1_21' title="bbox 2211 547 3885 628">
     <span class='ocr_line' id='line_1_21' title="bbox 2211 547 3885 628; baseline -0.006 -16"><span class='ocrx_word' id='word_1_113' title='bbox 2211 572 2397 628; x_wconf 90' lang='lat' dir='ltr'>usque</span> <span class='ocrx_word' id='word_1_114' title='bbox 2418 555 2496 612; x_wconf 91' lang='lat' dir='ltr'>ad</span> <span class='ocrx_word' id='word_1_115' title='bbox 2512 552 2952 624; x_wconf 89' lang='lat' dir='ltr'>maximum,ita</span> <span class='ocrx_word' id='word_1_116' title='bbox 2971 556 3035 607; x_wconf 91' lang='lat' dir='ltr'>ut</span> <span class='ocrx_word' id='word_1_117' title='bbox 3055 550 3276 607; x_wconf 85' lang='lat' dir='ltr'>ostium</span> <span class='ocrx_word' id='word_1_118' title='bbox 3295 547 3560 604; x_wconf 87' lang='lat' dir='ltr'>invenire</span> <span class='ocrx_word' id='word_1_119' title='bbox 3580 562 3705 603; x_wconf 92' lang='lat' dir='ltr'>non</span> <span class='ocrx_word' id='word_1_120' title='bbox 3734 562 3885 619; x_wconf 85' lang='lat' dir='ltr'>pos-</span> 
     </span>
    </p>
   </div>
   <div class='ocr_carea' id='block_1_22' title="bbox 2215 635 3887 719">
    <p class='ocr_par' dir='ltr' id='par_1_22' title="bbox 2215 635 3887 719">
     <span class='ocr_line' id='line_1_22' title="bbox 2215 635 3887 719; baseline -0.006 -17"><span class='ocrx_word' id='word_1_121' title='bbox 2215 650 2363 702; x_wconf 86' lang='lat' dir='ltr'>sent.</span> <span class='ocrx_word' id='word_1_122' title='bbox 2374 644 2655 701; x_wconf 84' lang='lat' dir='ltr'>Dixerunt</span> <span class='ocrx_word' id='word_1_123' title='bbox 2668 658 2809 714; x_wconf 91' lang='lat' dir='ltr'>ergo</span> <span class='ocrx_word' id='word_1_124' title='bbox 2825 640 2903 698; x_wconf 92' lang='lat' dir='ltr'>ad</span> <span class='ocrx_word' id='word_1_125' title='bbox 2920 640 3085 697; x_wconf 89' lang='lat' dir='ltr'>Loth:</span> <span class='ocrx_word' id='word_1_126' title='bbox 3096 637 3291 696; x_wconf 82' lang='lat' dir='ltr'>Habes</span> <span class='ocrx_word' id='word_1_127' title='bbox 3304 635 3402 692; x_wconf 89' lang='lat' dir='ltr'>hic</span> <span class='ocrx_word' id='word_1_128' title='bbox 3414 641 3657 693; x_wconf 90' lang='lat' dir='ltr'>tuorum</span> <span class='ocrx_word' id='word_1_129' title='bbox 3669 650 3887 719; x_wconf 40' lang='lat' dir='ltr'>quem-.-</span> 
     </span>
    </p>
   </div>
   <div class='ocr_carea' id='block_1_23' title="bbox 2213 722 3881 808">
    <p class='ocr_par' dir='ltr' id='par_1_23' title="bbox 2213 722 3881 808">
     <span class='ocr_line' id='line_1_23' title="bbox 2213 722 3881 808; baseline -0.007 -17"><span class='ocrx_word' id='word_1_130' title='bbox 2213 733 2421 808; x_wconf 84' lang='lat' dir='ltr'>piam?</span> <span class='ocrx_word' id='word_1_131' title='bbox 2442 746 2749 805; x_wconf 89' lang='lat' dir='ltr'>generum,</span> <span class='ocrx_word' id='word_1_132' title='bbox 2778 732 2881 787; x_wconf 87' lang='lat' dir='ltr'>aut</span> <span class='ocrx_word' id='word_1_133' title='bbox 2920 729 3089 793; x_wconf 84' lang='lat' dir='ltr'>filios,</span> <span class='ocrx_word' id='word_1_134' title='bbox 3124 729 3229 785; x_wconf 88' lang='lat' dir='ltr'>aut</span> <span class='ocrx_word' id='word_1_135' title='bbox 3270 722 3444 791; x_wconf 91' lang='lat' dir='ltr'>ﬁlias,</span> <span class='ocrx_word' id='word_1_136' title='bbox 3486 739 3720 791; x_wconf 91' lang='lat' dir='ltr'>omnes,</span> <span class='ocrx_word' id='word_1_137' title='bbox 3769 726 3881 797; x_wconf 75' lang='lat' dir='ltr'>qu1</span> 
     </span>
    </p>
   </div>
   <div class='ocr_carea' id='block_1_24' title="bbox 2213 810 3881 889">
    <p class='ocr_par' dir='ltr' id='par_1_24' title="bbox 2213 810 3881 889">
     <span class='ocr_line' id='line_1_24' title="bbox 2213 810 3881 889; baseline -0.007 -9"><span class='ocrx_word' id='word_1_138' title='bbox 2213 822 2298 880; x_wconf 89' lang='lat' dir='ltr'>tui</span> <span class='ocrx_word' id='word_1_139' title='bbox 2316 820 2630 889; x_wconf 88' lang='lat' dir='ltr'>sunt,educ</span> <span class='ocrx_word' id='word_1_140' title='bbox 2649 817 2889 877; x_wconf 90' lang='lat' dir='ltr'>deurbe</span> <span class='ocrx_word' id='word_1_141' title='bbox 2937 812 3412 873; x_wconf 80' lang='lat' dir='ltr'>haczdelebimus</span> <span class='ocrx_word' id='word_1_142' title='bbox 3468 810 3631 869; x_wconf 91' lang='lat' dir='ltr'>enim</span> <span class='ocrx_word' id='word_1_143' title='bbox 3674 811 3881 870; x_wconf 83' lang='lat' dir='ltr'>lacum</span> 
     </span>
    </p>
   </div>
   <div class='ocr_carea' id='block_1_25' title="bbox 2214 901 3881 983">
    <p class='ocr_par' dir='ltr' id='par_1_25' title="bbox 2214 901 3881 983">
     <span class='ocr_line' id='line_1_25' title="bbox 2214 901 3881 983; baseline -0.007 -14"><span class='ocrx_word' id='word_1_144' title='bbox 2214 913 2493 978; x_wconf 88' lang='lat' dir='ltr'>istum,eo</span> <span class='ocrx_word' id='word_1_145' title='bbox 2534 909 2701 983; x_wconf 92' lang='lat' dir='ltr'>quod</span> <span class='ocrx_word' id='word_1_146' title='bbox 2752 905 3064 964; x_wconf 88' lang='lat' dir='ltr'>increverit</span> <span class='ocrx_word' id='word_1_147' title='bbox 3106 901 3336 961; x_wconf 92' lang='lat' dir='ltr'>clamor</span> <span class='ocrx_word' id='word_1_148' title='bbox 3393 916 3605 959; x_wconf 90' lang='lat' dir='ltr'>eorum</span> <span class='ocrx_word' id='word_1_149' title='bbox 3668 916 3881 959; x_wconf 87' lang='lat' dir='ltr'>coram</span> 
     </span>
    </p>
   </div>
   <div class='ocr_carea' id='block_1_26' title="bbox 2218 989 3882 1072">
    <p class='ocr_par' dir='ltr' id='par_1_26' title="bbox 2218 989 3882 1072">
     <span class='ocr_line' id='line_1_26' title="bbox 2218 989 3882 1072; baseline -0.007 -16"><span class='ocrx_word' id='word_1_150' title='bbox 2218 1000 2493 1063; x_wconf 92' lang='lat' dir='ltr'>Domino,</span> <span class='ocrx_word' id='word_1_151' title='bbox 2520 999 2623 1072; x_wconf 87' lang='lat' dir='ltr'>qui</span> <span class='ocrx_word' id='word_1_152' title='bbox 2643 993 2811 1053; x_wconf 82' lang='lat' dir='ltr'>misit</span> <span class='ocrx_word' id='word_1_153' title='bbox 2829 1006 2942 1052; x_wconf 89' lang='lat' dir='ltr'>nos</span> <span class='ocrx_word' id='word_1_154' title='bbox 2960 997 3027 1050; x_wconf 90' lang='lat' dir='ltr'>ut</span> <span class='ocrx_word' id='word_1_155' title='bbox 3050 991 3376 1067; x_wconf 87' lang='lat' dir='ltr'>perdamus</span> <span class='ocrx_word' id='word_1_156' title='bbox 3396 989 3553 1058; x_wconf 62' lang='lat' dir='ltr'>illos.</span> <span class='ocrx_word' id='word_1_157' title='bbox 3584 991 3882 1060; x_wconf 80' lang='lat' dir='ltr'>Egressus</span> 
     </span>
    </p>
   </div>
   <div class='ocr_carea' id='block_1_27' title="bbox 2215 1078 3877 1160">
    <p class='ocr_par' dir='ltr' id='par_1_27' title="bbox 2215 1078 3877 1160">
     <span class='ocr_line' id='line_1_27' title="bbox 2215 1078 3877 1160; baseline -0.007 -15"><span class='ocrx_word' id='word_1_158' title='bbox 2215 1087 2419 1160; x_wconf 88' lang='lat' dir='ltr'>itaque</span> <span class='ocrx_word' id='word_1_159' title='bbox 2441 1084 2845 1151; x_wconf 88' lang='lat' dir='ltr'>Loth,locutus</span> <span class='ocrx_word' id='word_1_160' title='bbox 2862 1088 2951 1140; x_wconf 91' lang='lat' dir='ltr'>est</span> <span class='ocrx_word' id='word_1_161' title='bbox 2971 1081 3049 1139; x_wconf 90' lang='lat' dir='ltr'>ad</span> <span class='ocrx_word' id='word_1_162' title='bbox 3072 1096 3324 1155; x_wconf 89' lang='lat' dir='ltr'>generos</span> <span class='ocrx_word' id='word_1_163' title='bbox 3357 1094 3503 1136; x_wconf 90' lang='lat' dir='ltr'>suos</span> <span class='ocrx_word' id='word_1_164' title='bbox 3524 1078 3631 1151; x_wconf 90' lang='lat' dir='ltr'>qui</span> <span class='ocrx_word' id='word_1_165' title='bbox 3660 1093 3877 1152; x_wconf 85' lang='lat' dir='ltr'>accep-</span> 
     </span>
    </p>
   </div>
   <div class='ocr_carea' id='block_1_28' title="bbox 2217 1166 3883 1241">
    <p class='ocr_par' dir='ltr' id='par_1_28' title="bbox 2217 1166 3883 1241">
     <span class='ocr_line' id='line_1_28' title="bbox 2217 1166 3883 1241; baseline -0.007 -7"><span class='ocrx_word' id='word_1_166' title='bbox 2217 1178 2328 1234; x_wconf 88' lang='lat' dir='ltr'>turi</span> <span class='ocrx_word' id='word_1_167' title='bbox 2366 1178 2533 1233; x_wconf 89' lang='lat' dir='ltr'>erant</span> <span class='ocrx_word' id='word_1_168' title='bbox 2560 1171 2712 1231; x_wconf 86' lang='lat' dir='ltr'>ﬁlias</span> <span class='ocrx_word' id='word_1_169' title='bbox 2732 1175 2953 1238; x_wconf 90' lang='lat' dir='ltr'>suas,et</span> <span class='ocrx_word' id='word_1_170' title='bbox 2978 1170 3143 1228; x_wconf 81' lang='lat' dir='ltr'>dixit:</span> <span class='ocrx_word' id='word_1_171' title='bbox 3171 1168 3781 1241; x_wconf 89' lang='lat' dir='ltr'>Surgite,egredimini</span> <span class='ocrx_word' id='word_1_172' title='bbox 3802 1166 3883 1223; x_wconf 90' lang='lat' dir='ltr'>de</span> 
     </span>
    </p>
   </div>
   <div class='ocr_carea' id='block_1_29' title="bbox 2215 1257 3885 1337">
    <p class='ocr_par' dir='ltr' id='par_1_29' title="bbox 2215 1257 3885 1337">
     <span class='ocr_line' id='line_1_29' title="bbox 2215 1257 3885 1337; baseline -0.005 -16"><span class='ocrx_word' id='word_1_173' title='bbox 2215 1266 2347 1322; x_wconf 91' lang='lat' dir='ltr'>loco</span> <span class='ocrx_word' id='word_1_174' title='bbox 2376 1266 2489 1321; x_wconf 88' lang='lat' dir='ltr'>isto</span> <span class='ocrx_word' id='word_1_175' title='bbox 2518 1282 2531 1319; x_wconf 91' lang='lat'>:</span> <span class='ocrx_word' id='word_1_176' title='bbox 2565 1264 2707 1337; x_wconf 91' lang='lat' dir='ltr'>quia</span> <span class='ocrx_word' id='word_1_177' title='bbox 2728 1260 2947 1318; x_wconf 85' lang='lat' dir='ltr'>delebit</span> <span class='ocrx_word' id='word_1_178' title='bbox 2970 1258 3261 1315; x_wconf 89' lang='lat' dir='ltr'>Dominus</span> <span class='ocrx_word' id='word_1_179' title='bbox 3288 1257 3588 1314; x_wconf 89' lang='lat' dir='ltr'>civitatem</span> <span class='ocrx_word' id='word_1_180' title='bbox 3610 1257 3788 1313; x_wconf 90' lang='lat' dir='ltr'>hanc.</span> <span class='ocrx_word' id='word_1_181' title='bbox 3813 1259 3885 1313; x_wconf 88' lang='lat' dir='ltr'>Et</span> 
     </span>
    </p>
   </div>
   <div class='ocr_carea' id='block_1_30' title="bbox 2215 1346 3882 1424">
    <p class='ocr_par' dir='ltr' id='par_1_30' title="bbox 2215 1346 3882 1424">
     <span class='ocr_line' id='line_1_30' title="bbox 2215 1346 3882 1424; baseline -0.005 -14"><span class='ocrx_word' id='word_1_182' title='bbox 2215 1354 2385 1411; x_wconf 90' lang='lat' dir='ltr'>visus</span> <span class='ocrx_word' id='word_1_183' title='bbox 2404 1356 2491 1409; x_wconf 89' lang='lat' dir='ltr'>est</span> <span class='ocrx_word' id='word_1_184' title='bbox 2505 1352 2590 1408; x_wconf 92' lang='lat' dir='ltr'>eis</span> <span class='ocrx_word' id='word_1_185' title='bbox 2606 1352 2782 1424; x_wconf 88' lang='lat' dir='ltr'>quasi</span> <span class='ocrx_word' id='word_1_186' title='bbox 2801 1349 3014 1405; x_wconf 90' lang='lat' dir='ltr'>ludens</span> <span class='ocrx_word' id='word_1_187' title='bbox 3029 1346 3487 1420; x_wconf 85' lang='lat' dir='ltr'>loqui.Cumquc</span> <span class='ocrx_word' id='word_1_188' title='bbox 3506 1348 3662 1402; x_wconf 88' lang='lat' dir='ltr'>esset</span> <span class='ocrx_word' id='word_1_189' title='bbox 3677 1360 3882 1411; x_wconf 86' lang='lat' dir='ltr'>mane,</span> 
     </span>
    </p>
   </div>
   <div class='ocr_carea' id='block_1_31' title="bbox 2217 1434 3883 1513">
    <p class='ocr_par' dir='ltr' id='par_1_31' title="bbox 2217 1434 3883 1513">
     <span class='ocr_line' id='line_1_31' title="bbox 2217 1434 3883 1513; baseline -0.005 -14"><span class='ocrx_word' id='word_1_190' title='bbox 2217 1442 2671 1513; x_wconf 89' lang='lat' dir='ltr'>cogebanteum</span> <span class='ocrx_word' id='word_1_191' title='bbox 2718 1439 2945 1508; x_wconf 86' lang='lat' dir='ltr'>Angeli,</span> <span class='ocrx_word' id='word_1_192' title='bbox 2980 1438 3243 1493; x_wconf 89' lang='lat' dir='ltr'>dicentes</span> <span class='ocrx_word' id='word_1_193' title='bbox 3271 1454 3282 1491; x_wconf 86' lang='lat'>:</span> <span class='ocrx_word' id='word_1_194' title='bbox 3308 1437 3512 1505; x_wconf 87' lang='lat' dir='ltr'>Surge,</span> <span class='ocrx_word' id='word_1_195' title='bbox 3556 1434 3693 1490; x_wconf 88' lang='lat' dir='ltr'>tolle</span> <span class='ocrx_word' id='word_1_196' title='bbox 3730 1450 3883 1490; x_wconf 87' lang='lat' dir='ltr'>uxo-</span> 
     </span>
    </p>
   </div>
   <div class='ocr_carea' id='block_1_32' title="bbox 2216 1523 3886 1599">
    <p class='ocr_par' dir='ltr' id='par_1_32' title="bbox 2216 1523 3886 1599">
     <span class='ocr_line' id='line_1_32' title="bbox 2216 1523 3886 1599; baseline -0.005 -12"><span class='ocrx_word' id='word_1_197' title='bbox 2216 1543 2344 1587; x_wconf 89' lang='lat' dir='ltr'>rem</span> <span class='ocrx_word' id='word_1_198' title='bbox 2383 1533 2570 1594; x_wconf 90' lang='lat' dir='ltr'>tuam,</span> <span class='ocrx_word' id='word_1_199' title='bbox 2590 1533 2645 1585; x_wconf 88' lang='lat' dir='ltr'>et</span> <span class='ocrx_word' id='word_1_200' title='bbox 2665 1529 2818 1584; x_wconf 91' lang='lat' dir='ltr'>duas</span> <span class='ocrx_word' id='word_1_201' title='bbox 2839 1525 2996 1584; x_wconf 84' lang='lat' dir='ltr'>ﬁlias</span> <span class='ocrx_word' id='word_1_202' title='bbox 3028 1541 3180 1599; x_wconf 89' lang='lat' dir='ltr'>quas</span> <span class='ocrx_word' id='word_1_203' title='bbox 3205 1524 3395 1581; x_wconf 89' lang='lat' dir='ltr'>habes</span> <span class='ocrx_word' id='word_1_204' title='bbox 3417 1542 3429 1579; x_wconf 94' lang='lat'>:</span> <span class='ocrx_word' id='word_1_205' title='bbox 3450 1538 3524 1579; x_wconf 92' lang='lat' dir='ltr'>ne</span> <span class='ocrx_word' id='word_1_206' title='bbox 3555 1526 3611 1580; x_wconf 91' lang='lat' dir='ltr'>et</span> <span class='ocrx_word' id='word_1_207' title='bbox 3632 1526 3698 1579; x_wconf 90' lang='lat' dir='ltr'>tu</span> <span class='ocrx_word' id='word_1_208' title='bbox 3724 1523 3886 1596; x_wconf 86' lang='lat' dir='ltr'>pari—</span> 
     </span>
    </p>
   </div>
   <div class='ocr_carea' id='block_1_33' title="bbox 461 1610 3885 1700">
    <p class='ocr_par' dir='ltr' id='par_1_33' title="bbox 461 1610 3885 1700">
     <span class='ocr_line' id='line_1_33' title="bbox 461 1610 3885 1700; baseline -0.006 -13"><span class='ocrx_word' id='word_1_209' title='bbox 461 1627 744 1687; x_wconf 88' lang='lat' dir='ltr'>moestitia</span> <span class='ocrx_word' id='word_1_210' title='bbox 760 1631 848 1683; x_wconf 88' lang='lat' dir='ltr'>est</span> <span class='ocrx_word' id='word_1_211' title='bbox 870 1626 1076 1683; x_wconf 87' lang='lat' dir='ltr'>matris</span> <span class='ocrx_word' id='word_1_212' title='bbox 1103 1624 1346 1682; x_wconf 70' lang='lat' dir='ltr'>suae.Nil</span> <span class='ocrx_word' id='word_1_213' title='bbox 1367 1622 1976 1698; x_wconf 89' lang='lat' dir='ltr'>proderuntthesauri</span> <span class='ocrx_word' id='word_1_214' title='bbox 2005 1625 2111 1679; x_wconf 88' lang='lat' dir='ltr'>im-</span> <span class='ocrx_word' id='word_1_215' title='bbox 2139 1646 2184 1700; x_wconf 81' lang='grc' dir='ltr'>Β</span> <span class='ocrx_word' id='word_1_216' title='bbox 2220 1624 2305 1677; x_wconf 90' lang='lat' dir='ltr'>ter</span> <span class='ocrx_word' id='word_1_217' title='bbox 2332 1635 2543 1693; x_wconf 90' lang='lat' dir='ltr'>pereas</span> <span class='ocrx_word' id='word_1_218' title='bbox 2564 1619 2625 1674; x_wconf 91' lang='lat' dir='ltr'>in</span> <span class='ocrx_word' id='word_1_219' title='bbox 2649 1616 2867 1673; x_wconf 91' lang='lat' dir='ltr'>scelere</span> <span class='ocrx_word' id='word_1_220' title='bbox 2892 1612 3166 1671; x_wconf 84' lang='lat' dir='ltr'>civitatis.</span> <span class='ocrx_word' id='word_1_221' title='bbox 3194 1610 3619 1669; x_wconf 89' lang='lat' dir='ltr'>Dissimulante</span> <span class='ocrx_word' id='word_1_222' title='bbox 3641 1610 3885 1685; x_wconf 89' lang='lat' dir='ltr'>illo,ap-</span> 
     </span>
    </p>
   </div>
   <div class='ocr_carea' id='block_1_34' title="bbox 458 1710 2113 1789">
    <p class='ocr_par' dir='ltr' id='par_1_34' title="bbox 458 1710 2113 1789">
     <span class='ocr_line' id='line_1_34' title="bbox 458 1710 2113 1789; baseline -0.004 -17"><span class='ocrx_word' id='word_1_223' title='bbox 458 1715 691 1789; x_wconf 89' lang='lat' dir='ltr'>pietatis</span> <span class='ocrx_word' id='word_1_224' title='bbox 713 1729 725 1770; x_wconf 90' lang='lat'>:</span> <span class='ocrx_word' id='word_1_225' title='bbox 736 1713 962 1785; x_wconf 87' lang='lat' dir='ltr'>justitia</span> <span class='ocrx_word' id='word_1_226' title='bbox 978 1725 1121 1770; x_wconf 90' lang='lat' dir='ltr'>vero</span> <span class='ocrx_word' id='word_1_227' title='bbox 1151 1710 1429 1770; x_wconf 88' lang='lat' dir='ltr'>liberabit</span> <span class='ocrx_word' id='word_1_228' title='bbox 1454 1728 1491 1770; x_wconf 88' lang='lat' dir='ltr'>a</span> <span class='ocrx_word' id='word_1_229' title='bbox 1508 1716 1716 1769; x_wconf 89' lang='lat' dir='ltr'>morte.</span> <span class='ocrx_word' id='word_1_230' title='bbox 1742 1715 1868 1768; x_wconf 89' lang='lat' dir='ltr'>Non</span> <span class='ocrx_word' id='word_1_231' title='bbox 1889 1710 2113 1782; x_wconf 82' lang='lat' dir='ltr'>afﬂiget</span> 
     </span>
    </p>
   </div>
   <div class='ocr_carea' id='block_1_35' title="bbox 459 1800 2112 1874">
    <p class='ocr_par' dir='ltr' id='par_1_35' title="bbox 459 1800 2112 1874">
     <span class='ocr_line' id='line_1_35' title="bbox 459 1800 2112 1874; baseline -0.004 -12"><span class='ocrx_word' id='word_1_232' title='bbox 459 1804 745 1861; x_wconf 89' lang='lat' dir='ltr'>Dominus</span> <span class='ocrx_word' id='word_1_233' title='bbox 775 1804 1040 1859; x_wconf 91' lang='lat' dir='ltr'>animam</span> <span class='ocrx_word' id='word_1_234' title='bbox 1052 1802 1195 1874; x_wconf 88' lang='lat' dir='ltr'>justi</span> <span class='ocrx_word' id='word_1_235' title='bbox 1226 1800 1466 1868; x_wconf 89' lang='lat' dir='ltr'>fame,et</span> <span class='ocrx_word' id='word_1_236' title='bbox 1492 1800 1759 1871; x_wconf 69' lang='lat' dir='ltr'>{insidias</span> <span class='ocrx_word' id='word_1_237' title='bbox 1787 1800 2112 1872; x_wconf 88' lang='lat' dir='ltr'>impiorum</span> 
     </span>
    </p>
   </div>
   <div class='ocr_carea' id='block_1_36' title="bbox 458 1887 2109 1961">
    <p class='ocr_par' dir='ltr' id='par_1_36' title="bbox 458 1887 2109 1961">
     <span class='ocr_line' id='line_1_36' title="bbox 458 1887 2109 1961; baseline -0.003 -15"><span class='ocrx_word' id='word_1_238' title='bbox 458 1892 776 1946; x_wconf 89' lang='lat' dir='ltr'>subvertet.</span> <span class='ocrx_word' id='word_1_239' title='bbox 809 1892 1140 1960; x_wconf 88' lang='lat' dir='ltr'>Egestatem</span> <span class='ocrx_word' id='word_1_240' title='bbox 1168 1892 1415 1961; x_wconf 83' lang='lat' dir='ltr'>cperata</span> <span class='ocrx_word' id='word_1_241' title='bbox 1441 1890 1527 1946; x_wconf 88' lang='lat' dir='ltr'>est</span> <span class='ocrx_word' id='word_1_242' title='bbox 1562 1904 1781 1945; x_wconf 90' lang='lat' dir='ltr'>manus</span> <span class='ocrx_word' id='word_1_243' title='bbox 1823 1887 2109 1945; x_wconf 86' lang='lat' dir='ltr'>remissa:</span> 
     </span>
    </p>
   </div>
   <div class='ocr_carea' id='block_1_37' title="bbox 457 1976 2113 2049">
    <p class='ocr_par' dir='ltr' id='par_1_37' title="bbox 457 1976 2113 2049">
     <span class='ocr_line' id='line_1_37' title="bbox 457 1976 2113 2049; baseline -0.002 -14"><span class='ocrx_word' id='word_1_244' title='bbox 457 1993 672 2035; x_wconf 91' lang='lat' dir='ltr'>manus</span> <span class='ocrx_word' id='word_1_245' title='bbox 684 1982 881 2034; x_wconf 90' lang='lat' dir='ltr'>autem</span> <span class='ocrx_word' id='word_1_246' title='bbox 896 1977 1124 2034; x_wconf 78' lang='lat' dir='ltr'>fortium</span> <span class='ocrx_word' id='word_1_247' title='bbox 1142 1976 1369 2034; x_wconf 82' lang='lat' dir='ltr'>divitias</span> <span class='ocrx_word' id='word_1_248' title='bbox 1381 1978 1726 2049; x_wconf 87' lang='lat' dir='ltr'>parat.Quid</span> <span class='ocrx_word' id='word_1_249' title='bbox 1742 1976 1945 2032; x_wconf 86' lang='lat' dir='ltr'>nititur</span> <span class='ocrx_word' id='word_1_250' title='bbox 1956 1990 2113 2031; x_wconf 86' lang='lat' dir='ltr'>men—</span> 
     </span>
    </p>
   </div>
   <div class='ocr_carea' id='block_1_38' title="bbox 458 2062 2113 2136">
    <p class='ocr_par' dir='ltr' id='par_1_38' title="bbox 458 2062 2113 2136">
     <span class='ocr_line' id='line_1_38' title="bbox 458 2062 2113 2136; baseline -0.001 -14"><span class='ocrx_word' id='word_1_251' title='bbox 458 2065 664 2131; x_wconf 90' lang='lat' dir='ltr'>daciis,</span> <span class='ocrx_word' id='word_1_252' title='bbox 696 2062 794 2120; x_wconf 88' lang='lat' dir='ltr'>hic</span> <span class='ocrx_word' id='word_1_253' title='bbox 814 2064 1003 2136; x_wconf 88' lang='lat' dir='ltr'>pascit</span> <span class='ocrx_word' id='word_1_254' title='bbox 1022 2071 1226 2121; x_wconf 88' lang='lat' dir='ltr'>ventos</span> <span class='ocrx_word' id='word_1_255' title='bbox 1250 2080 1262 2120; x_wconf 87' lang='lat'>:</span> <span class='ocrx_word' id='word_1_256' title='bbox 1286 2065 1441 2121; x_wconf 89' lang='lat' dir='ltr'>idem</span> <span class='ocrx_word' id='word_1_257' title='bbox 1470 2069 1670 2121; x_wconf 91' lang='lat' dir='ltr'>autem</span> <span class='ocrx_word' id='word_1_258' title='bbox 1692 2063 1817 2136; x_wconf 90' lang='lat' dir='ltr'>ipse</span> <span class='ocrx_word' id='word_1_259' title='bbox 1847 2064 2113 2136; x_wconf 86' lang='lat' dir='ltr'>sequitur</span> 
     </span>
    </p>
   </div>
   <div class='ocr_carea' id='block_1_39' title="bbox 458 2150 2108 2226">
    <p class='ocr_par' dir='ltr' id='par_1_39' title="bbox 458 2150 2108 2226">
     <span class='ocr_line' id='line_1_39' title="bbox 458 2150 2108 2226; baseline -0.002 -16"><span class='ocrx_word' id='word_1_260' title='bbox 458 2167 595 2210; x_wconf 90' lang='lat' dir='ltr'>aves</span> <span class='ocrx_word' id='word_1_261' title='bbox 606 2151 1051 2221; x_wconf 88' lang='lat' dir='ltr'>volantes.Quid</span> <span class='ocrx_word' id='word_1_262' title='bbox 1065 2158 1387 2226; x_wconf 84' lang='lat' dir='ltr'>congregat</span> <span class='ocrx_word' id='word_1_263' title='bbox 1402 2152 1464 2209; x_wconf 92' lang='lat' dir='ltr'>in</span> <span class='ocrx_word' id='word_1_264' title='bbox 1478 2150 1853 2219; x_wconf 89' lang='lat' dir='ltr'>messe,ﬁlius</span> <span class='ocrx_word' id='word_1_265' title='bbox 1868 2151 2108 2224; x_wconf 88' lang='lat' dir='ltr'>sapiens</span> 
     </span>
    </p>
   </div>
   <div class='ocr_carea' id='block_1_40' title="bbox 456 2238 2108 2315">
    <p class='ocr_par' dir='ltr' id='par_1_40' title="bbox 456 2238 2108 2315">
     <span class='ocr_line' id='line_1_40' title="bbox 456 2238 2108 2315; baseline -0.001 -17"><span class='ocrx_word' id='word_1_266' title='bbox 456 2246 573 2299; x_wconf 88' lang='lat' dir='ltr'>est:</span> <span class='ocrx_word' id='word_1_267' title='bbox 608 2242 711 2315; x_wconf 86' lang='lat' dir='ltr'>qui</span> <span class='ocrx_word' id='word_1_268' title='bbox 741 2245 940 2297; x_wconf 90' lang='lat' dir='ltr'>autem</span> <span class='ocrx_word' id='word_1_269' title='bbox 962 2240 1144 2298; x_wconf 86' lang='lat' dir='ltr'>stertit</span> <span class='ocrx_word' id='word_1_270' title='bbox 1175 2245 1377 2298; x_wconf 76' lang='lat' dir='ltr'>testate</span> <span class='ocrx_word' id='word_1_271' title='bbox 1407 2240 1565 2297; x_wconf 86' lang='lat' dir='ltr'>ﬁlius</span> <span class='ocrx_word' id='word_1_272' title='bbox 1602 2238 2108 2297; x_wconf 87' lang='lat' dir='ltr'>confusionis.Be-</span> 
     </span>
    </p>
   </div>
   <div class='ocr_carea' id='block_1_41' title="bbox 456 2328 2105 2402">
    <p class='ocr_par' dir='ltr' id='par_1_41' title="bbox 456 2328 2105 2402">
     <span class='ocr_line' id='line_1_41' title="bbox 456 2328 2105 2402; baseline -0.001 -16"><span class='ocrx_word' id='word_1_273' title='bbox 456 2330 714 2387; x_wconf 87' lang='lat' dir='ltr'>nedictio</span> <span class='ocrx_word' id='word_1_274' title='bbox 726 2330 961 2385; x_wconf 89' lang='lat' dir='ltr'>Domini</span> <span class='ocrx_word' id='word_1_275' title='bbox 980 2342 1159 2401; x_wconf 88' lang='lat' dir='ltr'>super</span> <span class='ocrx_word' id='word_1_276' title='bbox 1178 2337 1357 2402; x_wconf 87' lang='lat' dir='ltr'>caput</span> <span class='ocrx_word' id='word_1_277' title='bbox 1381 2328 1553 2402; x_wconf 87' lang='lat' dir='ltr'>justi:</span> <span class='ocrx_word' id='word_1_278' title='bbox 1579 2344 1647 2387; x_wconf 91' lang='lat' dir='ltr'>os</span> <span class='ocrx_word' id='word_1_279' title='bbox 1676 2332 1877 2387; x_wconf 90' lang='lat' dir='ltr'>autem</span> <span class='ocrx_word' id='word_1_280' title='bbox 1898 2330 2105 2402; x_wconf 89' lang='lat' dir='ltr'>impio-</span> 
     </span>
    </p>
   </div>
   <div class='ocr_carea' id='block_1_42' title="bbox 453 2414 2102 2491">
    <p class='ocr_par' dir='ltr' id='par_1_42' title="bbox 453 2414 2102 2491">
     <span class='ocr_line' id='line_1_42' title="bbox 453 2414 2102 2491; baseline -0.001 -16"><span class='ocrx_word' id='word_1_281' title='bbox 453 2432 585 2475; x_wconf 88' lang='lat' dir='ltr'>rum</span> <span class='ocrx_word' id='word_1_282' title='bbox 599 2418 1474 2491; x_wconf 84' lang='lat' dir='ltr'>operitiniquitatem.Memoria</span> <span class='ocrx_word' id='word_1_283' title='bbox 1480 2418 1623 2489; x_wconf 88' lang='lat' dir='ltr'>justi</span> <span class='ocrx_word' id='word_1_284' title='bbox 1647 2432 1785 2474; x_wconf 89' lang='lat' dir='ltr'>cum</span> <span class='ocrx_word' id='word_1_285' title='bbox 1802 2414 2102 2475; x_wconf 90' lang='lat' dir='ltr'>laudibus:</span> 
     </span>
    </p>
   </div>
   <div class='ocr_carea' id='block_1_43' title="bbox 454 2502 2105 2579">
    <p class='ocr_par' dir='ltr' id='par_1_43' title="bbox 454 2502 2105 2579">
     <span class='ocr_line' id='line_1_43' title="bbox 454 2502 2105 2579; baseline 0 -16"><span class='ocrx_word' id='word_1_286' title='bbox 454 2510 511 2563; x_wconf 88' lang='lat' dir='ltr'>et</span> <span class='ocrx_word' id='word_1_287' title='bbox 541 2518 761 2563; x_wconf 90' lang='lat' dir='ltr'>nomen</span> <span class='ocrx_word' id='word_1_288' title='bbox 790 2506 1113 2578; x_wconf 91' lang='lat' dir='ltr'>impiorum</span> <span class='ocrx_word' id='word_1_289' title='bbox 1137 2510 1455 2579; x_wconf 88' lang='lat' dir='ltr'>putrescet.</span> <span class='ocrx_word' id='word_1_290' title='bbox 1486 2506 1732 2578; x_wconf 89' lang='lat' dir='ltr'>Sapiens</span> <span class='ocrx_word' id='word_1_291' title='bbox 1749 2502 1929 2563; x_wconf 90' lang='lat' dir='ltr'>corde</span> <span class='ocrx_word' id='word_1_292' title='bbox 1952 2522 2105 2578; x_wconf 81' lang='lat' dir='ltr'>prse-</span> 
     </span>
    </p>
   </div>
   <div class='ocr_carea' id='block_1_44' title="bbox 456 2593 2107 2667">
    <p class='ocr_par' dir='ltr' id='par_1_44' title="bbox 456 2593 2107 2667">
     <span class='ocr_line' id='line_1_44' title="bbox 456 2593 2107 2667; baseline 0 -16"><span class='ocrx_word' id='word_1_293' title='bbox 456 2594 629 2667; x_wconf 83' lang='lat' dir='ltr'>cepta</span> <span class='ocrx_word' id='word_1_294' title='bbox 642 2593 947 2665; x_wconf 88' lang='lat' dir='ltr'>suscipiet:</span> <span class='ocrx_word' id='word_1_295' title='bbox 978 2593 1514 2651; x_wconf 73' lang='lat' dir='ltr'>etstultuscaaditur</span> <span class='ocrx_word' id='word_1_296' title='bbox 1530 2593 1724 2651; x_wconf 88' lang='lat' dir='ltr'>labiis.</span> <span class='ocrx_word' id='word_1_297' title='bbox 1746 2593 1857 2659; x_wconf 86' lang='lat' dir='ltr'>Qui</span> <span class='ocrx_word' id='word_1_298' title='bbox 1887 2594 2107 2652; x_wconf 90' lang='lat' dir='ltr'>ambu-</span> 
     </span>
    </p>
   </div>
   <div class='ocr_carea' id='block_1_45' title="bbox 454 2682 2105 2754">
    <p class='ocr_par' dir='ltr' id='par_1_45' title="bbox 454 2682 2105 2754">
     <span class='ocr_line' id='line_1_45' title="bbox 454 2682 2105 2754; baseline 0.001 -15"><span class='ocrx_word' id='word_1_299' title='bbox 454 2682 537 2739; x_wconf 89' lang='lat' dir='ltr'>lat</span> <span class='ocrx_word' id='word_1_300' title='bbox 562 2682 1200 2753; x_wconf 88' lang='lat' dir='ltr'>simpliciter,ambulat</span> <span class='ocrx_word' id='word_1_301' title='bbox 1218 2682 1621 2739; x_wconf 89' lang='lat' dir='ltr'>conﬁdenter:</span> <span class='ocrx_word' id='word_1_302' title='bbox 1650 2682 1755 2754; x_wconf 92' lang='lat' dir='ltr'>qui</span> <span class='ocrx_word' id='word_1_303' title='bbox 1776 2687 1976 2740; x_wconf 92' lang='lat' dir='ltr'>autem</span> <span class='ocrx_word' id='word_1_304' title='bbox 2005 2683 2105 2741; x_wconf 93' lang='lat' dir='ltr'>de-</span> 
     </span>
    </p>
   </div>
   <div class='ocr_carea' id='block_1_46' title="bbox 455 2768 2106 2844">
    <p class='ocr_par' dir='ltr' id='par_1_46' title="bbox 455 2768 2106 2844">
     <span class='ocr_line' id='line_1_46' title="bbox 455 2768 2106 2844; baseline 0.002 -19"><span class='ocrx_word' id='word_1_305' title='bbox 455 2772 663 2842; x_wconf 87' lang='lat' dir='ltr'>pravat</span> <span class='ocrx_word' id='word_1_306' title='bbox 686 2768 813 2824; x_wconf 89' lang='lat' dir='ltr'>vias</span> <span class='ocrx_word' id='word_1_307' title='bbox 843 2770 1380 2835; x_wconf 86' lang='lat' dir='ltr'>suas,manifestus</span> <span class='ocrx_word' id='word_1_308' title='bbox 1404 2770 1529 2826; x_wconf 90' lang='lat' dir='ltr'>erit.</span> <span class='ocrx_word' id='word_1_309' title='bbox 1564 2770 1891 2835; x_wconf 86' lang='lat' dir='ltr'>Quiannuit</span> <span class='ocrx_word' id='word_1_310' title='bbox 1912 2771 2106 2844; x_wconf 88' lang='lat' dir='ltr'>oculo,</span> 
     </span>
    </p>
   </div>
   <div class='ocr_carea' id='block_1_47' title="bbox 454 2854 2110 2918">
    <p class='ocr_par' dir='ltr' id='par_1_47' title="bbox 454 2854 2110 2918">
     <span class='ocr_line' id='line_1_47' title="bbox 454 2854 2110 2918; baseline 0.002 -3"><span class='ocrx_word' id='word_1_311' title='bbox 454 2857 624 2915; x_wconf 89' lang='lat' dir='ltr'>dabit</span> <span class='ocrx_word' id='word_1_312' title='bbox 652 2855 949 2914; x_wconf 89' lang='lat' dir='ltr'>dolorem:</span> <span class='ocrx_word' id='word_1_313' title='bbox 991 2862 1047 2913; x_wconf 93' lang='lat' dir='ltr'>et</span> <span class='ocrx_word' id='word_1_314' title='bbox 1074 2854 1285 2915; x_wconf 89' lang='lat' dir='ltr'>stultus</span> <span class='ocrx_word' id='word_1_315' title='bbox 1318 2856 1489 2913; x_wconf 90' lang='lat' dir='ltr'>labiis</span> <span class='ocrx_word' id='word_1_316' title='bbox 1517 2856 2110 2918; x_wconf 84' lang='lat' dir='ltr'>verberabitur.Vena</span> 
     </span>
    </p>
   </div>
   <div class='ocr_carea' id='block_1_48' title="bbox 454 2945 2098 3019">
    <p class='ocr_par' dir='ltr' id='par_1_48' title="bbox 454 2945 2098 3019">
     <span class='ocr_line' id='line_1_48' title="bbox 454 2945 2098 3019; baseline 0.001 -16"><span class='ocrx_word' id='word_1_317' title='bbox 454 2947 611 3012; x_wconf 71' lang='lat' dir='ltr'>vitm,</span> <span class='ocrx_word' id='word_1_318' title='bbox 644 2958 711 3000; x_wconf 91' lang='lat' dir='ltr'>os</span> <span class='ocrx_word' id='word_1_319' title='bbox 734 2945 877 3014; x_wconf 75' lang='lat' dir='ltr'>justi</span> <span class='ocrx_word' id='word_1_320' title='bbox 901 2960 914 2999; x_wconf 91' lang='lat'>:</span> <span class='ocrx_word' id='word_1_321' title='bbox 939 2948 994 3000; x_wconf 89' lang='lat' dir='ltr'>et</span> <span class='ocrx_word' id='word_1_322' title='bbox 1023 2961 1091 3001; x_wconf 89' lang='lat' dir='ltr'>os</span> <span class='ocrx_word' id='word_1_323' title='bbox 1131 2945 1455 3019; x_wconf 90' lang='lat' dir='ltr'>impiorum</span> <span class='ocrx_word' id='word_1_324' title='bbox 1481 2946 1671 3017; x_wconf 90' lang='lat' dir='ltr'>operit</span> <span class='ocrx_word' id='word_1_325' title='bbox 1698 2945 2098 3019; x_wconf 89' lang='lat' dir='ltr'>iniquitatem.</span> 
     </span>
    </p>
   </div>
   <div class='ocr_carea' id='block_1_49' title="bbox 456 3032 2110 3109">
    <p class='ocr_par' dir='ltr' id='par_1_49' title="bbox 456 3032 2110 3109">
     <span class='ocr_line' id='line_1_49' title="bbox 456 3032 2110 3109; baseline -0.002 -18"><span class='ocrx_word' id='word_1_326' title='bbox 456 3034 672 3091; x_wconf 88' lang='lat' dir='ltr'>Odium</span> <span class='ocrx_word' id='word_1_327' title='bbox 712 3032 957 3087; x_wconf 88' lang='lat' dir='ltr'>suscitat</span> <span class='ocrx_word' id='word_1_328' title='bbox 976 3034 1162 3089; x_wconf 88' lang='lat' dir='ltr'>rixas:</span> <span class='ocrx_word' id='word_1_329' title='bbox 1196 3038 1254 3089; x_wconf 89' lang='lat' dir='ltr'>et</span> <span class='ocrx_word' id='word_1_330' title='bbox 1299 3033 1579 3091; x_wconf 87' lang='lat' dir='ltr'>universa</span> <span class='ocrx_word' id='word_1_331' title='bbox 1644 3032 1858 3092; x_wconf 88' lang='lat' dir='ltr'>delicta</span> <span class='ocrx_word' id='word_1_332' title='bbox 1916 3033 2110 3109; x_wconf 86' lang='lat' dir='ltr'>operit</span> 
     </span>
    </p>
   </div>
   <div class='ocr_carea' id='block_1_50' title="bbox 455 3120 1069 3189">
    <p class='ocr_par' dir='ltr' id='par_1_50' title="bbox 455 3120 1069 3189">
     <span class='ocr_line' id='line_1_50' title="bbox 455 3120 1069 3189; baseline -0.005 -10"><span class='ocrx_word' id='word_1_333' title='bbox 455 3120 739 3179; x_wconf 88' lang='lat' dir='ltr'>oharitas.</span> <span class='ocrx_word' id='word_1_334' title='bbox 777 3126 840 3189; x_wconf 55' lang='lat' dir='ltr'>It.</span> <span class='ocrx_word' id='word_1_335' title='bbox 863 3122 1069 3176; x_wconf 81' lang='lat' dir='ltr'>Amen.</span> 
     </span>
    </p>
   </div>
   <div class='ocr_carea' id='block_1_51' title="bbox 760 3208 1759 3283">
    <p class='ocr_par' dir='ltr' id='par_1_51' title="bbox 760 3208 1759 3283">
     <span class='ocr_line' id='line_1_51' title="bbox 760 3208 1759 3283; baseline 0.003 -19"><span class='ocrx_word' id='word_1_336' title='bbox 760 3208 958 3265; x_wconf 75' lang='lat' dir='ltr'>Lectio</span> <span class='ocrx_word' id='word_1_337' title='bbox 986 3209 1125 3266; x_wconf 69' lang='lat' dir='ltr'>libri</span> <span class='ocrx_word' id='word_1_338' title='bbox 1153 3210 1387 3268; x_wconf 79' lang='lat' dir='ltr'>Genesis</span> <span class='ocrx_word' id='word_1_339' title='bbox 1418 3210 1590 3283; x_wconf 83' lang='lat' dir='ltr'>(Cap.</span> <span class='ocrx_word' id='word_1_340' title='bbox 1620 3212 1759 3283; x_wconf 79' lang='lat' dir='ltr'>xix).</span> 
     </span>
    </p>
   </div>
   <div class='ocr_carea' id='block_1_52' title="bbox 526 3297 1007 3374">
    <p class='ocr_par' dir='ltr' id='par_1_52' title="bbox 526 3297 1007 3374">
     <span class='ocr_line' id='line_1_52' title="bbox 526 3297 1007 3374; baseline -0.008 -16"><span class='ocrx_word' id='word_1_341' title='bbox 526 3309 590 3374; x_wconf 55' lang='grc' dir='ltr'>ιφ.</span> <span class='ocrx_word' id='word_1_342' title='bbox 618 3301 736 3356; x_wconf 88' lang='lat' dir='ltr'>Deo</span> <span class='ocrx_word' id='word_1_343' title='bbox 767 3297 1007 3368; x_wconf 88' lang='lat' dir='ltr'>gratias.</span> 
     </span>
    </p>
   </div>
   <div class='ocr_carea' id='block_1_53' title="bbox 524 3386 2099 3460">
    <p class='ocr_par' dir='ltr' id='par_1_53' title="bbox 524 3386 2099 3460">
     <span class='ocr_line' id='line_1_53' title="bbox 524 3386 2099 3460; baseline 0 -13"><span class='ocrx_word' id='word_1_344' title='bbox 524 3392 589 3447; x_wconf 79' lang='lat' dir='ltr'>in</span> <span class='ocrx_word' id='word_1_345' title='bbox 609 3389 722 3445; x_wconf 87' lang='lat' dir='ltr'>illis</span> <span class='ocrx_word' id='word_1_346' title='bbox 759 3387 1001 3444; x_wconf 89' lang='lat' dir='ltr'>diebus:</span> <span class='ocrx_word' id='word_1_347' title='bbox 1033 3390 1328 3446; x_wconf 86' lang='lat' dir='ltr'>Venerunt</span> <span class='ocrx_word' id='word_1_348' title='bbox 1369 3388 1490 3445; x_wconf 92' lang='lat' dir='ltr'>duo</span> <span class='ocrx_word' id='word_1_349' title='bbox 1514 3386 1722 3460; x_wconf 79' lang='lat' dir='ltr'>Angeli</span> <span class='ocrx_word' id='word_1_350' title='bbox 1775 3389 2099 3447; x_wconf 90' lang='lat' dir='ltr'>Sodomam</span> 
     </span>
    </p>
   </div>
   <div class='ocr_carea' id='block_1_54' title="bbox 452 3476 2099 3552">
    <p class='ocr_par' dir='ltr' id='par_1_54' title="bbox 452 3476 2099 3552">
     <span class='ocr_line' id='line_1_54' title="bbox 452 3476 2099 3552; baseline 0.001 -15"><span class='ocrx_word' id='word_1_351' title='bbox 452 3492 722 3552; x_wconf 74' lang='lat' dir='ltr'>vespere,</span> <span class='ocrx_word' id='word_1_352' title='bbox 743 3476 985 3533; x_wconf 87' lang='lat' dir='ltr'>sedente</span> <span class='ocrx_word' id='word_1_353' title='bbox 1016 3478 1165 3535; x_wconf 87' lang='lat' dir='ltr'>Loth</span> <span class='ocrx_word' id='word_1_354' title='bbox 1193 3479 1254 3535; x_wconf 92' lang='lat' dir='ltr'>in</span> <span class='ocrx_word' id='word_1_355' title='bbox 1274 3477 1500 3534; x_wconf 86' lang='lat' dir='ltr'>foribus</span> <span class='ocrx_word' id='word_1_356' title='bbox 1533 3476 1804 3535; x_wconf 89' lang='lat' dir='ltr'>civitatis.</span> <span class='ocrx_word' id='word_1_357' title='bbox 1824 3478 1934 3546; x_wconf 85' lang='lat' dir='ltr'>Qui</span> <span class='ocrx_word' id='word_1_358' title='bbox 1962 3494 2099 3539; x_wconf 91' lang='lat' dir='ltr'>cum</span> 
     </span>
    </p>
   </div>
   <div class='ocr_carea' id='block_1_55' title="bbox 453 3566 2100 3643">
    <p class='ocr_par' dir='ltr' id='par_1_55' title="bbox 453 3566 2100 3643">
     <span class='ocr_line' id='line_1_55' title="bbox 453 3566 2100 3643; baseline -0.001 -16"><span class='ocrx_word' id='word_1_359' title='bbox 453 3569 698 3627; x_wconf 80' lang='lat' dir='ltr'>vidisset</span> <span class='ocrx_word' id='word_1_360' title='bbox 713 3568 1172 3637; x_wconf 81' lang='lat' dir='ltr'>eos,surrexit,et</span> <span class='ocrx_word' id='word_1_361' title='bbox 1199 3566 1550 3624; x_wconf 89' lang='lat' dir='ltr'>ivitobviam</span> <span class='ocrx_word' id='word_1_362' title='bbox 1562 3566 1646 3623; x_wconf 91' lang='lat' dir='ltr'>eis</span> <span class='ocrx_word' id='word_1_363' title='bbox 1667 3584 1681 3623; x_wconf 91' lang='lat'>:</span> <span class='ocrx_word' id='word_1_364' title='bbox 1714 3567 2100 3643; x_wconf 87' lang='lat' dir='ltr'>adoravitque</span> 
     </span>
    </p>
   </div>
   <div class='ocr_carea' id='block_1_56' title="bbox 452 3652 2100 3733">
    <p class='ocr_par' dir='ltr' id='par_1_56' title="bbox 452 3652 2100 3733">
     <span class='ocr_line' id='line_1_56' title="bbox 452 3652 2100 3733; baseline 0.002 -20"><span class='ocrx_word' id='word_1_365' title='bbox 452 3652 757 3733; x_wconf 84' lang='lat' dir='ltr'>pronusin</span> <span class='ocrx_word' id='word_1_366' title='bbox 787 3657 1020 3725; x_wconf 88' lang='lat' dir='ltr'>terra,et</span> <span class='ocrx_word' id='word_1_367' title='bbox 1039 3656 1180 3713; x_wconf 81' lang='lat' dir='ltr'>dixit</span> <span class='ocrx_word' id='word_1_368' title='bbox 1210 3674 1228 3711; x_wconf 73' lang='grc' dir='ltr'><em>ε</em></span> <span class='ocrx_word' id='word_1_369' title='bbox 1246 3656 1529 3721; x_wconf 87' lang='lat' dir='ltr'>Obsecro,</span> <span class='ocrx_word' id='word_1_370' title='bbox 1557 3654 2100 3727; x_wconf 87' lang='lat' dir='ltr'>Domini,declinate</span> 
     </span>
    </p>
   </div>
   <div class='ocr_carea' id='block_1_57' title="bbox 451 3743 2099 3819">
    <p class='ocr_par' dir='ltr' id='par_1_57' title="bbox 451 3743 2099 3819">
     <span class='ocr_line' id='line_1_57' title="bbox 451 3743 2099 3819; baseline 0 -15"><span class='ocrx_word' id='word_1_371' title='bbox 451 3748 516 3804; x_wconf 91' lang='lat' dir='ltr'>in</span> <span class='ocrx_word' id='word_1_372' title='bbox 544 3743 797 3800; x_wconf 90' lang='lat' dir='ltr'>domum</span> <span class='ocrx_word' id='word_1_373' title='bbox 810 3743 976 3813; x_wconf 90' lang='lat' dir='ltr'>pueri</span> <span class='ocrx_word' id='word_1_374' title='bbox 1005 3745 1202 3810; x_wconf 88' lang='lat' dir='ltr'>vestri,</span> <span class='ocrx_word' id='word_1_375' title='bbox 1232 3750 1287 3801; x_wconf 90' lang='lat' dir='ltr'>et</span> <span class='ocrx_word' id='word_1_376' title='bbox 1315 3748 1549 3803; x_wconf 89' lang='lat' dir='ltr'>manete</span> <span class='ocrx_word' id='word_1_377' title='bbox 1571 3744 1653 3801; x_wconf 87' lang='lat' dir='ltr'>ibi</span> <span class='ocrx_word' id='word_1_378' title='bbox 1673 3763 1683 3800; x_wconf 93' lang='lat'>:</span> <span class='ocrx_word' id='word_1_379' title='bbox 1709 3746 1901 3803; x_wconf 89' lang='lat' dir='ltr'>lavate</span> <span class='ocrx_word' id='word_1_380' title='bbox 1914 3747 2099 3819; x_wconf 88' lang='lat' dir='ltr'>pedes</span> 
     </span>
    </p>
   </div>
   <div class='ocr_carea' id='block_1_58' title="bbox 452 3832 2094 3904">
    <p class='ocr_par' dir='ltr' id='par_1_58' title="bbox 452 3832 2094 3904">
     <span class='ocr_line' id='line_1_58' title="bbox 452 3832 2094 3904; baseline 0.001 -12"><span class='ocrx_word' id='word_1_381' title='bbox 452 3838 705 3898; x_wconf 83' lang='lat' dir='ltr'>vestros,</span> <span class='ocrx_word' id='word_1_382' title='bbox 733 3836 789 3887; x_wconf 89' lang='lat' dir='ltr'>et</span> <span class='ocrx_word' id='word_1_383' title='bbox 817 3842 996 3887; x_wconf 87' lang='lat' dir='ltr'>mane</span> <span class='ocrx_word' id='word_1_384' title='bbox 1024 3832 1483 3904; x_wconf 87' lang='lat' dir='ltr'>proﬁciscemini</span> <span class='ocrx_word' id='word_1_385' title='bbox 1512 3835 1575 3891; x_wconf 91' lang='lat' dir='ltr'>in</span> <span class='ocrx_word' id='word_1_386' title='bbox 1610 3834 1773 3893; x_wconf 88' lang='lat' dir='ltr'>viam</span> <span class='ocrx_word' id='word_1_387' title='bbox 1814 3840 2094 3894; x_wconf 87' lang='lat' dir='ltr'>vestram.</span> 
     </span>
    </p>
   </div>
   <div class='ocr_carea' id='block_1_59' title="bbox 455 3922 2097 3998">
    <p class='ocr_par' dir='ltr' id='par_1_59' title="bbox 455 3922 2097 3998">
     <span class='ocr_line' id='line_1_59' title="bbox 455 3922 2097 3998; baseline 0.002 -17"><span class='ocrx_word' id='word_1_388' title='bbox 455 3925 567 3993; x_wconf 82' lang='lat' dir='ltr'>Qui</span> <span class='ocrx_word' id='word_1_389' title='bbox 585 3922 890 3980; x_wconf 86' lang='lat' dir='ltr'>dixerunt:</span> <span class='ocrx_word' id='word_1_390' title='bbox 926 3922 1179 3990; x_wconf 89' lang='lat' dir='ltr'>Minime,</span> <span class='ocrx_word' id='word_1_391' title='bbox 1218 3925 1323 3980; x_wconf 91' lang='lat' dir='ltr'>sed</span> <span class='ocrx_word' id='word_1_392' title='bbox 1352 3924 1413 3981; x_wconf 92' lang='lat' dir='ltr'>in</span> <span class='ocrx_word' id='word_1_393' title='bbox 1460 3926 1658 3998; x_wconf 90' lang='lat' dir='ltr'>platea</span> <span class='ocrx_word' id='word_1_394' title='bbox 1692 3924 2097 3987; x_wconf 89' lang='lat' dir='ltr'>manebimus.</span> 
     </span>
    </p>
   </div>
   <div class='ocr_carea' id='block_1_60' title="bbox 455 4012 2099 4087">
    <p class='ocr_par' dir='ltr' id='par_1_60' title="bbox 455 4012 2099 4087">
     <span class='ocr_line' id='line_1_60' title="bbox 455 4012 2099 4087; baseline 0.002 -16"><span class='ocrx_word' id='word_1_395' title='bbox 455 4013 752 4087; x_wconf 86' lang='lat' dir='ltr'>Compulit</span> <span class='ocrx_word' id='word_1_396' title='bbox 774 4013 905 4069; x_wconf 87' lang='lat' dir='ltr'>illos</span> <span class='ocrx_word' id='word_1_397' title='bbox 939 4013 1164 4085; x_wconf 89' lang='lat' dir='ltr'>oppido</span> <span class='ocrx_word' id='word_1_398' title='bbox 1186 4016 1250 4071; x_wconf 91' lang='lat' dir='ltr'>ut</span> <span class='ocrx_word' id='word_1_399' title='bbox 1282 4012 1639 4073; x_wconf 89' lang='lat' dir='ltr'>diverterent</span> <span class='ocrx_word' id='word_1_400' title='bbox 1678 4017 1759 4074; x_wconf 92' lang='lat' dir='ltr'>ad</span> <span class='ocrx_word' id='word_1_401' title='bbox 1788 4030 1927 4073; x_wconf 91' lang='lat' dir='ltr'>eum</span> <span class='ocrx_word' id='word_1_402' title='bbox 1961 4033 1973 4073; x_wconf 87' lang='lat'>:</span> <span class='ocrx_word' id='word_1_403' title='bbox 2005 4018 2099 4074; x_wconf 93' lang='lat' dir='ltr'>in-</span> 
     </span>
    </p>
   </div>
   <div class='ocr_carea' id='block_1_61' title="bbox 455 4102 2102 4177">
    <p class='ocr_par' dir='ltr' id='par_1_61' title="bbox 455 4102 2102 4177">
     <span class='ocr_line' id='line_1_61' title="bbox 455 4102 2102 4177; baseline 0.005 -20"><span class='ocrx_word' id='word_1_404' title='bbox 455 4102 796 4176; x_wconf 87' lang='lat' dir='ltr'>gressisque</span> <span class='ocrx_word' id='word_1_405' title='bbox 838 4103 1089 4159; x_wconf 89' lang='lat' dir='ltr'>domum</span> <span class='ocrx_word' id='word_1_406' title='bbox 1134 4102 1289 4159; x_wconf 85' lang='lat' dir='ltr'>illius</span> <span class='ocrx_word' id='word_1_407' title='bbox 1354 4103 1489 4162; x_wconf 88' lang='lat' dir='ltr'>fecit</span> <span class='ocrx_word' id='word_1_408' title='bbox 1533 4106 1893 4177; x_wconf 89' lang='lat' dir='ltr'>convivium,</span> <span class='ocrx_word' id='word_1_409' title='bbox 1944 4106 2102 4165; x_wconf 82' lang='lat' dir='ltr'>coxit</span> 
     </span>
    </p>
   </div>
   <div class='ocr_carea' id='block_1_62' title="bbox 454 4192 2098 4270">
    <p class='ocr_par' dir='ltr' id='par_1_62' title="bbox 454 4192 2098 4270">
     <span class='ocr_line' id='line_1_62' title="bbox 454 4192 2098 4270; baseline 0.002 -20"><span class='ocrx_word' id='word_1_410' title='bbox 454 4204 695 4265; x_wconf 84' lang='lat' dir='ltr'>azyma:</span> <span class='ocrx_word' id='word_1_411' title='bbox 728 4198 785 4250; x_wconf 91' lang='lat' dir='ltr'>et</span> <span class='ocrx_word' id='word_1_412' title='bbox 800 4192 1203 4249; x_wconf 88' lang='lat' dir='ltr'>comederunt.</span> <span class='ocrx_word' id='word_1_413' title='bbox 1229 4194 1392 4251; x_wconf 89' lang='lat' dir='ltr'>Prius</span> <span class='ocrx_word' id='word_1_414' title='bbox 1422 4198 1621 4252; x_wconf 88' lang='lat' dir='ltr'>autem</span> <span class='ocrx_word' id='word_1_415' title='bbox 1638 4212 1822 4270; x_wconf 88' lang='lat' dir='ltr'>quam</span> <span class='ocrx_word' id='word_1_416' title='bbox 1838 4196 2098 4254; x_wconf 87' lang='lat' dir='ltr'>irentcu-</span> 
     </span>
    </p>
   </div>
   <div class='ocr_carea' id='block_1_63' title="bbox 449 4278 2100 4348">
    <p class='ocr_par' dir='ltr' id='par_1_63' title="bbox 449 4278 2100 4348">
     <span class='ocr_line' id='line_1_63' title="bbox 449 4278 2100 4348; baseline 0.005 -12"><span class='ocrx_word' id='word_1_417' title='bbox 449 4278 664 4348; x_wconf 88' lang='lat' dir='ltr'>bitum,</span> <span class='ocrx_word' id='word_1_418' title='bbox 706 4283 815 4339; x_wconf 83' lang='lat' dir='ltr'>viri</span> <span class='ocrx_word' id='word_1_419' title='bbox 837 4278 1086 4339; x_wconf 86' lang='lat' dir='ltr'>civitatis</span> <span class='ocrx_word' id='word_1_420' title='bbox 1113 4281 1558 4342; x_wconf 84' lang='lat' dir='ltr'>devellaverunt</span> <span class='ocrx_word' id='word_1_421' title='bbox 1606 4285 1853 4342; x_wconf 91' lang='lat' dir='ltr'>domum</span> <span class='ocrx_word' id='word_1_422' title='bbox 1883 4284 2039 4343; x_wconf 90' lang='lat' dir='ltr'>illius</span> <span class='ocrx_word' id='word_1_423' title='bbox 2064 4303 2100 4344; x_wconf 88' lang='lat' dir='ltr'>a</span> 
     </span>
    </p>
   </div>
   <div class='ocr_carea' id='block_1_64' title="bbox 451 4372 2099 4447">
    <p class='ocr_par' dir='ltr' id='par_1_64' title="bbox 451 4372 2099 4447">
     <span class='ocr_line' id='line_1_64' title="bbox 451 4372 2099 4447; baseline 0.006 -23"><span class='ocrx_word' id='word_1_424' title='bbox 451 4384 639 4443; x_wconf 86' lang='lat' dir='ltr'>puero</span> <span class='ocrx_word' id='word_1_425' title='bbox 668 4379 861 4445; x_wconf 89' lang='lat' dir='ltr'>usque</span> <span class='ocrx_word' id='word_1_426' title='bbox 880 4372 959 4428; x_wconf 90' lang='lat' dir='ltr'>ad</span> <span class='ocrx_word' id='word_1_427' title='bbox 979 4384 1207 4443; x_wconf 87' lang='lat' dir='ltr'>senem,</span> <span class='ocrx_word' id='word_1_428' title='bbox 1230 4372 1428 4430; x_wconf 91' lang='lat' dir='ltr'>omnis</span> <span class='ocrx_word' id='word_1_429' title='bbox 1444 4372 1702 4447; x_wconf 81' lang='lat' dir='ltr'>populus</span> <span class='ocrx_word' id='word_1_430' title='bbox 1720 4375 2099 4434; x_wconf 87' lang='lat' dir='ltr'>simul.Voca-</span> 
     </span>
    </p>
   </div>
   <div class='ocr_carea' id='block_1_65' title="bbox 449 4461 2099 4538">
    <p class='ocr_par' dir='ltr' id='par_1_65' title="bbox 449 4461 2099 4538">
     <span class='ocr_line' id='line_1_65' title="bbox 449 4461 2099 4538; baseline 0.004 -21"><span class='ocrx_word' id='word_1_431' title='bbox 449 4465 776 4534; x_wconf 85' lang='lat' dir='ltr'>veruntque</span> <span class='ocrx_word' id='word_1_432' title='bbox 808 4461 1035 4529; x_wconf 87' lang='lat' dir='ltr'>Loth,et</span> <span class='ocrx_word' id='word_1_433' title='bbox 1062 4461 1339 4520; x_wconf 84' lang='lat' dir='ltr'>dixerunt</span> <span class='ocrx_word' id='word_1_434' title='bbox 1362 4463 1416 4519; x_wconf 92' lang='lat' dir='ltr'>ei</span> <span class='ocrx_word' id='word_1_435' title='bbox 1440 4479 1452 4518; x_wconf 90' lang='lat'>:</span> <span class='ocrx_word' id='word_1_436' title='bbox 1476 4465 1583 4520; x_wconf 92' lang='lat' dir='ltr'>Ubi</span> <span class='ocrx_word' id='word_1_437' title='bbox 1607 4470 1745 4521; x_wconf 90' lang='lat' dir='ltr'>sunt</span> <span class='ocrx_word' id='word_1_438' title='bbox 1771 4466 1877 4521; x_wconf 89' lang='lat' dir='ltr'>viri</span> <span class='ocrx_word' id='word_1_439' title='bbox 1898 4465 2099 4538; x_wconf 87' lang='lat' dir='ltr'>quiin.</span> 
     </span>
    </p>
   </div>
   <div class='ocr_carea' id='block_1_66' title="bbox 450 4548 2097 4625">
    <p class='ocr_par' dir='ltr' id='par_1_66' title="bbox 450 4548 2097 4625">
     <span class='ocr_line' id='line_1_66' title="bbox 450 4548 2097 4625; baseline 0.003 -20"><span class='ocrx_word' id='word_1_440' title='bbox 450 4548 736 4607; x_wconf 87' lang='lat' dir='ltr'>troierunt</span> <span class='ocrx_word' id='word_1_441' title='bbox 765 4550 843 4608; x_wconf 90' lang='lat' dir='ltr'>ad</span> <span class='ocrx_word' id='word_1_442' title='bbox 870 4556 923 4609; x_wconf 89' lang='lat' dir='ltr'>te</span> <span class='ocrx_word' id='word_1_443' title='bbox 952 4556 1125 4609; x_wconf 89' lang='lat' dir='ltr'>nocte</span> <span class='ocrx_word' id='word_1_444' title='bbox 1146 4554 1173 4609; x_wconf 86' lang='lat'><strong>?</strong></span> <span class='ocrx_word' id='word_1_445' title='bbox 1197 4553 1351 4610; x_wconf 90' lang='lat' dir='ltr'>educ</span> <span class='ocrx_word' id='word_1_446' title='bbox 1384 4552 1537 4621; x_wconf 88' lang='lat' dir='ltr'>illos,</span> <span class='ocrx_word' id='word_1_447' title='bbox 1570 4559 1633 4611; x_wconf 92' lang='lat' dir='ltr'>ut</span> <span class='ocrx_word' id='word_1_448' title='bbox 1655 4566 2097 4625; x_wconf 87' lang='lat' dir='ltr'>cognoscamus</span> 
     </span>
    </p>
   </div>
   <div class='ocr_carea' id='block_1_67' title="bbox 451 4641 2098 4717">
    <p class='ocr_par' dir='ltr' id='par_1_67' title="bbox 451 4641 2098 4717">
     <span class='ocr_line' id='line_1_67' title="bbox 451 4641 2098 4717; baseline 0.002 -19"><span class='ocrx_word' id='word_1_449' title='bbox 451 4655 574 4698; x_wconf 86' lang='lat' dir='ltr'>eos.</span> <span class='ocrx_word' id='word_1_450' title='bbox 616 4641 899 4712; x_wconf 84' lang='lat' dir='ltr'>Egressus</span> <span class='ocrx_word' id='word_1_451' title='bbox 924 4642 1001 4699; x_wconf 91' lang='lat' dir='ltr'>ad</span> <span class='ocrx_word' id='word_1_452' title='bbox 1023 4641 1151 4699; x_wconf 89' lang='lat' dir='ltr'>illos</span> <span class='ocrx_word' id='word_1_453' title='bbox 1176 4643 1339 4711; x_wconf 91' lang='lat' dir='ltr'>Loth,</span> <span class='ocrx_word' id='word_1_454' title='bbox 1369 4648 1503 4717; x_wconf 87' lang='lat' dir='ltr'>post</span> <span class='ocrx_word' id='word_1_455' title='bbox 1522 4648 1755 4714; x_wconf 89' lang='lat' dir='ltr'>tergum</span> <span class='ocrx_word' id='word_1_456' title='bbox 1778 4644 2098 4701; x_wconf 89' lang='lat' dir='ltr'>occludens</span> 
     </span>
    </p>
   </div>
   <div class='ocr_carea' id='block_1_68' title="bbox 452 4730 2096 4806">
    <p class='ocr_par' dir='ltr' id='par_1_68' title="bbox 452 4730 2096 4806">
     <span class='ocr_line' id='line_1_68' title="bbox 452 4730 2096 4806; baseline 0.002 -18"><span class='ocrx_word' id='word_1_457' title='bbox 452 4730 694 4798; x_wconf 87' lang='lat' dir='ltr'>Ostium,</span> <span class='ocrx_word' id='word_1_458' title='bbox 730 4732 836 4789; x_wconf 85' lang='lat' dir='ltr'>ait:</span> <span class='ocrx_word' id='word_1_459' title='bbox 865 4733 1071 4803; x_wconf 85' lang='lat' dir='ltr'>Nolite,</span> <span class='ocrx_word' id='word_1_460' title='bbox 1094 4748 1323 4806; x_wconf 74' lang='lat' dir='ltr'>quasso,</span> <span class='ocrx_word' id='word_1_461' title='bbox 1353 4731 1560 4790; x_wconf 83' lang='lat' dir='ltr'>fratres</span> <span class='ocrx_word' id='word_1_462' title='bbox 1591 4736 1729 4801; x_wconf 88' lang='lat' dir='ltr'>mei,</span> <span class='ocrx_word' id='word_1_463' title='bbox 1762 4733 1941 4790; x_wconf 88' lang='lat' dir='ltr'>nolite</span> <span class='ocrx_word' id='word_1_464' title='bbox 1970 4746 2096 4791; x_wconf 39' lang='lat' dir='ltr'>mas</span> 
     </span>
    </p>
   </div>
   <div class='ocr_carea' id='block_1_69' title="bbox 452 4811 2098 4895">
    <p class='ocr_par' dir='ltr' id='par_1_69' title="bbox 452 4811 2098 4895">
     <span class='ocr_line' id='line_1_69' title="bbox 452 4811 2098 4895; baseline 0.004 -20"><span class='ocrx_word' id='word_1_465' title='bbox 452 4811 579 4875; x_wconf 92' lang='lat' dir='ltr'>lum</span> <span class='ocrx_word' id='word_1_466' title='bbox 616 4820 971 4895; x_wconf 76' lang='lat' dir='ltr'>hoofacere.</span> <span class='ocrx_word' id='word_1_467' title='bbox 1010 4823 1209 4880; x_wconf 83' lang='lat' dir='ltr'>Habeo</span> <span class='ocrx_word' id='word_1_468' title='bbox 1238 4820 1394 4881; x_wconf 89' lang='lat' dir='ltr'>duas</span> <span class='ocrx_word' id='word_1_469' title='bbox 1444 4824 1618 4890; x_wconf 90' lang='lat' dir='ltr'>ﬁlias,</span> <span class='ocrx_word' id='word_1_470' title='bbox 1662 4836 1791 4895; x_wconf 70' lang='lat' dir='ltr'>qua:</span> <span class='ocrx_word' id='word_1_471' title='bbox 1839 4823 2098 4881; x_wconf 90' lang='lat' dir='ltr'>necdum</span> 
     </span>
    </p>
   </div>
   <div class='ocr_carea' id='block_1_70' title="bbox 455 4912 2099 4979">
    <p class='ocr_par' dir='ltr' id='par_1_70' title="bbox 455 4912 2099 4979">
     <span class='ocr_line' id='line_1_70' title="bbox 455 4912 2099 4979; baseline 0.004 -15"><span class='ocrx_word' id='word_1_472' title='bbox 455 4912 1064 4978; x_wconf 87' lang='lat' dir='ltr'>cognoveruntvirum</span> <span class='ocrx_word' id='word_1_473' title='bbox 1088 4928 1100 4979; x_wconf 93' lang='lat'><strong>;</strong></span> <span class='ocrx_word' id='word_1_474' title='bbox 1121 4913 1369 4971; x_wconf 86' lang='lat' dir='ltr'>educam</span> <span class='ocrx_word' id='word_1_475' title='bbox 1387 4928 1489 4969; x_wconf 89' lang='lat' dir='ltr'>eas</span> <span class='ocrx_word' id='word_1_476' title='bbox 1502 4912 1581 4969; x_wconf 87' lang='lat' dir='ltr'>ad</span> <span class='ocrx_word' id='word_1_477' title='bbox 1592 4917 1777 4979; x_wconf 87' lang='lat' dir='ltr'>vos,et</span> <span class='ocrx_word' id='word_1_478' title='bbox 1791 4912 2099 4970; x_wconf 87' lang='lat' dir='ltr'>abuttmini</span> 
     </span>
    </p>
   </div>
   <div class='ocr_carea' id='block_1_71' title="bbox 454 4995 2100 5071">
    <p class='ocr_par' dir='ltr' id='par_1_71' title="bbox 454 4995 2100 5071">
     <span class='ocr_line' id='line_1_71' title="bbox 454 4995 2100 5071; baseline 0.003 -17"><span class='ocrx_word' id='word_1_479' title='bbox 454 4996 543 5054; x_wconf 87' lang='lat' dir='ltr'>eis</span> <span class='ocrx_word' id='word_1_480' title='bbox 576 4995 729 5054; x_wconf 86' lang='lat' dir='ltr'>sicut</span> <span class='ocrx_word' id='word_1_481' title='bbox 756 4998 1044 5071; x_wconf 86' lang='lat' dir='ltr'>placuerit</span> <span class='ocrx_word' id='word_1_482' title='bbox 1061 5001 1251 5069; x_wconf 81' lang='lat' dir='ltr'>vobis,</span> <span class='ocrx_word' id='word_1_483' title='bbox 1286 5000 1771 5058; x_wconf 89' lang='lat' dir='ltr'>dummodoviris</span> <span class='ocrx_word' id='word_1_484' title='bbox 1795 5000 1918 5057; x_wconf 89' lang='lat' dir='ltr'>istis</span> <span class='ocrx_word' id='word_1_485' title='bbox 1952 4996 2100 5059; x_wconf 86' lang='lat' dir='ltr'>nihil</span> 
     </span>
    </p>
   </div>
   <div class='ocr_carea' id='block_1_72' title="bbox 453 5087 2098 5162">
    <p class='ocr_par' dir='ltr' id='par_1_72' title="bbox 453 5087 2098 5162">
     <span class='ocr_line' id='line_1_72' title="bbox 453 5087 2098 5162; baseline 0.001 -18"><span class='ocrx_word' id='word_1_486' title='bbox 453 5087 597 5144; x_wconf 87' lang='lat' dir='ltr'>mali</span> <span class='ocrx_word' id='word_1_487' title='bbox 607 5087 1003 5162; x_wconf 78' lang='lat' dir='ltr'>thciatis,quia</span> <span class='ocrx_word' id='word_1_488' title='bbox 1023 5088 1275 5159; x_wconf 87' lang='lat' dir='ltr'>ingressi</span> <span class='ocrx_word' id='word_1_489' title='bbox 1292 5093 1432 5144; x_wconf 87' lang='lat' dir='ltr'>sunt</span> <span class='ocrx_word' id='word_1_490' title='bbox 1452 5090 1568 5145; x_wconf 89' lang='lat' dir='ltr'>sub</span> <span class='ocrx_word' id='word_1_491' title='bbox 1584 5088 1800 5147; x_wconf 88' lang='lat' dir='ltr'>umbra</span> <span class='ocrx_word' id='word_1_492' title='bbox 1820 5090 2098 5147; x_wconf 87' lang='lat' dir='ltr'>culminis</span> 
     </span>
    </p>
   </div>
   <div class='ocr_carea' id='block_1_73' title="bbox 451 5166 2097 5238">
    <p class='ocr_par' dir='ltr' id='par_1_73' title="bbox 451 5166 2097 5238">
     <span class='ocr_line' id='line_1_73' title="bbox 451 5166 2097 5238; baseline 0.002 -3"><span class='ocrx_word' id='word_1_493' title='bbox 451 5176 594 5236; x_wconf 90' lang='lat' dir='ltr'>mei.</span> <span class='ocrx_word' id='word_1_494' title='bbox 620 5178 692 5234; x_wconf 88' lang='lat' dir='ltr'>At</span> <span class='ocrx_word' id='word_1_495' title='bbox 717 5177 797 5234; x_wconf 91' lang='lat' dir='ltr'>illi</span> <span class='ocrx_word' id='word_1_496' title='bbox 817 5179 1125 5234; x_wconf 84' lang='lat' dir='ltr'>dixerunt:</span> <span class='ocrx_word' id='word_1_497' title='bbox 1159 5166 1381 5231; x_wconf 80' lang='lat' dir='ltr'>Recede</span> <span class='ocrx_word' id='word_1_498' title='bbox 1412 5174 1573 5234; x_wconf 87' lang='lat' dir='ltr'>illuc.</span> <span class='ocrx_word' id='word_1_499' title='bbox 1616 5178 1681 5235; x_wconf 90' lang='lat' dir='ltr'>Et</span> <span class='ocrx_word' id='word_1_500' title='bbox 1724 5190 1950 5237; x_wconf 85' lang='lat' dir='ltr'>rursus.</span> <span class='ocrx_word' id='word_1_501' title='bbox 2004 5176 2097 5238; x_wconf 88' lang='lat' dir='ltr'>ln-</span> 
     </span>
    </p>
   </div>
   <div class='ocr_carea' id='block_1_74' title="bbox 450 5262 2100 5344">
    <p class='ocr_par' dir='ltr' id='par_1_74' title="bbox 450 5262 2100 5344">
     <span class='ocr_line' id='line_1_74' title="bbox 450 5262 2100 5344; baseline 0.003 -22"><span class='ocrx_word' id='word_1_502' title='bbox 450 5280 691 5338; x_wconf 85' lang='lat' dir='ltr'>gressus</span> <span class='ocrx_word' id='word_1_503' title='bbox 707 5262 1411 5339; x_wconf 86' lang='lat' dir='ltr'>es,inquiunt,utadvena</span> <span class='ocrx_word' id='word_1_504' title='bbox 1432 5280 1443 5321; x_wconf 92' lang='lat'>:</span> <span class='ocrx_word' id='word_1_505' title='bbox 1464 5268 1744 5339; x_wconf 89' lang='lat' dir='ltr'>numquid</span> <span class='ocrx_word' id='word_1_506' title='bbox 1766 5276 1828 5327; x_wconf 92' lang='lat' dir='ltr'>ut</span> <span class='ocrx_word' id='word_1_507' title='bbox 1833 5266 2100 5344; x_wconf 77' lang='lat' dir='ltr'>judices‘?</span> 
     </span>
    </p>
   </div>
   <div class='ocr_carea' id='block_1_75' title="bbox 451 5352 2099 5430">
    <p class='ocr_par' dir='ltr' id='par_1_75' title="bbox 451 5352 2099 5430">
     <span class='ocr_line' id='line_1_75' title="bbox 451 5352 2099 5430; baseline 0.002 -18"><span class='ocrx_word' id='word_1_508' title='bbox 451 5363 506 5412; x_wconf 84' lang='lat' dir='ltr'>te</span> <span class='ocrx_word' id='word_1_509' title='bbox 526 5368 669 5425; x_wconf 85' lang='lat' dir='ltr'>ergo</span> <span class='ocrx_word' id='word_1_510' title='bbox 697 5356 894 5428; x_wconf 88' lang='lat' dir='ltr'>ipsum</span> <span class='ocrx_word' id='word_1_511' title='bbox 915 5353 1108 5423; x_wconf 87' lang='lat' dir='ltr'>magis</span> <span class='ocrx_word' id='word_1_512' title='bbox 1136 5364 1323 5424; x_wconf 88' lang='lat' dir='ltr'>quam</span> <span class='ocrx_word' id='word_1_513' title='bbox 1351 5353 1464 5409; x_wconf 90' lang='lat' dir='ltr'>hos</span> <span class='ocrx_word' id='word_1_514' title='bbox 1485 5352 2099 5430; x_wconf 85' lang='lat' dir='ltr'>afﬂigemus.Vimque</span> 
     </span>
    </p>
   </div>
   <div class='ocr_carea' id='block_1_76' title="bbox 452 5438 2099 5523">
    <p class='ocr_par' dir='ltr' id='par_1_76' title="bbox 452 5438 2099 5523">
     <span class='ocr_line' id='line_1_76' title="bbox 452 5438 2099 5523; baseline 0.003 -25"><span class='ocrx_word' id='word_1_515' title='bbox 452 5441 753 5502; x_wconf 78' lang='lat' dir='ltr'>faciebant</span> <span class='ocrx_word' id='word_1_516' title='bbox 767 5444 913 5503; x_wconf 81' lang='lat' dir='ltr'>Loth</span> <span class='ocrx_word' id='word_1_517' title='bbox 923 5438 1432 5501; x_wconf 78' lang='lat' dir='ltr'>vehementissime</span> <span class='ocrx_word' id='word_1_518' title='bbox 1450 5460 1468 5499; x_wconf 73' lang='grc' dir='ltr'>ι</span> <span class='ocrx_word' id='word_1_519' title='bbox 1475 5444 1715 5517; x_wconf 79' lang='lat' dir='ltr'>jamque</span> <span class='ocrx_word' id='word_1_520' title='bbox 1732 5457 1922 5523; x_wconf 86' lang='lat' dir='ltr'>prope</span> <span class='ocrx_word' id='word_1_521' title='bbox 1930 5444 2099 5504; x_wconf 82' lang='lat' dir='ltr'>erant</span> 
     </span>
    </p>
   </div>
   <div class='ocr_carea' id='block_1_77' title="bbox 2219 1700 3883 1781">
    <p class='ocr_par' dir='ltr' id='par_1_77' title="bbox 2219 1700 3883 1781">
     <span class='ocr_line' id='line_1_77' title="bbox 2219 1700 3883 1781; baseline -0.004 -17"><span class='ocrx_word' id='word_1_522' title='bbox 2219 1705 2659 1781; x_wconf 89' lang='lat' dir='ltr'>prehenderunt</span> <span class='ocrx_word' id='word_1_523' title='bbox 2685 1718 2935 1761; x_wconf 89' lang='lat' dir='ltr'>manum</span> <span class='ocrx_word' id='word_1_524' title='bbox 2957 1700 3111 1774; x_wconf 90' lang='lat' dir='ltr'>ejus,</span> <span class='ocrx_word' id='word_1_525' title='bbox 3153 1706 3209 1758; x_wconf 90' lang='lat' dir='ltr'>et</span> <span class='ocrx_word' id='word_1_526' title='bbox 3239 1716 3491 1757; x_wconf 90' lang='lat' dir='ltr'>manum</span> <span class='ocrx_word' id='word_1_527' title='bbox 3535 1701 3755 1765; x_wconf 87' lang='lat' dir='ltr'>uxoris,</span> <span class='ocrx_word' id='word_1_528' title='bbox 3805 1716 3883 1758; x_wconf 86' lang='lat' dir='ltr'>ac</span> 
     </span>
    </p>
   </div>
   <div class='ocr_carea' id='block_1_78' title="bbox 2220 1787 3881 1865">
    <p class='ocr_par' dir='ltr' id='par_1_78' title="bbox 2220 1787 3881 1865">
     <span class='ocr_line' id='line_1_78' title="bbox 2220 1787 3881 1865; baseline -0.004 -13"><span class='ocrx_word' id='word_1_529' title='bbox 2220 1797 2479 1852; x_wconf 90' lang='lat' dir='ltr'>duarum</span> <span class='ocrx_word' id='word_1_530' title='bbox 2496 1795 2760 1853; x_wconf 89' lang='lat' dir='ltr'>ﬁliarum</span> <span class='ocrx_word' id='word_1_531' title='bbox 2778 1794 2932 1864; x_wconf 85' lang='lat' dir='ltr'>ejus,</span> <span class='ocrx_word' id='word_1_532' title='bbox 2975 1808 3046 1848; x_wconf 92' lang='lat' dir='ltr'>eo</span> <span class='ocrx_word' id='word_1_533' title='bbox 3079 1791 3241 1865; x_wconf 88' lang='lat' dir='ltr'>quod</span> <span class='ocrx_word' id='word_1_534' title='bbox 3269 1790 3541 1863; x_wconf 85' lang='lat' dir='ltr'>parceret</span> <span class='ocrx_word' id='word_1_535' title='bbox 3584 1787 3881 1845; x_wconf 88' lang='lat' dir='ltr'>Dominus</span> 
     </span>
    </p>
   </div>
   <div class='ocr_carea' id='block_1_79' title="bbox 2219 1875 3882 1955">
    <p class='ocr_par' dir='ltr' id='par_1_79' title="bbox 2219 1875 3882 1955">
     <span class='ocr_line' id='line_1_79' title="bbox 2219 1875 3882 1955; baseline -0.004 -15"><span class='ocrx_word' id='word_1_536' title='bbox 2219 1883 2323 1941; x_wconf 90' lang='lat' dir='ltr'>illi.</span> <span class='ocrx_word' id='word_1_537' title='bbox 2348 1884 2809 1955; x_wconf 91' lang='lat' dir='ltr'>Eduxeruntque</span> <span class='ocrx_word' id='word_1_538' title='bbox 2827 1897 2985 1946; x_wconf 91' lang='lat' dir='ltr'>eum,</span> <span class='ocrx_word' id='word_1_539' title='bbox 3019 1882 3075 1935; x_wconf 88' lang='lat' dir='ltr'>et</span> <span class='ocrx_word' id='word_1_540' title='bbox 3100 1882 3433 1949; x_wconf 91' lang='lat' dir='ltr'>posuerunt</span> <span class='ocrx_word' id='word_1_541' title='bbox 3462 1882 3629 1934; x_wconf 81' lang='lat' dir='ltr'>extra</span> <span class='ocrx_word' id='word_1_542' title='bbox 3676 1875 3882 1934; x_wconf 85' lang='lat' dir='ltr'>civita-</span> 
     </span>
    </p>
   </div>
   <div class='ocr_carea' id='block_1_80' title="bbox 2220 1965 3882 2044">
    <p class='ocr_par' dir='ltr' id='par_1_80' title="bbox 2220 1965 3882 2044">
     <span class='ocr_line' id='line_1_80' title="bbox 2220 1965 3882 2044; baseline -0.004 -15"><span class='ocrx_word' id='word_1_543' title='bbox 2220 1977 2340 2029; x_wconf 88' lang='lat' dir='ltr'>tem</span> <span class='ocrx_word' id='word_1_544' title='bbox 2365 1990 2379 2028; x_wconf 90' lang='lat'>:</span> <span class='ocrx_word' id='word_1_545' title='bbox 2398 1972 2601 2044; x_wconf 91' lang='lat' dir='ltr'>ibique</span> <span class='ocrx_word' id='word_1_546' title='bbox 2620 1971 2799 2028; x_wconf 90' lang='lat' dir='ltr'>locuti</span> <span class='ocrx_word' id='word_1_547' title='bbox 2824 1973 2961 2025; x_wconf 90' lang='lat' dir='ltr'>sunt</span> <span class='ocrx_word' id='word_1_548' title='bbox 2983 1968 3062 2027; x_wconf 86' lang='lat' dir='ltr'>ad</span> <span class='ocrx_word' id='word_1_549' title='bbox 3078 1967 3537 2032; x_wconf 87' lang='lat' dir='ltr'>eum,dicentes:</span> <span class='ocrx_word' id='word_1_550' title='bbox 3566 1965 3737 2022; x_wconf 84' lang='lat' dir='ltr'>Salva</span> <span class='ocrx_word' id='word_1_551' title='bbox 3750 1966 3882 2024; x_wconf 86' lang='lat' dir='ltr'>ani-</span> 
     </span>
    </p>
   </div>
   <div class='ocr_carea' id='block_1_81' title="bbox 2219 2056 3881 2130">
    <p class='ocr_par' dir='ltr' id='par_1_81' title="bbox 2219 2056 3881 2130">
     <span class='ocr_line' id='line_1_81' title="bbox 2219 2056 3881 2130; baseline -0.005 -12"><span class='ocrx_word' id='word_1_552' title='bbox 2219 2076 2386 2118; x_wconf 91' lang='lat' dir='ltr'>mam</span> <span class='ocrx_word' id='word_1_553' title='bbox 2407 2066 2574 2117; x_wconf 87' lang='lat' dir='ltr'>tuam</span> <span class='ocrx_word' id='word_1_554' title='bbox 2598 2077 2612 2115; x_wconf 90' lang='lat'>:</span> <span class='ocrx_word' id='word_1_555' title='bbox 2640 2057 2763 2115; x_wconf 91' lang='lat' dir='ltr'>noli</span> <span class='ocrx_word' id='word_1_556' title='bbox 2780 2058 3071 2130; x_wconf 90' lang='lat' dir='ltr'>respicere</span> <span class='ocrx_word' id='word_1_557' title='bbox 3087 2059 3497 2129; x_wconf 91' lang='lat' dir='ltr'>posttergum,</span> <span class='ocrx_word' id='word_1_558' title='bbox 3526 2069 3637 2111; x_wconf 90' lang='lat' dir='ltr'>nec</span> <span class='ocrx_word' id='word_1_559' title='bbox 3659 2058 3779 2112; x_wconf 89' lang='lat' dir='ltr'>stes</span> <span class='ocrx_word' id='word_1_560' title='bbox 3817 2056 3881 2111; x_wconf 89' lang='lat' dir='ltr'>in</span> 
     </span>
    </p>
   </div>
   <div class='ocr_carea' id='block_1_82' title="bbox 2218 2142 3880 2218">
    <p class='ocr_par' dir='ltr' id='par_1_82' title="bbox 2218 2142 3880 2218">
     <span class='ocr_line' id='line_1_82' title="bbox 2218 2142 3880 2218; baseline -0.004 -12"><span class='ocrx_word' id='word_1_561' title='bbox 2218 2149 2385 2206; x_wconf 90' lang='lat' dir='ltr'>omni</span> <span class='ocrx_word' id='word_1_562' title='bbox 2402 2146 2562 2206; x_wconf 90' lang='lat' dir='ltr'>circa</span> <span class='ocrx_word' id='word_1_563' title='bbox 2580 2148 2823 2218; x_wconf 89' lang='lat' dir='ltr'>regione</span> <span class='ocrx_word' id='word_1_564' title='bbox 2845 2170 2856 2201; x_wconf 90' lang='lat'>:</span> <span class='ocrx_word' id='word_1_565' title='bbox 2878 2146 2983 2203; x_wconf 91' lang='lat' dir='ltr'>sed</span> <span class='ocrx_word' id='word_1_566' title='bbox 2998 2146 3058 2202; x_wconf 93' lang='lat' dir='ltr'>in</span> <span class='ocrx_word' id='word_1_567' title='bbox 3081 2149 3284 2202; x_wconf 92' lang='lat' dir='ltr'>monte</span> <span class='ocrx_word' id='word_1_568' title='bbox 3308 2143 3542 2201; x_wconf 88' lang='lat' dir='ltr'>salvum</span> <span class='ocrx_word' id='word_1_569' title='bbox 3564 2147 3617 2199; x_wconf 89' lang='lat' dir='ltr'>te</span> <span class='ocrx_word' id='word_1_570' title='bbox 3653 2142 3769 2211; x_wconf 91' lang='lat' dir='ltr'>fac,</span> <span class='ocrx_word' id='word_1_571' title='bbox 3801 2158 3880 2200; x_wconf 91' lang='lat' dir='ltr'>ne</span> 
     </span>
    </p>
   </div>
   <div class='ocr_carea' id='block_1_83' title="bbox 2216 2231 3881 2310">
    <p class='ocr_par' dir='ltr' id='par_1_83' title="bbox 2216 2231 3881 2310">
     <span class='ocr_line' id='line_1_83' title="bbox 2216 2231 3881 2310; baseline -0.003 -17"><span class='ocrx_word' id='word_1_572' title='bbox 2216 2243 2272 2294; x_wconf 93' lang='lat' dir='ltr'>et</span> <span class='ocrx_word' id='word_1_573' title='bbox 2293 2246 2353 2295; x_wconf 93' lang='lat' dir='ltr'>tu</span> <span class='ocrx_word' id='word_1_574' title='bbox 2376 2238 2555 2294; x_wconf 89' lang='lat' dir='ltr'>simul</span> <span class='ocrx_word' id='word_1_575' title='bbox 2584 2237 3096 2310; x_wconf 90' lang='lat' dir='ltr'>pereas.Dixitque</span> <span class='ocrx_word' id='word_1_576' title='bbox 3120 2234 3264 2290; x_wconf 90' lang='lat' dir='ltr'>Loth</span> <span class='ocrx_word' id='word_1_577' title='bbox 3277 2233 3355 2290; x_wconf 89' lang='lat' dir='ltr'>ad</span> <span class='ocrx_word' id='word_1_578' title='bbox 3372 2234 3742 2300; x_wconf 76' lang='lat' dir='ltr'>eoszQueeso,</span> <span class='ocrx_word' id='word_1_579' title='bbox 3764 2231 3881 2289; x_wconf 91' lang='lat' dir='ltr'>Do-</span> 
     </span>
    </p>
   </div>
   <div class='ocr_carea' id='block_1_84' title="bbox 2214 2321 3875 2398">
    <p class='ocr_par' dir='ltr' id='par_1_84' title="bbox 2214 2321 3875 2398">
     <span class='ocr_line' id='line_1_84' title="bbox 2214 2321 3875 2398; baseline -0.003 -16"><span class='ocrx_word' id='word_1_580' title='bbox 2214 2326 2374 2382; x_wconf 89' lang='lat' dir='ltr'>mine</span> <span class='ocrx_word' id='word_1_581' title='bbox 2400 2326 2651 2398; x_wconf 91' lang='lat' dir='ltr'>mi,quia</span> <span class='ocrx_word' id='word_1_582' title='bbox 2671 2325 2897 2380; x_wconf 90' lang='lat' dir='ltr'>invenit</span> <span class='ocrx_word' id='word_1_583' title='bbox 2917 2338 3125 2380; x_wconf 91' lang='lat' dir='ltr'>servus</span> <span class='ocrx_word' id='word_1_584' title='bbox 3149 2326 3286 2379; x_wconf 90' lang='lat' dir='ltr'>tuus</span> <span class='ocrx_word' id='word_1_585' title='bbox 3305 2321 3563 2393; x_wconf 86' lang='lat' dir='ltr'>gratiam</span> <span class='ocrx_word' id='word_1_586' title='bbox 3582 2336 3783 2378; x_wconf 89' lang='lat' dir='ltr'>coram</span> <span class='ocrx_word' id='word_1_587' title='bbox 3800 2326 3875 2386; x_wconf 87' lang='lat' dir='ltr'>te,</span> 
     </span>
    </p>
   </div>
   <div class='ocr_carea' id='block_1_85' title="bbox 2214 2407 3879 2488">
    <p class='ocr_par' dir='ltr' id='par_1_85' title="bbox 2214 2407 3879 2488">
     <span class='ocr_line' id='line_1_85' title="bbox 2214 2407 3879 2488; baseline -0.004 -17"><span class='ocrx_word' id='word_1_588' title='bbox 2214 2420 2271 2471; x_wconf 92' lang='lat' dir='ltr'>et</span> <span class='ocrx_word' id='word_1_589' title='bbox 2291 2414 2689 2488; x_wconf 87' lang='lat' dir='ltr'>magniﬁcasti</span> <span class='ocrx_word' id='word_1_590' title='bbox 2713 2415 2755 2485; x_wconf 82' lang='lat'><strong>1</strong></span> <span class='ocrx_word' id='word_1_591' title='bbox 2772 2414 2885 2486; x_wconf 82' lang='lat'>59</span> <span class='ocrx_word' id='word_1_592' title='bbox 2906 2412 3149 2483; x_wconf 88' lang='lat' dir='ltr'>gloriam</span> <span class='ocrx_word' id='word_1_593' title='bbox 3167 2415 3223 2467; x_wconf 92' lang='lat' dir='ltr'>et</span> <span class='ocrx_word' id='word_1_594' title='bbox 3240 2407 3700 2469; x_wconf 89' lang='lat' dir='ltr'>misericordiam</span> <span class='ocrx_word' id='word_1_595' title='bbox 3720 2414 3879 2469; x_wconf 90' lang='lat' dir='ltr'>tuam</span> 
     </span>
    </p>
   </div>
   <div class='ocr_carea' id='block_1_86' title="bbox 2214 2500 3880 2577">
    <p class='ocr_par' dir='ltr' id='par_1_86' title="bbox 2214 2500 3880 2577">
     <span class='ocr_line' id='line_1_86' title="bbox 2214 2500 3880 2577; baseline -0.002 -18"><span class='ocrx_word' id='word_1_596' title='bbox 2214 2520 2401 2577; x_wconf 89' lang='lat' dir='ltr'>quam</span> <span class='ocrx_word' id='word_1_597' title='bbox 2415 2502 2605 2559; x_wconf 89' lang='lat' dir='ltr'>fecisti</span> <span class='ocrx_word' id='word_1_598' title='bbox 2622 2506 2955 2570; x_wconf 90' lang='lat' dir='ltr'>mecum,ut</span> <span class='ocrx_word' id='word_1_599' title='bbox 2977 2501 3242 2557; x_wconf 91' lang='lat' dir='ltr'>salvares</span> <span class='ocrx_word' id='word_1_600' title='bbox 3257 2500 3530 2556; x_wconf 91' lang='lat' dir='ltr'>animam</span> <span class='ocrx_word' id='word_1_601' title='bbox 3548 2514 3880 2566; x_wconf 89' lang='lat' dir='ltr'>meam,nec</span> 
     </span>
    </p>
   </div>
   <div class='ocr_carea' id='block_1_87' title="bbox 2213 2588 3879 2667">
    <p class='ocr_par' dir='ltr' id='par_1_87' title="bbox 2213 2588 3879 2667">
     <span class='ocr_line' id='line_1_87' title="bbox 2213 2588 3879 2667; baseline -0.002 -18"><span class='ocrx_word' id='word_1_602' title='bbox 2213 2604 2464 2666; x_wconf 91' lang='lat' dir='ltr'>possum</span> <span class='ocrx_word' id='word_1_603' title='bbox 2490 2593 2551 2667; x_wconf 87' lang='lat' dir='ltr'>in</span> <span class='ocrx_word' id='word_1_604' title='bbox 2572 2596 2773 2648; x_wconf 89' lang='lat' dir='ltr'>monte</span> <span class='ocrx_word' id='word_1_605' title='bbox 2799 2591 3039 2659; x_wconf 89' lang='lat' dir='ltr'>salvari,</span> <span class='ocrx_word' id='word_1_606' title='bbox 3063 2606 3137 2647; x_wconf 92' lang='lat' dir='ltr'>ne</span> <span class='ocrx_word' id='word_1_607' title='bbox 3166 2589 3317 2647; x_wconf 89' lang='lat' dir='ltr'>forte</span> <span class='ocrx_word' id='word_1_608' title='bbox 3338 2588 3755 2664; x_wconf 88' lang='lat' dir='ltr'>apprehendat</span> <span class='ocrx_word' id='word_1_609' title='bbox 3778 2604 3879 2645; x_wconf 90' lang='lat' dir='ltr'>me</span> 
     </span>
    </p>
   </div>
   <div class='ocr_carea' id='block_1_88' title="bbox 2214 2678 3877 2751">
    <p class='ocr_par' dir='ltr' id='par_1_88' title="bbox 2214 2678 3877 2751">
     <span class='ocr_line' id='line_1_88' title="bbox 2214 2678 3877 2751; baseline -0.002 -13"><span class='ocrx_word' id='word_1_610' title='bbox 2214 2682 2465 2751; x_wconf 86' lang='lat' dir='ltr'>malum,</span> <span class='ocrx_word' id='word_1_611' title='bbox 2493 2686 2549 2737; x_wconf 92' lang='lat' dir='ltr'>et</span> <span class='ocrx_word' id='word_1_612' title='bbox 2570 2682 2830 2737; x_wconf 90' lang='lat' dir='ltr'>moriar:</span> <span class='ocrx_word' id='word_1_613' title='bbox 2864 2680 2961 2735; x_wconf 86' lang='lat' dir='ltr'>Est</span> <span class='ocrx_word' id='word_1_614' title='bbox 2983 2679 3194 2736; x_wconf 90' lang='lat' dir='ltr'>civitas</span> <span class='ocrx_word' id='word_1_615' title='bbox 3216 2679 3312 2736; x_wconf 91' lang='lat' dir='ltr'>hic</span> <span class='ocrx_word' id='word_1_616' title='bbox 3339 2678 3533 2751; x_wconf 82' lang='lat' dir='ltr'>juxta,</span> <span class='ocrx_word' id='word_1_617' title='bbox 3560 2678 3638 2734; x_wconf 91' lang='lat' dir='ltr'>ad</span> <span class='ocrx_word' id='word_1_618' title='bbox 3685 2694 3877 2751; x_wconf 90' lang='lat' dir='ltr'>quam</span> 
     </span>
    </p>
   </div>
   <div class='ocr_carea' id='block_1_89' title="bbox 2214 2767 3878 2846">
    <p class='ocr_par' dir='ltr' id='par_1_89' title="bbox 2214 2767 3878 2846">
     <span class='ocr_line' id='line_1_89' title="bbox 2214 2767 3878 2846; baseline -0.003 -18"><span class='ocrx_word' id='word_1_619' title='bbox 2214 2786 2464 2846; x_wconf 90' lang='lat' dir='ltr'>possum</span> <span class='ocrx_word' id='word_1_620' title='bbox 2482 2768 2708 2841; x_wconf 88' lang='lat' dir='ltr'>fugere,</span> <span class='ocrx_word' id='word_1_621' title='bbox 2729 2785 2938 2843; x_wconf 86' lang='lat' dir='ltr'>parva,</span> <span class='ocrx_word' id='word_1_622' title='bbox 2971 2772 3028 2825; x_wconf 90' lang='lat' dir='ltr'>et</span> <span class='ocrx_word' id='word_1_623' title='bbox 3041 2767 3327 2825; x_wconf 90' lang='lat' dir='ltr'>salvabor</span> <span class='ocrx_word' id='word_1_624' title='bbox 3342 2767 3403 2824; x_wconf 90' lang='lat' dir='ltr'>in</span> <span class='ocrx_word' id='word_1_625' title='bbox 3433 2780 3504 2825; x_wconf 91' lang='lat' dir='ltr'>ea</span> <span class='ocrx_word' id='word_1_626' title='bbox 3536 2768 3878 2841; x_wconf 90' lang='lat' dir='ltr'>:numquid</span> 
     </span>
    </p>
   </div>
   <div class='ocr_carea' id='block_1_90' title="bbox 2215 2854 3877 2929">
    <p class='ocr_par' dir='ltr' id='par_1_90' title="bbox 2215 2854 3877 2929">
     <span class='ocr_line' id='line_1_90' title="bbox 2215 2854 3877 2929; baseline -0.004 -12"><span class='ocrx_word' id='word_1_627' title='bbox 2215 2874 2340 2917; x_wconf 91' lang='lat' dir='ltr'>non</span> <span class='ocrx_word' id='word_1_628' title='bbox 2377 2858 2618 2916; x_wconf 90' lang='lat' dir='ltr'>modica</span> <span class='ocrx_word' id='word_1_629' title='bbox 2638 2862 2745 2923; x_wconf 92' lang='lat' dir='ltr'>est,</span> <span class='ocrx_word' id='word_1_630' title='bbox 2777 2862 2833 2915; x_wconf 89' lang='lat' dir='ltr'>et</span> <span class='ocrx_word' id='word_1_631' title='bbox 2857 2859 3016 2915; x_wconf 89' lang='lat' dir='ltr'>vivet</span> <span class='ocrx_word' id='word_1_632' title='bbox 3044 2857 3249 2914; x_wconf 88' lang='lat' dir='ltr'>anima</span> <span class='ocrx_word' id='word_1_633' title='bbox 3270 2856 3447 2914; x_wconf 83' lang='lat' dir='ltr'>mea?</span> <span class='ocrx_word' id='word_1_634' title='bbox 3474 2854 3749 2929; x_wconf 86' lang='lat' dir='ltr'>Dixitque</span> <span class='ocrx_word' id='word_1_635' title='bbox 3795 2856 3877 2912; x_wconf 90' lang='lat' dir='ltr'>ad</span> 
     </span>
    </p>
   </div>
   <div class='ocr_carea' id='block_1_91' title="bbox 2218 2945 3879 3018">
    <p class='ocr_par' dir='ltr' id='par_1_91' title="bbox 2218 2945 3879 3018">
     <span class='ocr_line' id='line_1_91' title="bbox 2218 2945 3879 3018; baseline -0.003 -13"><span class='ocrx_word' id='word_1_636' title='bbox 2218 2964 2356 3005; x_wconf 91' lang='lat' dir='ltr'>eum</span> <span class='ocrx_word' id='word_1_637' title='bbox 2382 2966 2393 3003; x_wconf 89' lang='lat'>:</span> <span class='ocrx_word' id='word_1_638' title='bbox 2420 2949 2565 3004; x_wconf 88' lang='lat' dir='ltr'>Ecce</span> <span class='ocrx_word' id='word_1_639' title='bbox 2585 2948 2765 3003; x_wconf 92' lang='lat' dir='ltr'>etiam</span> <span class='ocrx_word' id='word_1_640' title='bbox 2793 2947 2853 3002; x_wconf 92' lang='lat' dir='ltr'>in</span> <span class='ocrx_word' id='word_1_641' title='bbox 2872 2946 2986 3004; x_wconf 92' lang='lat' dir='ltr'>hoc</span> <span class='ocrx_word' id='word_1_642' title='bbox 3002 2945 3241 3018; x_wconf 89' lang='lat' dir='ltr'>suscepi</span> <span class='ocrx_word' id='word_1_643' title='bbox 3264 2961 3469 3018; x_wconf 90' lang='lat' dir='ltr'>preces</span> <span class='ocrx_word' id='word_1_644' title='bbox 3492 2947 3640 3015; x_wconf 89' lang='lat' dir='ltr'>tuas,</span> <span class='ocrx_word' id='word_1_645' title='bbox 3667 2946 3733 2999; x_wconf 93' lang='lat' dir='ltr'>ut</span> <span class='ocrx_word' id='word_1_646' title='bbox 3750 2958 3879 3001; x_wconf 89' lang='lat' dir='ltr'>non</span> 
     </span>
    </p>
   </div>
   <div class='ocr_carea' id='block_1_92' title="bbox 2220 3032 3878 3108">
    <p class='ocr_par' dir='ltr' id='par_1_92' title="bbox 2220 3032 3878 3108">
     <span class='ocr_line' id='line_1_92' title="bbox 2220 3032 3878 3108; baseline -0.002 -15"><span class='ocrx_word' id='word_1_647' title='bbox 2220 3037 2563 3094; x_wconf 89' lang='lat' dir='ltr'>subvertam</span> <span class='ocrx_word' id='word_1_648' title='bbox 2589 3034 2803 3091; x_wconf 90' lang='lat' dir='ltr'>urbem</span> <span class='ocrx_word' id='word_1_649' title='bbox 2844 3051 2955 3108; x_wconf 91' lang='lat' dir='ltr'>pro</span> <span class='ocrx_word' id='word_1_650' title='bbox 2997 3051 3120 3108; x_wconf 89' lang='lat' dir='ltr'>qua</span> <span class='ocrx_word' id='word_1_651' title='bbox 3149 3033 3385 3091; x_wconf 90' lang='lat' dir='ltr'>locutus</span> <span class='ocrx_word' id='word_1_652' title='bbox 3418 3048 3502 3089; x_wconf 89' lang='lat' dir='ltr'>es.</span> <span class='ocrx_word' id='word_1_653' title='bbox 3532 3032 3791 3099; x_wconf 87' lang='lat' dir='ltr'>Festina,</span> <span class='ocrx_word' id='word_1_654' title='bbox 3820 3036 3878 3089; x_wconf 87' lang='lat' dir='ltr'>et</span> 
     </span>
    </p>
   </div>
   <div class='ocr_carea' id='block_1_93' title="bbox 2218 3120 3878 3198">
    <p class='ocr_par' dir='ltr' id='par_1_93' title="bbox 2218 3120 3878 3198">
     <span class='ocr_line' id='line_1_93' title="bbox 2218 3120 3878 3198; baseline -0.002 -17"><span class='ocrx_word' id='word_1_655' title='bbox 2218 3126 2451 3182; x_wconf 89' lang='lat' dir='ltr'>salvare</span> <span class='ocrx_word' id='word_1_656' title='bbox 2474 3125 2727 3198; x_wconf 79' lang='lat' dir='ltr'>ibizquia</span> <span class='ocrx_word' id='word_1_657' title='bbox 2742 3139 2865 3180; x_wconf 91' lang='lat' dir='ltr'>non</span> <span class='ocrx_word' id='word_1_658' title='bbox 2894 3127 3102 3196; x_wconf 90' lang='lat' dir='ltr'>potero</span> <span class='ocrx_word' id='word_1_659' title='bbox 3124 3124 3315 3180; x_wconf 89' lang='lat' dir='ltr'>facere</span> <span class='ocrx_word' id='word_1_660' title='bbox 3338 3122 3664 3196; x_wconf 88' lang='lat' dir='ltr'>quicquam</span> <span class='ocrx_word' id='word_1_661' title='bbox 3680 3120 3878 3178; x_wconf 90' lang='lat' dir='ltr'>donec</span> 
     </span>
    </p>
   </div>
   <div class='ocr_carea' id='block_1_94' title="bbox 2214 3210 3878 3288">
    <p class='ocr_par' dir='ltr' id='par_1_94' title="bbox 2214 3210 3878 3288">
     <span class='ocr_line' id='line_1_94' title="bbox 2214 3210 3878 3288; baseline -0.003 -17"><span class='ocrx_word' id='word_1_662' title='bbox 2214 3215 2566 3288; x_wconf 88' lang='lat' dir='ltr'>ingrediaris</span> <span class='ocrx_word' id='word_1_663' title='bbox 2596 3214 2755 3270; x_wconf 89' lang='lat' dir='ltr'>illuc.</span> <span class='ocrx_word' id='word_1_664' title='bbox 2790 3214 3014 3269; x_wconf 90' lang='lat' dir='ltr'>Idcirco</span> <span class='ocrx_word' id='word_1_665' title='bbox 3039 3218 3320 3270; x_wconf 89' lang='lat' dir='ltr'>vocatum</span> <span class='ocrx_word' id='word_1_666' title='bbox 3348 3218 3435 3268; x_wconf 90' lang='lat' dir='ltr'>est</span> <span class='ocrx_word' id='word_1_667' title='bbox 3460 3226 3680 3268; x_wconf 91' lang='lat' dir='ltr'>nomen</span> <span class='ocrx_word' id='word_1_668' title='bbox 3705 3210 3878 3267; x_wconf 89' lang='lat' dir='ltr'>urbis</span> 
     </span>
    </p>
   </div>
   <div class='ocr_carea' id='block_1_95' title="bbox 2212 3300 3880 3375">
    <p class='ocr_par' dir='ltr' id='par_1_95' title="bbox 2212 3300 3880 3375">
     <span class='ocr_line' id='line_1_95' title="bbox 2212 3300 3880 3375; baseline -0.002 -14"><span class='ocrx_word' id='word_1_669' title='bbox 2212 3302 2365 3361; x_wconf 85' lang='lat' dir='ltr'>illius</span> <span class='ocrx_word' id='word_1_670' title='bbox 2388 3303 2693 3375; x_wconf 91' lang='lat' dir='ltr'>Segor.Sol</span> <span class='ocrx_word' id='word_1_671' title='bbox 2732 3319 3007 3374; x_wconf 88' lang='lat' dir='ltr'>egressus</span> <span class='ocrx_word' id='word_1_672' title='bbox 3052 3307 3140 3359; x_wconf 91' lang='lat' dir='ltr'>est</span> <span class='ocrx_word' id='word_1_673' title='bbox 3167 3318 3349 3375; x_wconf 90' lang='lat' dir='ltr'>super</span> <span class='ocrx_word' id='word_1_674' title='bbox 3378 3307 3617 3365; x_wconf 89' lang='lat' dir='ltr'>terram,</span> <span class='ocrx_word' id='word_1_675' title='bbox 3650 3304 3708 3357; x_wconf 91' lang='lat' dir='ltr'>et</span> <span class='ocrx_word' id='word_1_676' title='bbox 3730 3300 3880 3357; x_wconf 87' lang='lat' dir='ltr'>Loth</span> 
     </span>
    </p>
   </div>
   <div class='ocr_carea' id='block_1_96' title="bbox 2210 3390 3875 3464">
    <p class='ocr_par' dir='ltr' id='par_1_96' title="bbox 2210 3390 3875 3464">
     <span class='ocr_line' id='line_1_96' title="bbox 2210 3390 3875 3464; baseline -0.002 -16"><span class='ocrx_word' id='word_1_677' title='bbox 2210 3394 2514 3464; x_wconf 91' lang='lat' dir='ltr'>ingressus</span> <span class='ocrx_word' id='word_1_678' title='bbox 2533 3398 2623 3451; x_wconf 91' lang='lat' dir='ltr'>est</span> <span class='ocrx_word' id='word_1_679' title='bbox 2646 3391 3042 3463; x_wconf 86' lang='lat' dir='ltr'>Segor.lgitur</span> <span class='ocrx_word' id='word_1_680' title='bbox 3062 3390 3353 3448; x_wconf 90' lang='lat' dir='ltr'>Dominus</span> <span class='ocrx_word' id='word_1_681' title='bbox 3385 3390 3538 3464; x_wconf 89' lang='lat' dir='ltr'>pluit</span> <span class='ocrx_word' id='word_1_682' title='bbox 3568 3404 3748 3463; x_wconf 89' lang='lat' dir='ltr'>super</span> <span class='ocrx_word' id='word_1_683' title='bbox 3771 3391 3875 3446; x_wconf 90' lang='lat' dir='ltr'>So-</span> 
     </span>
    </p>
   </div>
   <div class='ocr_carea' id='block_1_97' title="bbox 2210 3479 3877 3553">
    <p class='ocr_par' dir='ltr' id='par_1_97' title="bbox 2210 3479 3877 3553">
     <span class='ocr_line' id='line_1_97' title="bbox 2210 3479 3877 3553; baseline -0.002 -16"><span class='ocrx_word' id='word_1_684' title='bbox 2210 3481 2460 3538; x_wconf 90' lang='lat' dir='ltr'>domam</span> <span class='ocrx_word' id='word_1_685' title='bbox 2483 3484 2538 3539; x_wconf 90' lang='lat' dir='ltr'>et</span> <span class='ocrx_word' id='word_1_686' title='bbox 2570 3480 2971 3537; x_wconf 91' lang='lat' dir='ltr'>Gomorrham</span> <span class='ocrx_word' id='word_1_687' title='bbox 2993 3479 3246 3553; x_wconf 91' lang='lat' dir='ltr'>sulphur</span> <span class='ocrx_word' id='word_1_688' title='bbox 3266 3484 3322 3536; x_wconf 91' lang='lat' dir='ltr'>et</span> <span class='ocrx_word' id='word_1_689' title='bbox 3347 3480 3551 3551; x_wconf 90' lang='lat' dir='ltr'>ignem</span> <span class='ocrx_word' id='word_1_690' title='bbox 3568 3494 3605 3535; x_wconf 92' lang='lat' dir='ltr'>a</span> <span class='ocrx_word' id='word_1_691' title='bbox 3620 3479 3877 3535; x_wconf 87' lang='lat' dir='ltr'>Domino</span> 
     </span>
    </p>
   </div>
   <div class='ocr_carea' id='block_1_98' title="bbox 2208 3567 3879 3635">
    <p class='ocr_par' dir='ltr' id='par_1_98' title="bbox 2208 3567 3879 3635">
     <span class='ocr_line' id='line_1_98' title="bbox 2208 3567 3879 3635; baseline -0.001 -10"><span class='ocrx_word' id='word_1_692' title='bbox 2208 3569 2282 3625; x_wconf 92' lang='lat' dir='ltr'>de</span> <span class='ocrx_word' id='word_1_693' title='bbox 2300 3569 2450 3626; x_wconf 78' lang='lat' dir='ltr'>ccelo</span> <span class='ocrx_word' id='word_1_694' title='bbox 2474 3586 2484 3625; x_wconf 92' lang='lat'>:</span> <span class='ocrx_word' id='word_1_695' title='bbox 2511 3574 2568 3625; x_wconf 90' lang='lat' dir='ltr'>et</span> <span class='ocrx_word' id='word_1_696' title='bbox 2588 3570 2874 3625; x_wconf 86' lang='lat' dir='ltr'>subvertit</span> <span class='ocrx_word' id='word_1_697' title='bbox 2904 3570 3171 3626; x_wconf 90' lang='lat' dir='ltr'>civitates</span> <span class='ocrx_word' id='word_1_698' title='bbox 3194 3568 3325 3635; x_wconf 88' lang='lat' dir='ltr'>has,</span> <span class='ocrx_word' id='word_1_699' title='bbox 3358 3572 3415 3623; x_wconf 91' lang='lat' dir='ltr'>et</span> <span class='ocrx_word' id='word_1_700' title='bbox 3436 3583 3680 3624; x_wconf 92' lang='lat' dir='ltr'>omnem</span> <span class='ocrx_word' id='word_1_701' title='bbox 3714 3567 3879 3624; x_wconf 89' lang='lat' dir='ltr'>circa</span> 
     </span>
    </p>
   </div>
   <div class='ocr_carea' id='block_1_99' title="bbox 2208 3648 3873 3728">
    <p class='ocr_par' dir='ltr' id='par_1_99' title="bbox 2208 3648 3873 3728">
     <span class='ocr_line' id='line_1_99' title="bbox 2208 3648 3873 3728; baseline -0.001 -13"><span class='ocrx_word' id='word_1_702' title='bbox 2208 3656 2858 3728; x_wconf 86' lang='lat' dir='ltr'>regionem,universos</span> <span class='ocrx_word' id='word_1_703' title='bbox 2878 3655 3247 3714; x_wconf 90' lang='lat' dir='ltr'>habitatores</span> <span class='ocrx_word' id='word_1_704' title='bbox 3270 3648 3533 3721; x_wconf 90' lang='lat' dir='ltr'>urbium,</span> <span class='ocrx_word' id='word_1_705' title='bbox 3567 3659 3625 3712; x_wconf 91' lang='lat' dir='ltr'>et</span> <span class='ocrx_word' id='word_1_706' title='bbox 3653 3661 3873 3713; x_wconf 88' lang='lat' dir='ltr'>cuncta</span> 
     </span>
    </p>
   </div>
   <div class='ocr_carea' id='block_1_100' title="bbox 2208 3744 3868 3820">
    <p class='ocr_par' dir='ltr' id='par_1_100' title="bbox 2208 3744 3868 3820">
     <span class='ocr_line' id='line_1_100' title="bbox 2208 3744 3868 3820; baseline -0.002 -17"><span class='ocrx_word' id='word_1_707' title='bbox 2208 3751 2376 3803; x_wconf 61' lang='lat' dir='ltr'>terra:</span> <span class='ocrx_word' id='word_1_708' title='bbox 2422 3747 2695 3803; x_wconf 87' lang='lat' dir='ltr'>virentia.</span> <span class='ocrx_word' id='word_1_709' title='bbox 2730 3744 3193 3820; x_wconf 79' lang='lat' dir='ltr'>Respiciensque</span> <span class='ocrx_word' id='word_1_710' title='bbox 3242 3760 3395 3801; x_wconf 91' lang='lat' dir='ltr'>uxor</span> <span class='ocrx_word' id='word_1_711' title='bbox 3426 3745 3554 3815; x_wconf 89' lang='lat' dir='ltr'>ejus</span> <span class='ocrx_word' id='word_1_712' title='bbox 3614 3748 3755 3816; x_wconf 91' lang='lat' dir='ltr'>post</span> <span class='ocrx_word' id='word_1_713' title='bbox 3786 3760 3868 3817; x_wconf 85' lang='lat' dir='ltr'>se,</span> 
     </span>
    </p>
   </div>
   <div class='ocr_carea' id='block_1_101' title="bbox 2206 3832 3873 3893">
    <p class='ocr_par' dir='ltr' id='par_1_101' title="bbox 2206 3832 3873 3893">
     <span class='ocr_line' id='line_1_101' title="bbox 2206 3832 3873 3893; baseline -0.002 0"><span class='ocrx_word' id='word_1_714' title='bbox 2206 3850 2383 3893; x_wconf 89' lang='lat' dir='ltr'>versa</span> <span class='ocrx_word' id='word_1_715' title='bbox 2412 3838 2499 3892; x_wconf 89' lang='lat' dir='ltr'>est</span> <span class='ocrx_word' id='word_1_716' title='bbox 2527 3835 2587 3891; x_wconf 92' lang='lat' dir='ltr'>in</span> <span class='ocrx_word' id='word_1_717' title='bbox 2610 3841 2871 3893; x_wconf 89' lang='lat' dir='ltr'>statuam</span> <span class='ocrx_word' id='word_1_718' title='bbox 2892 3832 3370 3892; x_wconf 87' lang='lat' dir='ltr'>salis.Abraham</span> <span class='ocrx_word' id='word_1_719' title='bbox 3391 3839 3595 3891; x_wconf 88' lang='lat' dir='ltr'>autem</span> <span class='ocrx_word' id='word_1_720' title='bbox 3621 3849 3873 3891; x_wconf 91' lang='lat' dir='ltr'>consur-</span> 
     </span>
    </p>
   </div>
   <div class='ocr_carea' id='block_1_102' title="bbox 2208 3923 3871 4000">
    <p class='ocr_par' dir='ltr' id='par_1_102' title="bbox 2208 3923 3871 4000">
     <span class='ocr_line' id='line_1_102' title="bbox 2208 3923 3871 4000; baseline -0.001 -17"><span class='ocrx_word' id='word_1_721' title='bbox 2208 3940 2356 4000; x_wconf 89' lang='lat' dir='ltr'>gens</span> <span class='ocrx_word' id='word_1_722' title='bbox 2384 3924 2949 3997; x_wconf 89' lang='lat' dir='ltr'>mane,ubisteterat</span> <span class='ocrx_word' id='word_1_723' title='bbox 2975 3926 3142 3999; x_wconf 89' lang='lat' dir='ltr'>prius</span> <span class='ocrx_word' id='word_1_724' title='bbox 3168 3940 3308 3982; x_wconf 91' lang='lat' dir='ltr'>cum</span> <span class='ocrx_word' id='word_1_725' title='bbox 3330 3923 3871 3993; x_wconf 90' lang='lat' dir='ltr'>Domino,intuitus</span> 
     </span>
    </p>
   </div>
   <div class='ocr_carea' id='block_1_103' title="bbox 2207 4015 3871 4083">
    <p class='ocr_par' dir='ltr' id='par_1_103' title="bbox 2207 4015 3871 4083">
     <span class='ocr_line' id='line_1_103' title="bbox 2207 4015 3871 4083; baseline -0.002 -8"><span class='ocrx_word' id='word_1_726' title='bbox 2207 4020 2294 4075; x_wconf 89' lang='lat' dir='ltr'>est</span> <span class='ocrx_word' id='word_1_727' title='bbox 2324 4017 2653 4075; x_wconf 90' lang='lat' dir='ltr'>Sodomam</span> <span class='ocrx_word' id='word_1_728' title='bbox 2679 4021 2734 4073; x_wconf 92' lang='lat' dir='ltr'>et</span> <span class='ocrx_word' id='word_1_729' title='bbox 2763 4015 3179 4083; x_wconf 89' lang='lat' dir='ltr'>Gomorrham,</span> <span class='ocrx_word' id='word_1_730' title='bbox 3203 4018 3262 4073; x_wconf 88' lang='lat' dir='ltr'>et</span> <span class='ocrx_word' id='word_1_731' title='bbox 3285 4015 3629 4071; x_wconf 88' lang='lat' dir='ltr'>universam</span> <span class='ocrx_word' id='word_1_732' title='bbox 3646 4018 3871 4071; x_wconf 87' lang='lat' dir='ltr'>terram</span> 
     </span>
    </p>
   </div>
   <div class='ocr_carea' id='block_1_104' title="bbox 2206 4100 3872 4180">
    <p class='ocr_par' dir='ltr' id='par_1_104' title="bbox 2206 4100 3872 4180">
     <span class='ocr_line' id='line_1_104' title="bbox 2206 4100 3872 4180; baseline -0.002 -16"><span class='ocrx_word' id='word_1_733' title='bbox 2206 4106 2469 4178; x_wconf 87' lang='lat' dir='ltr'>regionis</span> <span class='ocrx_word' id='word_1_734' title='bbox 2492 4105 2964 4180; x_wconf 80' lang='lat' dir='ltr'>illiuszviditque</span> <span class='ocrx_word' id='word_1_735' title='bbox 2995 4105 3421 4163; x_wconf 90' lang='lat' dir='ltr'>ascendentem</span> <span class='ocrx_word' id='word_1_736' title='bbox 3469 4100 3735 4161; x_wconf 88' lang='lat' dir='ltr'>favillam</span> <span class='ocrx_word' id='word_1_737' title='bbox 3797 4104 3872 4161; x_wconf 93' lang='lat' dir='ltr'>de</span> 
     </span>
    </p>
   </div>
   <div class='ocr_carea' id='block_1_105' title="bbox 2208 4193 3876 4269">
    <p class='ocr_par' dir='ltr' id='par_1_105' title="bbox 2208 4193 3876 4269">
     <span class='ocr_line' id='line_1_105' title="bbox 2208 4193 3876 4269; baseline -0.002 -16"><span class='ocrx_word' id='word_1_738' title='bbox 2208 4200 2361 4253; x_wconf 90' lang='lat' dir='ltr'>terra</span> <span class='ocrx_word' id='word_1_739' title='bbox 2386 4197 2562 4269; x_wconf 90' lang='lat' dir='ltr'>quasi</span> <span class='ocrx_word' id='word_1_740' title='bbox 2591 4195 2852 4251; x_wconf 89' lang='lat' dir='ltr'>fornacis</span> <span class='ocrx_word' id='word_1_741' title='bbox 2877 4196 3299 4252; x_wconf 90' lang='lat' dir='ltr'>fumum.Cum</span> <span class='ocrx_word' id='word_1_742' title='bbox 3322 4194 3483 4250; x_wconf 90' lang='lat' dir='ltr'>enim</span> <span class='ocrx_word' id='word_1_743' title='bbox 3502 4193 3876 4250; x_wconf 86' lang='lat' dir='ltr'>subverteret</span> 
     </span>
    </p>
   </div>
   <div class='ocr_carea' id='block_1_106' title="bbox 2206 4281 3873 4355">
    <p class='ocr_par' dir='ltr' id='par_1_106' title="bbox 2206 4281 3873 4355">
     <span class='ocr_line' id='line_1_106' title="bbox 2206 4281 3873 4355; baseline 0 -16"><span class='ocrx_word' id='word_1_744' title='bbox 2206 4284 2362 4340; x_wconf 91' lang='lat' dir='ltr'>Deus</span> <span class='ocrx_word' id='word_1_745' title='bbox 2392 4286 2657 4341; x_wconf 88' lang='lat' dir='ltr'>civitates</span> <span class='ocrx_word' id='word_1_746' title='bbox 2682 4282 2943 4354; x_wconf 91' lang='lat' dir='ltr'>regionis</span> <span class='ocrx_word' id='word_1_747' title='bbox 2972 4282 3154 4355; x_wconf 87' lang='lat' dir='ltr'>illius,</span> <span class='ocrx_word' id='word_1_748' title='bbox 3174 4282 3522 4340; x_wconf 89' lang='lat' dir='ltr'>recordatus</span> <span class='ocrx_word' id='word_1_749' title='bbox 3571 4286 3661 4338; x_wconf 87' lang='lat' dir='ltr'>est</span> <span class='ocrx_word' id='word_1_750' title='bbox 3682 4281 3873 4339; x_wconf 79' lang='lat' dir='ltr'>Abra-</span> 
     </span>
    </p>
   </div>
   <div class='ocr_carea' id='block_1_107' title="bbox 2206 4366 3873 4440">
    <p class='ocr_par' dir='ltr' id='par_1_107' title="bbox 2206 4366 3873 4440">
     <span class='ocr_line' id='line_1_107' title="bbox 2206 4366 3873 4440; baseline -0.002 -9"><span class='ocrx_word' id='word_1_751' title='bbox 2206 4375 2320 4440; x_wconf 65' lang='lat' dir='ltr'>hae,</span> <span class='ocrx_word' id='word_1_752' title='bbox 2356 4376 2410 4430; x_wconf 89' lang='lat' dir='ltr'>et</span> <span class='ocrx_word' id='word_1_753' title='bbox 2437 4372 2710 4429; x_wconf 78' lang='lat' dir='ltr'>liberavit</span> <span class='ocrx_word' id='word_1_754' title='bbox 2777 4373 2921 4429; x_wconf 90' lang='lat' dir='ltr'>Loth</span> <span class='ocrx_word' id='word_1_755' title='bbox 2965 4371 3039 4428; x_wconf 92' lang='lat' dir='ltr'>de</span> <span class='ocrx_word' id='word_1_756' title='bbox 3080 4370 3467 4429; x_wconf 88' lang='lat' dir='ltr'>subversione</span> <span class='ocrx_word' id='word_1_757' title='bbox 3516 4366 3763 4428; x_wconf 88' lang='lat' dir='ltr'>urbium</span> <span class='ocrx_word' id='word_1_758' title='bbox 3809 4368 3873 4428; x_wconf 89' lang='lat' dir='ltr'>in</span> 
     </span>
    </p>
   </div>
   <div class='ocr_carea' id='block_1_108' title="bbox 2207 4460 3183 4537">
    <p class='ocr_par' dir='ltr' id='par_1_108' title="bbox 2207 4460 3183 4537">
     <span class='ocr_line' id='line_1_108' title="bbox 2207 4460 3183 4537; baseline -0.004 -18"><span class='ocrx_word' id='word_1_759' title='bbox 2207 4463 2429 4537; x_wconf 92' lang='lat' dir='ltr'>quibus</span> <span class='ocrx_word' id='word_1_760' title='bbox 2456 4460 2851 4518; x_wconf 85' lang='lat' dir='ltr'>habitaverat.</span> <span class='ocrx_word' id='word_1_761' title='bbox 2886 4468 2949 4532; x_wconf 60' lang='lat' dir='ltr'>1p.</span> <span class='ocrx_word' id='word_1_762' title='bbox 2974 4464 3183 4517; x_wconf 80' lang='lat' dir='ltr'>Amen.</span> 
     </span>
    </p>
   </div>
   <div class='ocr_carea' id='block_1_109' title="bbox 2276 4540 3871 4623">
    <p class='ocr_par' dir='ltr' id='par_1_109' title="bbox 2276 4540 3871 4623">
     <span class='ocr_line' id='line_1_109' title="bbox 2276 4540 3871 4623; baseline -0.002 -16"><span class='ocrx_word' id='word_1_763' title='bbox 2276 4552 2642 4623; x_wconf 76' lang='lat' dir='ltr'>Antiphona.</span> <span class='ocrx_word' id='word_1_764' title='bbox 2702 4551 2754 4608; x_wconf 93' lang='grc'>1.</span> <span class='ocrx_word' id='word_1_765' title='bbox 2818 4549 3026 4607; x_wconf 85' lang='lat' dir='ltr'>Salvos</span> <span class='ocrx_word' id='word_1_766' title='bbox 3080 4564 3193 4607; x_wconf 88' lang='lat' dir='ltr'>nos</span> <span class='ocrx_word' id='word_1_767' title='bbox 3226 4544 3320 4607; x_wconf 87' lang='lat' dir='ltr'>fac</span> <span class='ocrx_word' id='word_1_768' title='bbox 3365 4544 3609 4606; x_wconf 88' lang='lat' dir='ltr'>dextera</span> <span class='ocrx_word' id='word_1_769' title='bbox 3664 4540 3787 4613; x_wconf 83' lang='lat' dir='ltr'>tua,</span> <span class='ocrx_word' id='word_1_770' title='bbox 3816 4546 3871 4605; x_wconf 88' lang='lat' dir='ltr'>et</span> 
     </span>
    </p>
   </div>
   <div class='ocr_carea' id='block_1_110' title="bbox 2208 4638 3871 4699">
    <p class='ocr_par' dir='ltr' id='par_1_110' title="bbox 2208 4638 3871 4699">
     <span class='ocr_line' id='line_1_110' title="bbox 2208 4638 3871 4699; baseline -0.004 0"><span class='ocrx_word' id='word_1_771' title='bbox 2208 4642 2423 4699; x_wconf 86' lang='lat' dir='ltr'>exaudi</span> <span class='ocrx_word' id='word_1_772' title='bbox 2448 4658 2579 4698; x_wconf 90' lang='lat' dir='ltr'>nos.</span> <span class='ocrx_word' id='word_1_773' title='bbox 2610 4640 2765 4697; x_wconf 89' lang='lat' dir='ltr'>Deus</span> <span class='ocrx_word' id='word_1_774' title='bbox 2800 4638 3035 4696; x_wconf 89' lang='lat' dir='ltr'>locutus</span> <span class='ocrx_word' id='word_1_775' title='bbox 3067 4644 3158 4696; x_wconf 87' lang='lat' dir='ltr'>est</span> <span class='ocrx_word' id='word_1_776' title='bbox 3195 4638 3256 4695; x_wconf 90' lang='lat' dir='ltr'>in</span> <span class='ocrx_word' id='word_1_777' title='bbox 3296 4642 3503 4696; x_wconf 87' lang='lat' dir='ltr'>sancto</span> <span class='ocrx_word' id='word_1_778' title='bbox 3534 4652 3665 4695; x_wconf 87' lang='lat' dir='ltr'>suo.</span> <span class='ocrx_word' id='word_1_779' title='bbox 3700 4638 3871 4695; x_wconf 83' lang='lat' dir='ltr'>Psal-</span> 
     </span>
    </p>
   </div>
   <div class='ocr_carea' id='block_1_111' title="bbox 2206 4748 2469 4789">
    <p class='ocr_par' dir='ltr' id='par_1_111' title="bbox 2206 4748 2469 4789">
     <span class='ocr_line' id='line_1_111' title="bbox 2206 4748 2469 4789; baseline 0.004 -1"><span class='ocrx_word' id='word_1_780' title='bbox 2206 4748 2335 4788; x_wconf 85' lang='lat' dir='ltr'>mus</span> <span class='ocrx_word' id='word_1_781' title='bbox 2358 4748 2469 4789; x_wconf 77' lang='lat' dir='ltr'>LIX.</span> 
     </span>
    </p>
   </div>
   <div class='ocr_carea' id='block_1_112' title="bbox 2279 4808 3868 4886">
    <p class='ocr_par' dir='ltr' id='par_1_112' title="bbox 2279 4808 3868 4886">
     <span class='ocr_line' id='line_1_112' title="bbox 2279 4808 3868 4886; baseline -0.003 -9"><span class='ocrx_word' id='word_1_782' title='bbox 2279 4821 2501 4877; x_wconf 81' lang='lat' dir='ltr'>Oratio.</span> <span class='ocrx_word' id='word_1_783' title='bbox 2532 4819 2822 4877; x_wconf 84' lang='lat' dir='ltr'>Auxiliare</span> <span class='ocrx_word' id='word_1_784' title='bbox 2843 4816 3017 4877; x_wconf 90' lang='lat' dir='ltr'>nobis</span> <span class='ocrx_word' id='word_1_785' title='bbox 3046 4812 3295 4875; x_wconf 90' lang='lat' dir='ltr'>Domine</span> <span class='ocrx_word' id='word_1_786' title='bbox 3330 4817 3392 4874; x_wconf 88' lang='lat' dir='ltr'>in</span> <span class='ocrx_word' id='word_1_787' title='bbox 3435 4808 3827 4874; x_wconf 89' lang='lat' dir='ltr'>tribulatione</span> <span class='ocrx_word' id='word_1_788' title='bbox 3853 4830 3868 4886; x_wconf 88' lang='lat'><strong>;</strong></span> 
     </span>
    </p>
   </div>
   <div class='ocr_carea' id='block_1_113' title="bbox 2208 4904 3873 4981">
    <p class='ocr_par' dir='ltr' id='par_1_113' title="bbox 2208 4904 3873 4981">
     <span class='ocr_line' id='line_1_113' title="bbox 2208 4904 3873 4981; baseline -0.004 -10"><span class='ocrx_word' id='word_1_789' title='bbox 2208 4916 2263 4971; x_wconf 90' lang='lat' dir='ltr'>et</span> <span class='ocrx_word' id='word_1_790' title='bbox 2285 4910 2504 4969; x_wconf 88' lang='lat' dir='ltr'>exaudi</span> <span class='ocrx_word' id='word_1_791' title='bbox 2524 4927 2636 4968; x_wconf 91' lang='lat' dir='ltr'>nos</span> <span class='ocrx_word' id='word_1_792' title='bbox 2666 4910 2745 4967; x_wconf 89' lang='lat' dir='ltr'>ad</span> <span class='ocrx_word' id='word_1_793' title='bbox 2778 4910 3031 4966; x_wconf 90' lang='lat' dir='ltr'>salutem</span> <span class='ocrx_word' id='word_1_794' title='bbox 3056 4924 3068 4965; x_wconf 91' lang='lat'>:</span> <span class='ocrx_word' id='word_1_795' title='bbox 3090 4912 3155 4966; x_wconf 92' lang='lat' dir='ltr'>ut</span> <span class='ocrx_word' id='word_1_796' title='bbox 3184 4904 3382 4965; x_wconf 90' lang='lat' dir='ltr'>dilecti</span> <span class='ocrx_word' id='word_1_797' title='bbox 3415 4909 3496 4964; x_wconf 89' lang='lat' dir='ltr'>tui</span> <span class='ocrx_word' id='word_1_798' title='bbox 3542 4906 3703 4981; x_wconf 89' lang='lat' dir='ltr'>ipsa,</span> <span class='ocrx_word' id='word_1_799' title='bbox 3746 4923 3873 4981; x_wconf 89' lang='lat' dir='ltr'>qua</span> 
     </span>
    </p>
   </div>
   <div class='ocr_carea' id='block_1_114' title="bbox 2207 4998 3874 5070">
    <p class='ocr_par' dir='ltr' id='par_1_114' title="bbox 2207 4998 3874 5070">
     <span class='ocr_line' id='line_1_114' title="bbox 2207 4998 3874 5070; baseline -0.004 -11"><span class='ocrx_word' id='word_1_800' title='bbox 2207 5002 2444 5060; x_wconf 87' lang='lat' dir='ltr'>formati</span> <span class='ocrx_word' id='word_1_801' title='bbox 2469 5017 2653 5059; x_wconf 89' lang='lat' dir='ltr'>manu</span> <span class='ocrx_word' id='word_1_802' title='bbox 2674 4998 3260 5065; x_wconf 86' lang='lat' dir='ltr'>sunt,reformentur:</span> <span class='ocrx_word' id='word_1_803' title='bbox 3285 5001 3369 5064; x_wconf 89' lang='lat' dir='ltr'>ut,</span> <span class='ocrx_word' id='word_1_804' title='bbox 3395 5010 3519 5070; x_wconf 89' lang='lat' dir='ltr'>quo</span> <span class='ocrx_word' id='word_1_805' title='bbox 3547 5001 3689 5053; x_wconf 90' lang='lat' dir='ltr'>sunt</span> <span class='ocrx_word' id='word_1_806' title='bbox 3719 5011 3874 5053; x_wconf 90' lang='lat' dir='ltr'>con-</span> 
     </span>
    </p>
   </div>
   <div class='ocr_carea' id='block_1_115' title="bbox 2206 5084 3871 5160">
    <p class='ocr_par' dir='ltr' id='par_1_115' title="bbox 2206 5084 3871 5160">
     <span class='ocr_line' id='line_1_115' title="bbox 2206 5084 3871 5160; baseline -0.004 -11"><span class='ocrx_word' id='word_1_807' title='bbox 2206 5090 2320 5149; x_wconf 88' lang='lat' dir='ltr'>triti</span> <span class='ocrx_word' id='word_1_808' title='bbox 2348 5090 2615 5158; x_wconf 90' lang='lat' dir='ltr'>brachio,</span> <span class='ocrx_word' id='word_1_809' title='bbox 2648 5086 2861 5147; x_wconf 87' lang='lat' dir='ltr'>eodem</span> <span class='ocrx_word' id='word_1_810' title='bbox 2886 5102 3127 5145; x_wconf 89' lang='lat' dir='ltr'>rursum</span> <span class='ocrx_word' id='word_1_811' title='bbox 3145 5086 3401 5153; x_wconf 89' lang='lat' dir='ltr'>favente,</span> <span class='ocrx_word' id='word_1_812' title='bbox 3436 5084 3711 5160; x_wconf 87' lang='lat' dir='ltr'>cupitum</span> <span class='ocrx_word' id='word_1_813' title='bbox 3734 5098 3871 5160; x_wconf 86' lang='lat' dir='ltr'>per-</span> 
     </span>
    </p>
   </div>
   <div class='ocr_carea' id='block_1_116' title="bbox 2205 5178 3243 5249">
    <p class='ocr_par' dir='ltr' id='par_1_116' title="bbox 2205 5178 3243 5249">
     <span class='ocr_line' id='line_1_116' title="bbox 2205 5178 3243 5249; baseline -0.004 -12"><span class='ocrx_word' id='word_1_814' title='bbox 2205 5181 2449 5238; x_wconf 82' lang='lat' dir='ltr'>veniant</span> <span class='ocrx_word' id='word_1_815' title='bbox 2469 5182 2546 5237; x_wconf 89' lang='lat' dir='ltr'>ad</span> <span class='ocrx_word' id='word_1_816' title='bbox 2567 5178 2923 5237; x_wconf 89' lang='lat' dir='ltr'>remedium.</span> <span class='ocrx_word' id='word_1_817' title='bbox 2950 5188 3013 5249; x_wconf 65' lang='lat' dir='ltr'>Bt.</span> <span class='ocrx_word' id='word_1_818' title='bbox 3040 5182 3243 5234; x_wconf 81' lang='lat' dir='ltr'>Amen.</span> 
     </span>
    </p>
   </div>
   <div class='ocr_carea' id='block_1_117' title="bbox 2278 5268 2914 5327">
    <p class='ocr_par' dir='ltr' id='par_1_117' title="bbox 2278 5268 2914 5327">
     <span class='ocr_line' id='line_1_117' title="bbox 2278 5268 2914 5327; baseline 0.002 -1"><span class='ocrx_word' id='word_1_819' title='bbox 2278 5274 2383 5326; x_wconf 88' lang='lat' dir='ltr'>Per</span> <span class='ocrx_word' id='word_1_820' title='bbox 2413 5268 2914 5327; x_wconf 88' lang='lat' dir='ltr'>misericordiam.</span> 
     </span>
    </p>
   </div>
   <div class='ocr_carea' id='block_1_118' title="bbox 2276 5354 3873 5432">
    <p class='ocr_par' dir='ltr' id='par_1_118' title="bbox 2276 5354 3873 5432">
     <span class='ocr_line' id='line_1_118' title="bbox 2276 5354 3873 5432; baseline 0.002 -19"><span class='ocrx_word' id='word_1_821' title='bbox 2276 5358 2626 5427; x_wconf 81' lang='lat' dir='ltr'>Antiphona</span> <span class='ocrx_word' id='word_1_822' title='bbox 2679 5362 2730 5414; x_wconf 84' lang='lat'>2.</span> <span class='ocrx_word' id='word_1_823' title='bbox 2789 5354 2966 5416; x_wconf 87' lang='lat' dir='ltr'>Parce</span> <span class='ocrx_word' id='word_1_824' title='bbox 3015 5355 3267 5432; x_wconf 88' lang='lat' dir='ltr'>pauperi</span> <span class='ocrx_word' id='word_1_825' title='bbox 3291 5360 3347 5413; x_wconf 90' lang='lat' dir='ltr'>et</span> <span class='ocrx_word' id='word_1_826' title='bbox 3376 5355 3541 5428; x_wconf 91' lang='lat' dir='ltr'>inopi</span> <span class='ocrx_word' id='word_1_827' title='bbox 3577 5368 3589 5411; x_wconf 91' lang='lat'>:</span> <span class='ocrx_word' id='word_1_828' title='bbox 3626 5356 3873 5416; x_wconf 86' lang='lat' dir='ltr'>animas</span> 
     </span>
    </p>
   </div>
   <div class='ocr_carea' id='block_1_119' title="bbox 2206 5446 3682 5522">
    <p class='ocr_par' dir='ltr' id='par_1_119' title="bbox 2206 5446 3682 5522">
     <span class='ocr_line' id='line_1_119' title="bbox 2206 5446 3682 5522; baseline 0 -17"><span class='ocrx_word' id='word_1_829' title='bbox 2206 5458 2544 5522; x_wconf 86' lang='lat' dir='ltr'>pauperum</span> <span class='ocrx_word' id='word_1_830' title='bbox 2568 5447 2767 5508; x_wconf 88' lang='lat' dir='ltr'>salvas</span> <span class='ocrx_word' id='word_1_831' title='bbox 2790 5448 2906 5516; x_wconf 85' lang='lat' dir='ltr'>fac,</span> <span class='ocrx_word' id='word_1_832' title='bbox 2942 5446 3498 5507; x_wconf 79' lang='lat' dir='ltr'>Domine.Psalmus</span> <span class='ocrx_word' id='word_1_833' title='bbox 3523 5458 3682 5505; x_wconf 78' lang='lat' dir='ltr'>LXXI.</span> 
     </span>
    </p>
   </div>
  </div>
