4102 6176
456 268 559 326 295

1713 221 2161 286 BREVIABIUM
2200 220 2585 278 GOTHICUM.

3759 208 3870 266 296

533 386 756 447 Oratio.
783 382 966 437 Parce
989 372 1238 431 Domine
1252 362 1640 442 pauperibus,
1667 357 1964 416 etanimas
1981 353 2103 407 ino-
2132 351 2180 405 Α
2213 350 2454 418 signum
2482 347 2544 402 in
2567 342 2910 401 nationibus
2948 335 3517 414 procul,etsibilabit
3536 333 3617 389 ad
3633 349 3774 389 eum
3791 333 3871 389 de

2219 438 2247 447 η
2302 438 2332 447 ..
2465 442 2474 447 .
2751 439 2760 447 .
2941 431 2962 447 .
3031 430 3062 447 ..
3209 426 3333 447 ωε-
3354 425 3692 447 -ει----..;-ι
3742 426 3866 447 κτλ..

457 458 608 554 pum
638 473 912 532 sanazut,
927 465 1028 540 qui
1043 461 1258 518 viribus
1274 454 1492 513 nostris
1504 466 1626 508 non
1650 447 1976 509 ﬁdimus,et
1997 455 2104 514 spe

463 539 564 627 ate
578 539 1046 624 misericordiam
1060 549 1440 626 postulamus
1451 585 1463 607 ,
1479 558 1585 616 per
1601 539 2106 627 spirituspauper—

462 620 930 728 {attegsupernae
960 620 1386 703 benedictionis
1408 635 1783 708 impetremus
1795 620 2108 700 plenitudi-

464 765 626 805 nem.
651 757 714 814 ἣν.
747 745 955 797 Amen.

539 837 648 891 Per
673 824 1148 889 misericordiam
1180 826 1364 878 tuam.

536 923 874 991 Antiphona
897 921 947 972 3.
963 903 1554 980 Quambonuslsrael
1579 897 1850 963 Deus,his
1872 893 1976 968 qui
1991 904 2112 947 rec-

467 1019 528 1072 to
559 1015 695 1069 sunt
725 1005 936 1064 corde!
964 1003 1234 1058 Psalmus
1262 1012 1438 1056 LXXII.

538 1115 600 1170 ἣν.
638 1097 782 1153 Filia
808 1094 947 1149 Sion
973 1091 1130 1146 facta
1179 1093 1267 1142 est
1295 1089 1359 1140 ut
1383 1077 1768 1152 tuguriumin
1815 1074 2007 1137 vinea,
2059 1071 2116 1124 et

470 1165 643 1263 quasi
673 1201 816 1242 casa
845 1177 1209 1238 custodiaria
1238 1176 1299 1231 in
1329 1188 1508 1243 agro;
1541 1168 1644 1224 sed
1669 1167 1798 1238 jam
1824 1165 2115 1219 revertere

472 1278 776 1351 panitere,
799 1271 942 1345 quia
970 1269 1106 1341 pius
1139 1269 1227 1321 est
1247 1264 1400 1320 Deus
1431 1274 1609 1332 super
1640 1271 1823 1311 unam
1845 1266 2018 1308 ovem
2032 1264 2118 1348 er-

472 1336 724 1431 rantem,
762 1336 838 1418 Ρ.
861 1336 1051 1424 Quam
1088 1370 1268 1426 super
1289 1353 1480 1423 justos
1506 1362 1627 1402 non
1666 1346 1903 1414 egentes
1933 1336 2120 1431 paeni:

479 1423 760 1512 tentia.
793 1423 1087 1502 Gaudium
1130 1423 1238 1498 erit
1262 1439 1323 1494 in
1353 1437 1502 1493 coelo
1531 1447 1735 1491 coram
1756 1427 1991 1501 Angelis
2017 1423 2120 1481 Dei

477 1555 657 1612 super
672 1552 792 1593 uno
806 1537 1118 1608 peccatore
1139 1525 1549 1602 panitentiam
1573 1522 1801 1591 agente.
1833 1519 1900 1572 P.
1929 1517 2121 1580 Quam

476 1603 673 1700 super.
695 1625 758 1686 llr.
808 1603 1026 1683 Dloria,
1059 1622 1115 1675 et
1141 1618 1335 1673 honor
1380 1611 1556 1680 Patri,
1594 1609 1666 1666 P.
1697 1609 1912 1673 Quam.
1941 1603 2124 1659 Reite-

477 1725 769 1842 νθῗίζεεῐξῖε.
803 1781 1141 1836 Clamamus
1157 1775 1236 1831 ad
1255 1778 1330 1837 te,
1353 1770 1626 1828 Domine:
1643 1772 1706 1824 tu
1724 1766 2007 1822 miserere
2019 1776 2123 1817 no-

476 1857 592 1931 bis.
620 1874 683 1927 P.
725 1874 790 1928 Et
810 1870 972 1924 dona
998 1861 1450 1934 indulgentiam.
1489 1859 1551 1919 il.
1584 1860 1705 1913 Rex
1730 1853 2037 1914 altissime,
2070 1852 2127 1906 et

475 1959 751 2035 perennis
764 1956 1488 2026 Domine,precem,quam
1509 1939 2121 2010 eil‘undimus,accipe,

481 2031 544 2106 ἱ).
573 2051 638 2103 Et
684 2046 846 2102 dona
886 2042 1337 2112 indulgentiam.
1367 2037 1432 2098 γ.
1479 2036 1686 2106 ιίΕεῐ-οε
1723 2031 1917 2096 visita,
1952 2034 2007 2084 et
2035 2042 2128 2084 ca-

479 2138 669 2211 ptivos
698 2148 916 2190 revoca
938 2130 1229 2204 :pupillos
1253 2133 1310 2184 et
1323 2126 1534 2182 viduas
1558 2120 1871 2194 adjuva.P.
1888 2117 2131 2211 Etdona

480 2204 934 2294 indulgentiam.
962 2219 1024 2279 ll.
1053 2221 1169 2274 Nos
1198 2215 1601 2289 peccavimus,
1651 2215 1706 2266 et
1739 2214 1776 2266 a
1806 2212 1860 2264 te
1889 2204 2127 2294 recessi-

480 2329 639 2383 mus,
660 2293 727 2368 tu
754 2309 1115 2379 Redemptor
1145 2305 1418 2360 omnium
1442 2301 1608 2358 salva
1633 2315 1765 2355 nos.
1788 2297 1851 2352 P.
1872 2298 1940 2351 Et
1971 2293 2134 2349 dona

480 2399 543 2463 ll.
571 2400 831 2458 Paniten
842 2397 1001 2454 tibus
1012 2396 1292 2450 miserere
1309 2391 1555 2448 Domine
1576 2408 1589 2458 ;
1613 2394 1668 2444 et
1688 2385 1915 2460 peccati
1931 2397 2134 2440 macu-

480 2490 602 2547 lam
623 2489 818 2545 ablue.
848 2487 912 2542 P.
945 2487 1010 2540 Et
1035 2483 1197 2540 dona
1234 2478 1690 2549 indulgentiam.

553 2579 841 2649 Hymnus.
865 2577 908 2631 Ο
935 2573 1251 2629 Nazarene.
1288 2570 1495 2635 Quare
1519 2568 1631 2636 fol.
1670 2568 1787 2620 144.

555 2661 1313 2737 Capitula.Tibiadhaerere
1331 2658 1560 2714 bonum
1580 2653 1947 2723 estDomine;
1967 2654 2137 2708 etate

482 2755 777 2818 recedere,
805 2752 1093 2808 noxium:
1140 2752 1176 2804 ὸ.
1207 2752 1261 2804 te
1285 2745 1572 2816 elongari,
1624 2743 1910 2815 perditio;
1944 2747 1999 2798 et
2033 2739 2137 2796 tibi

486 2843 795 2917 conjungi,
829 2842 965 2898 vitae
987 2845 1073 2896 est
1088 2837 1427 2911 plenitudo:
1447 2839 1614 2892 Dona
1641 2835 1842 2907 itaque
1854 2832 2051 2896 nobis,
2076 2835 2141 2887 ut

484 2938 590 3008 qui
615 2949 783 3006 spem
810 2934 1080 2987 nostram
1108 2927 1171 2983 in
1210 2931 1264 2983 te
1313 2925 1612 2998 ponimus,
1653 2922 1976 2996 perfectam
2005 2919 2138 2975 vitae

2211 438 2430 494 ﬁnibus
2464 442 2629 493 terra
2665 453 2678 490 :
2711 439 2768 492 et
2781 447 2916 491 ecce
2936 430 3185 487 festinus
3209 425 3714 483 velociterveniet.
3742 426 3874 479 Non

2213 534 2299 585 est
2324 527 2623 593 deficiens,
2655 541 2849 598 neque
2868 521 3152 580 laborans
3174 519 3235 574 in
3252 531 3476 574 eoznon
3497 511 3876 582 dormitabit,

2212 633 2408 690 neque
2421 616 2895 687 dormiet,neque
2909 611 3168 668 solvetur
3179 605 3484 679 cingulum
3497 619 3703 660 renum
3716 602 3878 672 ejus,

2216 723 2326 764 nec
2349 711 2658 780 rumpetur
2686 700 3073 762 calceamenti
3103 697 3357 767 corrigia
3386 697 3538 766 ejus.
3560 705 3625 764 ni.
3659 695 3881 748 Amen.

2286 796 2630 867 Antiphona
2655 798 2703 850 l.
2725 793 2815 849 Ad
2844 796 2897 848 te
2923 791 3195 847 levamus
3234 784 3444 842 oculos
3474 786 3738 851 nostros,
3771 780 3884 854 qui

2218 885 2456 942 habitas
2481 884 2543 940 in
2563 883 2756 940 calis:
2792 881 3068 937 miserere
3093 875 3286 940 nobis,
3312 871 3880 928 Domine.Psalmus

2221 990 2388 1030 CXXI].

2297 1064 2520 1121 Oratio.
2546 1062 2635 1119 Ad
2655 1057 3006 1124 te.Domine,
3039 1054 3246 1112 oculos
3269 1056 3511 1108 nostros
3542 1047 3836 1120 erigimus
3868 1063 3885 1114 ;

2223 1169 2405 1227 quem
2431 1153 2493 1207 in
2523 1149 2859 1207 caelestibus
2875 1151 3043 1202 terrae
3075 1141 3422 1200 machinam
3447 1139 3655 1195 virtute
3686 1137 3890 1194 conti-

2226 1226 2365 1298 nere
2403 1240 2676 1298 fatemur.
2695 1237 2960 1294 Miserere
2989 1233 3166 1304 igitur
3193 1229 3400 1295 nostri,
3422 1226 3888 1292 Domine,mise-

2226 1347 2352 1387 rere
2373 1348 2386 1397 ;
2407 1333 2464 1386 et
2490 1328 2750 1401 peccatis
2783 1323 3025 1388 nostris,
3045 1336 3156 1396 pro
3203 1318 3425 1392 quibus
3455 1322 3510 1373 te
3539 1315 3894 1380 metuimus,

2226 1435 2442 1493 parce:
2474 1422 2539 1474 ut
2589 1419 2998 1487 contemptum
3041 1415 3313 1467 nostrum
3361 1406 3580 1479 pietate
3611 1402 3898 1460 clementi

2228 1508 2540 1581 respicias;
2589 1509 2706 1562 eta
2743 1503 2937 1560 delicti
2990 1497 3302 1574 opprobrio
3347 1496 3590 1552 dextera
3659 1496 3895 1549 nostum

2229 1599 2457 1655 virtutis
2488 1595 2726 1670 eripias.
2763 1605 2827 1664 ne.
2853 1595 3063 1648 Amen.

2302 1689 2435 1744 Per.

2301 1775 2642 1845 Antiphona
2669 1777 2721 1828 2.
2742 1769 3076 1827 Benedictio
3097 1765 3336 1823 Domini
3351 1779 3533 1838 super
3552 1778 3661 1819 vos
3681 1777 3695 1816 :
3713 1760 3901 1816 bene-

2236 1864 2494 1922 dicimus
2523 1879 2626 1918 vos
2651 1862 2711 1917 in
2735 1860 2978 1916 nomine
2997 1857 3251 1913 Domini.
3289 1856 3561 1911 Psalmus
3585 1865 3802 1910 cxxvn.

2315 1953 2542 2010 Oratio.
2585 1948 2835 2006 Domine
2865 1949 3005 2003 Jesu
3035 1945 3279 2016 Christe,
3303 1943 3411 2016 qui
3437 1958 3546 2015 pro
3565 1943 3789 1997 nostras
3807 1953 3902 1995 sa-

2237 2041 2373 2098 lutis
2389 2037 2656 2096 remedio
2680 2037 3005 2108 impiorum
3023 2031 3356 2090 sustinuisti
3373 2030 3634 2088 convitia
3658 2047 3672 2097 ;
3693 2025 3897 2084 auxilii

2239 2130 2322 2188 tui
2353 2145 2466 2202 ope
2483 2143 2593 2184 nos
2609 2130 2854 2200 protege
2885 2124 3176 2181 adversus
3202 2120 3683 2194 impugnantium
3703 2115 3899 2174 mala:

2241 2235 2412 2286 ac,ne
2440 2218 2689 2274 dorsum
2713 2218 2986 2271 nostrum
3007 2212 3202 2268 delicti
3241 2210 3602 2284 comprimat
3633 2207 3901 2270 sarcina;

2240 2309 2478 2380 impone
2495 2305 2760 2362 humeris
2777 2303 2996 2359 nostris
3014 2297 3704 2375 praeceptisjevangelicis
3721 2310 3909 2352 onera

2243 2397 2482 2453 suavia:
2503 2411 2610 2467 per
2630 2409 2766 2467 quae
2786 2392 3017 2465 peccati
3035 2390 3326 2447 fabricam
3347 2387 3622 2444 destruas
3645 2389 3732 2452 ;et
3746 2400 3909 2441 com-

2242 2484 2564 2560 paginibus
2588 2483 2772 2540 sacris
2793 2498 2904 2540 nos
2919 2482 3202 2538 virtutum
3223 2479 3448 2536 meritis
3478 2480 3812 2534 construas.
3840 2485 3907 2545 ni.

2245 2577 2455 2630 Amen.

2317 2665 2426 2719 Per
2455 2661 2953 2718 misericordiam.

2316 2751 2666 2821 Antiphona
2692 2749 2924 2822 3.Apud
2946 2745 3264 2804 Dominum
3278 2749 3366 2802 est
3381 2742 3825 2801 misericordia:
3854 2744 3918 2798 et

2248 2841 2498 2913 copiosa
2517 2839 2680 2913 apud
2706 2854 2847 2895 eum
2863 2835 3217 2908 redemptio.
3247 2837 3513 2892 Psalmus
3544 2849 3742 2890 cxxix.

2319 2941 2382 2999 3;.
2417 2933 2660 2998 Exurge,
2694 2927 2962 2993 Domine,
2995 2926 3278 2983 miserere
3307 2923 3501 2980 nobis.
3531 2923 3600 2980 P.
3632 2921 3786 2987 Quia
3815 2935 3916 2976 ve-

484 3009 2138 3104 beatitudinemconsequamur;tuasquelaudesinportis
2175 3046 2218 3104 Ο
2245 3019 2333 3075 nit
2361 3023 2596 3090 tempus
2644 3014 2982 3074 miserendi,
3036 3013 3099 3076 γ,
3166 3014 3255 3068 Ad
3294 3017 3349 3069 te
3403 3012 3668 3068 levamus
3694 3009 3912 3066 oculus

488 3110 626 3166 ﬁliae
659 3108 816 3176 Sion,
849 3105 991 3159 dum
1021 3102 1099 3158 ad
1129 3108 1300 3158 tuum
1325 3116 1573 3171 regnum
1601 3099 1990 3167 ingredimur,
2039 3097 2139 3153 de-

489 3203 821 3255 cantemus.

564 3286 739 3343 Pater
757 3286 976 3342 noster.

1127 3367 1216 3422 Ad
1245 3368 1500 3424 Sextum.

700 3460 901 3519 Lectio
935 3457 1074 3514 libri
1100 3456 1304 3514 Esaia
1321 3454 1635 3526 Propheta
1656 3453 1816 3525 (Cap.
1841 3455 1921 3523 v).

564 3566 629 3624 ηε.
657 3554 777 3607 Deo
809 3552 1048 3620 gratias.

565 3645 696 3698 Haec
722 3638 865 3695 dicit
881 3637 1290 3693 Dominus:Vae
1311 3635 1416 3708 qui
1437 3632 1661 3691 trahitis
1678 3632 2051 3706 iniquitatem
2079 3631 2141 3689 in

495 3727 776 3789 funiculis
807 3724 1110 3790 vanitatis,
1144 3728 1199 3781 et
1227 3723 1400 3796 quasi
1421 3721 1722 3779 vinculum
1752 3721 1999 3795 plaustri
2014 3736 2144 3794 per-

494 3821 718 3876 catum.
751 3813 860 3879 Qui
906 3811 1142 3867 dicitis:
1189 3811 1456 3879 Festinet,
1505 3816 1562 3867 et
1605 3810 1718 3866 cito
1756 3810 1955 3866 veniat
1986 3825 2141 3882 opus

501 3907 650 3980 ejus,
682 3907 747 3960 ut
790 3900 1106 3957 videamus
1141 3916 1154 3954 :
1185 3903 1239 3956 et
1267 3900 1593 3972 appropiet,
1623 3904 1678 3956 et
1721 3900 1912 3956 veniet.
1955 3903 2145 3959 censi-

494 3996 645 4053 lium
667 3990 862 4048 sancti
883 3988 1144 4056 lsrael,et
1159 3988 1412 4045 sciemus
1429 3989 1569 4044 illud
1581 3991 1693 4045 .Va
1707 3990 2005 4061 quidicitis
2022 4009 2147 4050 ma-

495 4086 622 4143 lum
643 4085 896 4148 bonum,
930 4085 985 4136 et
1012 4079 1243 4136 bonum
1266 4078 1493 4134 malum
1518 4096 1534 4134 :
1568 4085 1856 4151 ponentes
1874 4083 2148 4140 tenebras

495 4174 557 4232 in
583 4174 798 4239 lucem,
820 4175 876 4228 et
897 4169 1092 4225 lucem
1115 4169 1175 4224 in
1197 4167 1465 4224 tenebras
1499 4184 1510 4223 :
1555 4173 1842 4240 ponentes
1871 4187 2147 4230 amarum

497 4260 944 4335 dulce,etdulce
964 4259 1024 4315 in
1042 4273 1340 4314 amarum.
1374 4259 1467 4313 Va
1493 4258 1597 4330 qui
1614 4259 1909 4330 sapientes
1939 4262 2148 4318 estisin

499 4353 686 4411 oculis
711 4349 946 4419 vestris,
973 4354 1030 4404 et
1059 4363 1263 4404 coram
1310 4347 1746 4420 vobismetipsis
1792 4351 2137 4423 prudentes.

500 4443 604 4498 Vas
629 4440 734 4514 qui
763 4441 1030 4513 potentes
1062 4437 1199 4493 estis
1232 4433 1309 4493 ad
1355 4436 1681 4494 bibendum
1708 4439 1938 4511 vinum,
1970 4445 2025 4497 et
2042 4441 2149 4498 viri

501 4529 679 4588 fortes
700 4529 777 4586 ad
799 4527 1170 4584 miscendam
1191 4526 1670 4593 ebrietatem.Qui
1686 4527 2024 4599 justiﬂcatis
2040 4532 2146 4588 im-

500 4619 670 4694 pium
692 4633 798 4692 pro
827 4616 1191 4682 muneribus,
1237 4621 1293 4672 et
1302 4613 1592 4688 justitiam
1617 4617 1763 4689 justi
1799 4617 2037 4674 aufertis
2069 4619 2148 4676 ab

502 4710 844 4781 eo.Propter
872 4707 1164 4773 hoc,sicut
1185 4707 1432 4763 devorat
1448 4705 1724 4780 stipulam
1749 4707 1954 4779 lingua
1969 4708 2145 4779 ignis,

503 4802 558 4855 et
587 4798 747 4855 calor
757 4796 1005 4854 ﬂamma
1021 4796 1231 4866 exurit;
1246 4795 1327 4852 sic
1348 4797 1518 4853 radix
1531 4811 1738 4852 eorum
1760 4797 1935 4868 quasi
1952 4796 2153 4854 favilla

501 4887 628 4953 erit,
661 4893 717 4943 et
742 4900 985 4956 germen
1017 4902 1224 4944 eorum
1272 4891 1336 4944 ut
1364 4885 1556 4960 pulvis
1587 4885 1886 4942 ascendet.
1914 4885 2155 4957 Abjece-

499 4981 638 5032 runt
672 4977 831 5032 enim
859 4976 1052 5048 legem
1088 4977 1315 5033 Domini
1349 4975 1733 5047 exercituum,
1764 4979 1820 5031 et
1849 4975 2155 5048 eloquium

502 5065 688 5123 sancti
704 5065 884 5121 Israel
907 5065 1485 5138 blasphemaverunt.
1520 5064 1656 5120 Ideo
1675 5063 1861 5121 iratus
1890 5063 2157 5122 estfuror

502 5153 741 5212 Domini
755 5154 814 5210 in
830 5153 1362 5228 populis,extendit
1380 5168 1631 5210 manum
1653 5169 1826 5210 suam
1840 5168 2017 5226 super
2029 5169 2152 5224 eos,

502 5249 558 5300 et
585 5241 883 5317 percussit
908 5257 1041 5298 eos:
1069 5244 1124 5295 et
1139 5240 1476 5297 conturbati
1495 5245 1630 5297 sunt
1654 5247 1908 5312 montes,
1924 5249 1979 5302 et
2001 5243 2156 5302 facta

505 5337 643 5388 sunt
663 5331 978 5388 morticina
1003 5329 1416 5400 eorum,quasi
1444 5333 1668 5386 stercus
1706 5332 1768 5387 in
1799 5333 1996 5390 medio
2027 5333 2152 5406 pla-

504 5423 754 5477 tearum.
794 5420 966 5492 160
989 5420 1051 5474 In
1064 5416 1344 5473 omnibus
1369 5433 1492 5474 non
1511 5423 1857 5478 estaversus
1870 5421 2033 5478 furor
2045 5423 2155 5478 Do-

505 5510 674 5580 mini,
706 5509 812 5566 sed
841 5509 1039 5567 adhuc
1077 5519 1295 5564 manus
1343 5507 1475 5581 ejus
1527 5512 1780 5566 extenta.
1816 5509 1884 5568 Et
1904 5507 2155 5568 elevabit

2249 3112 2505 3175 nostros,
2560 3105 2665 3179 qui
2721 3105 2958 3161 habitas
3004 3103 3066 3159 in
3112 3103 3298 3159 ccelis.
3331 3103 3394 3156 P.
3437 3099 3589 3167 Quia
3631 3099 3810 3156 venit.
3842 3098 3886 3159 ῒ

2247 3195 2460 3262 Gloria,
2502 3199 2559 3250 et
2594 3193 2808 3250 honor.
2834 3193 3166 3250 Reiteretur
3194 3203 3258 3263 Ri.

2308 3286 2531 3341 Preces.
2559 3281 2900 3340 Clamemus
2927 3297 3138 3338 omnes
3163 3296 3287 3336 una
3306 3294 3492 3336 voce:
3523 3278 3589 3332 P.
3629 3275 3910 3341 Domine,

2247 3372 2630 3433 miserereﬁl’.
2661 3374 2881 3428 Amara
2904 3371 3083 3427 nobis
3125 3374 3215 3426 est
3265 3369 3379 3424 vita
3436 3372 3661 3425 nostra.
3703 3365 3766 3422 P.
3796 3365 3917 3421 Do-

2247 3463 2428 3519 mine.
2454 3460 2517 3523 ﬁt.
2551 3459 2771 3518 Delicta
2787 3460 2917 3517 dele
2940 3481 2958 3516 :
2990 3475 3204 3533 pacem
3225 3457 3505 3514 concede.
3535 3457 3596 3512 P.
3633 3454 3916 3512 Domine.

2247 3551 2310 3612 ἵ.
2338 3552 2563 3609 lnclina
2591 3566 2800 3608 aurem
2829 3555 2997 3608 tuam
3017 3549 3097 3606 ad
3124 3563 3364 3622 precem
3393 3551 3688 3603 nostram.
3716 3547 3776 3599 P.
3801 3544 3919 3600 Do-

2251 3642 2428 3698 mine.
2461 3640 2524 3702 ῒ.
2566 3641 2746 3697 Parce
2771 3639 3022 3706 delictis,
3053 3637 3465 3695 etsubvenide
3484 3634 3668 3693 calls.
3704 3633 3767 3690 P.
3806 3635 3921 3690 Do-

2251 3746 2436 3788 mine.

2324 3839 2612 3910 Hymnus.
2653 3838 2696 3893 Ο
2721 3839 3038 3893 Nazarene.
3073 3834 3187 3905 fol.
3225 3834 3343 3890 144.

2329 3944 2634 4014 Capitula.
2666 3942 3097 3999 Pateantaures
3118 3936 3913 4009 tuae,Domine,orationibus

2255 4031 2721 4106 nostris;quibus
2737 4035 2774 4088 a
2793 4029 2969 4087 nobis
2989 4028 3240 4101 congrui
3255 4027 3533 4085 clamoris
3547 4026 3914 4099 supplicatio

2255 4122 2565 4193 dirigatur,
2588 4137 2713 4194 qua
2732 4125 2788 4176 et
2810 4119 3124 4191 dignanter
3140 4117 3408 4183 audiant,
3432 4123 3488 4172 et
3507 4115 3572 4172 in
3590 4115 3775 4172 rebus
3813 4130 3916 4188 pe-

2256 4211 2372 4267 titis
2402 4210 2717 4266 clementer
2744 4207 3122 4281 respondeat.
3157 4211 3223 4263 Et
3252 4207 3396 4280 quia
3421 4204 3588 4278 apud
3614 4209 3668 4261 te
3707 4204 3914 4261 multa

2257 4305 2394 4356 sunt
2416 4299 2843 4362 miserationes,
2872 4313 3159 4368 rogamus
3188 4299 3243 4353 te
3270 4297 3461 4367 Deus;
3505 4309 3583 4350 ne
3607 4310 3721 4351 nos
3742 4295 3920 4365 juxta

2178 4399 2224 4456 1)
2258 4388 2696 4446 multitudinem
2726 4385 3114 4460 iniquitatum
3145 4390 3485 4443 nostrarum
3512 4383 3918 4448 condemnes;

2257 4478 2366 4536 sed
2396 4477 2767 4544 conﬁtentes,
2796 4492 2866 4533 ac
2886 4480 3246 4532 revertentes
3269 4473 3348 4530 ad
3372 4477 3443 4539 te,
3474 4473 3722 4544 c0piosa
3742 4473 3920 4529 mise-

2253 4566 2486 4625 ratione
2514 4564 2778 4622 viviﬁces
2807 4581 2818 4621 :
2845 4569 2910 4621 ut
2955 4564 3280 4620 clamorem
3322 4567 3595 4619 nostrum
3621 4561 3704 4619 ad
3755 4567 3814 4619 te
3844 4561 3920 4618 de

2255 4655 2571 4731 profundis
2597 4655 2876 4728 accipias,
2895 4659 2952 4711 et
2974 4658 3286 4726 exemptos
3309 4668 3419 4710 nos
3444 4650 3922 4719 amundanis,in

2257 4747 2420 4804 atriis
2437 4745 2551 4802 tuis
2563 4744 2622 4800 in
2637 4744 2857 4817 gaudio
2869 4747 3172 4817 perpetuae
3186 4741 3594 4799 delectationis
3607 4740 3923 4798 adsumas.

2330 4838 2496 4891 Patsr
2521 4838 2743 4890 noster.
2778 4835 2824 4888 Α
2853 4832 3013 4889 malo
3043 4848 3153 4889 nos
3181 4832 3387 4888 libera.
3418 4831 3526 4901 fol.
3561 4834 3647 4886 10.

2330 4924 2430 4980 Ad
2457 4925 2690 4980 Nonam
2717 4922 2915 4980 omnia
2947 4922 3315 4986 dicantur,ut
3346 4922 3405 4977 in
3433 4921 3613 4978 Nona
3639 4921 3716 4977 de
3741 4921 3929 4978 tertia

2259 5014 2422 5086 feria
2445 5014 2773 5085 pralerz’ta.

2877 5119 2973 5175 Ad
3014 5120 3306 5191 Vesperos.

2263 5315 2308 5368 Β
2333 5226 2556 5286 Lauda.
2592 5229 2861 5302 Vespere,
2894 5243 3092 5290 mane.
3129 5231 3185 5285 et
3227 5223 3471 5283 meridie
3501 5228 3556 5280 te
3595 5224 3938 5284 laudamus

2311 5331 2533 5368 omlne.

2311 5331 2533 5371 omlne.

2332 5403 2620 5460 Dominus
2657 5404 2751 5462 sit.
2795 5415 2858 5478 ἢ.
2890 5407 2955 5464 Et
2985 5420 3145 5462 cum.

2333 5510 2706 5583 Antiphona.
2732 5498 3048 5570 Benedicat
3069 5528 3182 5570 nos
3205 5511 3491 5570 Dominus
3513 5510 3676 5570 Deus
3699 5517 3934 5581 noster,
