4102 6176
180 191 286 244 297

1376 182 1724 260 DOMINICA
1771 183 1792 240 Ι
1831 183 2432 253 QUADRAGESIME.

3492 205 3598 263 298

177 329 338 370 eam.
371 311 543 367 Venit
563 312 764 366 autem
781 309 936 364 Deus
957 308 1033 364 ad
1059 306 1397 398 Abimelech
1413 325 1520 381 per
1543 311 1838 368 somnium
1869 313 1915 367 A
1950 313 2063 369 Sed
2093 317 2148 369 et
2182 313 2372 370 ﬁlium
2400 313 2627 370 ancillae
2660 315 2880 377 faciam
2907 323 2970 378 in
3009 326 3244 393 gentem
3282 338 3595 398 magnam,

175 403 390 467 noctis,
426 406 482 456 et
538 400 620 456 ait
656 400 744 454 ei:
811 401 894 454 En
922 397 1188 453 morieris
1243 404 1481 470 propter
1529 401 1836 457 mulierem

177 508 366 566 quam
399 490 576 546 tulisti
613 505 624 541 :
668 487 853 543 habet
883 487 1040 543 enim
1071 487 1284 542 virum.
1314 488 1651 544 Abimelech
1697 507 1838 548 vero

179 597 298 637 non
340 580 613 649 tetigerat
645 593 800 643 eam,
831 582 886 632 et
939 576 1017 632 ait
1051 593 1060 630 :
1101 577 1367 646 Domine,
1426 593 1569 634 num
1601 585 1839 649 gentem

178 672 559 740 ignorantem
591 672 647 723 et
670 668 902 738 justam
927 665 1286 721 interﬁcies?
1323 670 1525 723 Nonne
1555 669 1684 740 ipse
1717 671 1835 726 ait:

181 762 363 815 Soror
391 773 526 812 mea
554 756 688 811 est?
715 756 772 810 in
808 754 1168 826 simplicitate
1191 755 1385 810 cordis
1415 757 1550 822 mei,
1583 763 1638 813 et
1668 775 1836 814 mun-

183 848 330 903 ditia
361 862 650 903 manuum
685 860 957 900 mearum
981 844 1089 899 feci
1129 844 1262 899 hoc.
1295 845 1561 916 Dixitque
1592 847 1670 902 ad
1700 864 1839 903 eum

185 939 342 992 Deus
373 955 384 993 :
430 937 488 990 Et
511 950 622 1004 ego
651 933 774 988 scio
797 933 962 1004 quod
1005 932 1260 1004 simplici
1289 933 1466 988 corde
1512 934 1716 991 feceris
1743 956 1753 994 :
1787 941 1842 993 et

184 1027 322 1082 ideo
343 1024 632 1081 custodivi
658 1031 798 1079 tene
816 1034 1093 1094 peccares
1115 1023 1173 1076 in
1197 1037 1313 1089 me,
1333 1027 1388 1077 et
1406 1039 1528 1078 non
1550 1025 1764 1080 admisi
1780 1029 1841 1082 ut

186 1120 458 1184 tangeres
483 1129 640 1170 eam.
665 1115 832 1168 Nunc
859 1113 1027 1182 162
1052 1111 1230 1179 igitur
1249 1111 1430 1167 redde
1454 1129 1699 1169 uxorem
1717 1115 1840 1170 viro

180 1221 312 1267 suo,
343 1205 492 1276 quia
513 1202 803 1276 propheta
839 1207 962 1258 est:
994 1199 1187 1255 orabit
1217 1216 1327 1272 pro
1359 1207 1432 1265 te,
1467 1206 1522 1256 et
1560 1203 1718 1257 vives
1755 1223 1765 1261 :
1794 1203 1841 1258 si

183 1299 392 1349 autem
427 1293 685 1348 nolueris
710 1290 978 1356 reddere,
999 1289 1148 1344 scito
1176 1288 1340 1360 quod
1369 1295 1555 1346 morte
1573 1292 1841 1347 morieris

184 1386 271 1452 tu,
303 1387 360 1438 et
380 1381 585 1437 omnia
611 1395 741 1451 qua;
766 1384 865 1434 tua
885 1383 1041 1432 sunt.
1069 1378 1397 1449 Statimque
1419 1379 1491 1433 de
1514 1385 1682 1435 nocte
1705 1396 1842 1436 con-

181 1486 440 1540 surgens
471 1468 832 1533 Abimelech,
854 1467 1088 1522 vocavit
1117 1482 1325 1522 omnes
1351 1483 1552 1522 servos
1590 1485 1727 1524 suos
1753 1489 1763 1528 :
1787 1474 1842 1526 et

177 1560 416 1616 locutus
443 1562 532 1613 est
575 1558 854 1612 universa
875 1555 1063 1611 verba
1092 1555 1216 1610 haec
1246 1557 1306 1610 in
1339 1556 1584 1612 auribus
1609 1573 1836 1630 eorum,

1946 403 2090 474 quia
2107 419 2310 458 semen
2334 407 2500 460 tuum
2524 407 2901 466 est.Surrexit
2931 411 3126 484 itaque
3148 415 3453 472 Abraham
3472 434 3599 475 ma-

1947 506 2040 561 ne,
2067 496 2121 548 et
2146 491 2355 548 tollens
2386 509 2607 566 panem
2649 500 2704 552 et
2729 502 3139 585 utrem.aqute,
3164 501 3454 576 imposuit
3475 523 3598 563 sca-

1946 579 2104 652 pulae
2125 581 2637 656 ejus,tradiditque
2653 579 2994 657 puerum,'et
3032 590 3258 648 dimisit
3281 609 3432 651 eam.
3454 596 3597 660 Quae

1948 685 2085 725 cum
2115 669 2378 736 abiisset,
2410 673 2647 730 errabat
2670 674 2730 731 in
2761 676 3076 734 solitudine
3099 681 3405 738 Bersabee.
3427 686 3598 739 Cum-

1947 775 2062 830 que
2094 765 2454 832 consumpta
2484 768 2633 818 esset
2665 780 2825 838 aqua
2853 766 2914 821 in
2936 771 3083 835 utre,
3109 769 3327 840 abjecit
3344 787 3599 844 puerum

1949 847 2151 903 subter
2180 865 2366 905 unam
2398 851 2836 926 arborem,quae
2868 854 2950 911 ibi
2971 861 3115 914 erat.
3151 861 3216 916 Et
3233 858 3398 930 abiit,
3427 859 3600 918 sedit~

1949 952 2063 1008 que
2086 953 2116 992 e
2141 938 2380 1007 regione
2404 941 2612 1010 procul
2638 948 2934 1014 quantum
2956 951 3150 1016 potest
3178 963 3350 1004 arcus
3363 949 3597 1020 jacere;

1949 1024 2095 1080 dixit
2115 1027 2306 1082 enim:
2341 1031 2466 1082 Non
2488 1029 2704 1087 videbo
2721 1033 3073 1090 morientem
3110 1050 3365 1106 puerum
3392 1042 3485 1094 :et
3514 1052 3602 1094 se-

1949 1113 2097 1169 dens
2131 1115 2575 1186 contra,levavit
2595 1135 2804 1176 vocem
2822 1137 2995 1177 suam
3013 1127 3068 1178 et
3085 1123 3263 1179 ﬂevit.
3295 1125 3604 1182 Exaudivit

1949 1206 2148 1257 autem
2165 1205 2314 1258 Deus
2329 1219 2532 1260 vocem
2546 1207 2712 1278 pueri
2733 1225 2745 1262 :
2768 1209 3120 1282 vocavitque
3133 1210 3392 1280 Angelus
3408 1211 3604 1268 Domi-

1949 1290 2008 1344 ni
2026 1295 2182 1358 Agar
2202 1291 2274 1346 de
2293 1293 2461 1358 coelo,
2487 1293 2690 1350 dicens
2711 1313 2723 1350 :
2751 1297 2903 1361 Quid
2925 1297 3056 1367 agis
3071 1305 3227 1368 Agar
3246 1299 3276 1355 ‘i’
3293 1298 3414 1354 noli
3439 1299 3604 1356 time-

1948 1394 2009 1434 re
2031 1397 2042 1431 :
2060 1380 2359 1436 exaudivit
2380 1381 2538 1437 enim
2555 1386 2710 1439 Deus
2727 1400 2936 1441 vocem
2957 1388 3127 1458 pueri
3148 1386 3224 1442 de
3245 1387 3376 1444 loco
3397 1387 3459 1443 in
3480 1403 3603 1461 quo

1951 1471 2054 1523 est.
2090 1469 2293 1538 Surge,
2327 1474 2383 1525 et
2414 1470 2545 1526 tolle
2575 1487 2852 1542 puerum,
2882 1478 2937 1530 et
2956 1480 3084 1530 tene
3115 1490 3364 1532 manum
3394 1476 3552 1532 illius
3587 1491 3600 1532 :

1949 1557 2090 1628 quia
2124 1556 2184 1612 in
2225 1563 2460 1627 gentem
2492 1575 2780 1631 magnam
2804 1561 3021 1619 faciam
3054 1580 3212 1620 eum.
3244 1565 3606 1638 Aperuitque

181 1649 626 1717 timueruntque
644 1661 852 1701 omnes
876 1645 982 1700 viri
1009 1645 1198 1700 valde.
1225 1646 1465 1700 Vocavit
1495 1651 1692 1702 autem
1710 1648 1842 1703 Abi-
1876 1663 1918 1717 Β
1949 1646 2154 1701 oculos
2180 1647 2307 1717 ejus
2331 1650 2482 1704 Deus
2514 1668 2525 1706 :
2560 1665 2694 1721 qua;
2713 1651 2926 1707 videns
2960 1658 3206 1723 puteum
3226 1669 3422 1724 aqum,
3460 1651 3609 1710 abiit

180 1737 411 1792 melech
434 1737 619 1791 etiam
651 1735 976 1798 Abraham,
1004 1739 1059 1789 et
1090 1733 1301 1788 dixitei
1327 1752 1338 1788 :
1372 1735 1522 1799 Quid
1543 1735 1723 1792 fecisti
1739 1753 1840 1794 no-

178 1825 470 1898 bis?quid
499 1826 886 1896 peccavimus
916 1823 976 1877 in
1004 1825 1233 1894 te,quia
1254 1823 1728 1896 induxistisuper
1744 1843 1840 1882 me

185 1920 240 1970 et
259 1930 442 1986 super
460 1929 715 1982 regnum
732 1929 931 1968 meum
947 1916 1260 1984 peccatum
1280 1912 1502 1980 grande
1525 1915 1695 1986 ?quae
1719 1931 1839 1970 non

180 2003 440 2058 debuisti
475 2001 898 2066 facere,fecisti
944 2001 1135 2055 nobis.
1180 2003 1523 2074 Rursusque
1567 2009 1842 2075 expostu-

180 2093 333 2157 lans,
371 2093 453 2146 ait
487 2108 498 2146 :
531 2091 685 2156 Quid
719 2090 931 2152 vidisti,
973 2094 1034 2145 ut
1062 2089 1175 2145 hoc
1202 2089 1424 2145 faceres
1456 2091 1482 2145 ?
1517 2091 1844 2163 Respondit

178 2182 489 2236 Abraham
521 2202 531 2235 :
566 2179 836 2248 Cogitavi
858 2195 1114 2246 mecum,
1144 2178 1385 2236 dicens:
1423 2180 1692 2236 Forsitan
1720 2196 1843 2237 non

183 2277 268 2327 est
295 2271 482 2326 timor
506 2271 603 2325 Dei
623 2271 681 2324 in
708 2269 840 2324 loco
861 2269 1007 2324 isto:
1043 2268 1462 2325 etinterﬁcient
1488 2285 1583 2324 me
1604 2275 1846 2342 propter

179 2376 435 2416 uxorem
462 2375 663 2414 meam
698 2376 710 2410 :
741 2358 890 2415 alias
920 2362 1119 2413 autem
1141 2362 1195 2413 et
1227 2373 1360 2413 vere
1391 2373 1557 2414 soror
1579 2375 1713 2415 mea
1733 2363 1842 2424 est,

181 2450 304 2505 ﬁlia
337 2449 528 2521 patris
555 2447 891 2514 mei,etnon
913 2447 1034 2502 ﬁlia
1053 2446 1257 2501 matris
1280 2462 1446 2512 meaa,
1467 2451 1524 2503 et
1554 2447 1696 2503 duxi
1713 2463 1846 2504 eam

180 2541 235 2594 in
272 2554 552 2594 uxorem.
585 2539 906 2608 Postquam
937 2536 1138 2590 eduxit
1156 2551 1250 2589 me
1268 2535 1424 2590 Deus
1447 2536 1520 2591 de
1542 2537 1724 2593 domo
1746 2554 1846 2609 pa-

180 2629 282 2683 tris
315 2627 458 2696 mei,
495 2626 620 2681 dixi
654 2626 730 2680 ad
771 2641 904 2680 eam
936 2641 946 2679 :
975 2624 1138 2680 Hanc
1171 2625 1639 2680 misericordiam
1668 2626 1846 2681 facies

179 2733 423 2772 mecum
450 2733 463 2769 :
492 2716 552 2770 in
582 2715 748 2769 omni
781 2713 929 2778 loco,
966 2713 1042 2768 ad
1073 2729 1253 2784 quem
1280 2713 1662 2782 ingredimur,
1683 2715 1844 2770 dices

177 2806 346 2880 quod
376 2806 560 2860 frater
586 2808 723 2858 tuus
742 2803 872 2857 sim.
894 2803 1041 2858 Tulit
1067 2802 1244 2871 igitur
1268 2802 1608 2857 Abimelech
1625 2819 1764 2858 oves
1791 2807 1848 2859 et

179 2897 387 2958 boves,
409 2899 462 2949 et
487 2909 694 2948 servos
717 2896 772 2948 et
797 2891 1059 2954 ancillas,
1081 2896 1136 2946 et
1163 2891 1324 2946 dedit
1342 2891 1644 2947 Abraham
1672 2908 1684 2945 :
1715 2891 1845 2947 red-

178 2984 452 3054 diditque
478 2981 561 3036 illi
592 2985 802 3036 Saram
826 2996 1067 3036 uxorem
1097 2996 1289 3045 suam,
1323 2984 1377 3034 et
1407 2979 1488 3035 ait
1518 2999 1528 3031 :
1573 2985 1725 3036 terra
1752 2996 1846 3036 co-

180 3089 318 3128 ram
331 3069 997 3141 vobisest,ubicumque
1019 3069 1121 3124 tibi
1144 3068 1672 3140 placuerithabita.
1690 3072 1843 3125 Saraa

179 3168 384 3218 autem
404 3161 581 3216 dixit:
603 3163 744 3214 Ecce
765 3159 925 3213 mille
944 3163 1254 3229 argenteos
1274 3158 1585 3214 dedifratri
1604 3160 1846 3225 tuo,hoc

178 3253 287 3307 erit
319 3252 420 3306 tibi
458 3251 518 3304 in
568 3248 846 3304 velamen
891 3247 1221 3310 oculorum,
1278 3252 1334 3302 et
1386 3247 1463 3301 ad
1503 3263 1712 3302 omnes
1742 3249 1845 3320 qui

179 3345 376 3396 tecum
406 3344 569 3402 sunt,
591 3351 647 3392 et
669 3351 1053 3409 quocumque
1078 3335 1404 3407 perrexeris
1430 3351 1441 3387 :
1471 3340 1773 3391 memento
1793 3341 1845 3392 te

177 3429 644 3501 deprehensam.
709 3427 922 3481 Orante
976 3430 1176 3479 autem
1230 3423 1555 3493 Abraham,
1611 3425 1847 3480 sanavit

182 3521 333 3574 Deus
360 3515 717 3572 Abimelech
745 3519 800 3569 et
826 3528 1092 3578 uxorem,
1123 3517 1180 3568 et
1200 3513 1444 3568 ancillas
1485 3514 1632 3584 ejus,
1666 3519 1721 3569 et
1750 3529 1846 3586 pe-

177 3612 462 3680 pererunt
491 3624 503 3660 :
539 3604 914 3660 concluserat
954 3602 1114 3657 enim
1147 3603 1299 3657 Deus
1329 3619 1572 3658 omnem
1603 3606 1846 3660 vulvam

183 3696 517 3752 Abimelech
533 3699 778 3766 propter
791 3696 988 3748 Saram
1006 3707 1251 3747 uxorem
1264 3691 1534 3748 Abrahae.
1551 3693 1790 3762 (Cap.2't
1805 3693 1847 3764 .)

189 3784 452 3839 Visitavit
477 3788 684 3838 autem
717 3780 1004 3836 Dominus
1037 3782 1244 3836 Saram
1272 3781 1421 3836 sicut
1453 3782 1843 3852 promiserat:

179 3877 236 3928 et
265 3871 536 3944 implevit
565 3885 702 3943 quae
723 3869 954 3924 locutus
980 3872 1086 3924 est.
1118 3869 1511 3940 Conceptique
1534 3874 1590 3924 et
1624 3871 1850 3941 peperit

175 3961 372 4017 ﬁlium
397 3963 463 4016 in
492 3963 793 4015 senectute
817 3974 949 4021 sua,
975 3962 1241 4028 tempore
1270 3973 1391 4028 quo
1417 3959 1770 4028 praedixerat
1794 3959 1847 4016 ei

180 4051 365 4106 Deus.
397 4050 761 4120 Vocavitque
793 4048 1096 4104 Abraham
1121 4061 1343 4102 nomen
1372 4047 1473 4100 ﬁlii
1522 4048 1634 4115 sui,
1666 4063 1849 4119 quem

179 4140 401 4210 genuit
433 4138 483 4190 ei
514 4139 672 4199 Sara,
741 4141 906 4192 lsaac
939 4155 949 4194 :
981 4141 1036 4192 et
1065 4134 1434 4190 circumcidit
1458 4150 1596 4189 eum
1635 4141 1849 4193 octavo

183 4228 316 4294 die,
353 4225 508 4280 sicut
538 4231 889 4297 praeceperat
915 4225 966 4280 ei
1011 4226 1184 4293 Deus,
1218 4240 1354 4279 cum
1407 4229 1644 4280 centum
1699 4229 1852 4282 esset

181 4330 499 4372 annorum
527 4314 664 4369 :hac
689 4315 913 4387 quippe
931 4320 1098 4369 aetate
1123 4313 1322 4384 patris,
1350 4318 1524 4368 natus
1552 4320 1641 4369 est
1665 4318 1846 4370 lsaac.

180 4406 464 4476 Dixitque
497 4407 667 4460 Sara:
700 4405 908 4459 Risum
932 4403 1066 4458 fecit
1098 4403 1238 4457 mihi
1264 4403 1415 4457 Deus
1448 4420 1460 4457 :
1487 4404 1851 4477 quicumque

183 4495 469 4560 audierit,
491 4493 810 4550 corridebit
830 4492 995 4547 mihi.
1025 4495 1366 4563 Rursusque
1389 4493 1497 4547 ait:
1525 4496 1665 4558 Quis
1685 4494 1851 4549 audi-

184 4590 399 4642 turum
425 4583 686 4638 crederet
701 4583 1022 4646 Abraham,
1040 4581 1203 4653 quod
1222 4583 1362 4636 Sara
1380 4582 1619 4638 lactaret
1640 4583 1847 4648 ﬁlium,

184 4691 378 4748 quem
435 4674 662 4745 peperit
691 4673 743 4727 ei
801 4672 927 4743 jam
959 4670 1084 4725 seui
1106 4671 1133 4725 ?
1161 4672 1347 4725 Crevit
1390 4672 1568 4742 igitur
1599 4689 1761 4742 puer,
1799 4677 1855 4728 et

187 4765 527 4819 ablactatus
540 4767 653 4817 est:
675 4761 923 4832 fecitque
947 4759 1250 4814 Abraham
1265 4760 1488 4829 grande
1511 4761 1853 4816 convivium

186 4853 244 4910 in
261 4855 358 4908 die
375 4850 795 4908 ablactationis
810 4851 1233 4920 ejus.Cumque
1252 4849 1489 4905 vidisset
1507 4851 1650 4906 Sara
1661 4851 1853 4908 ﬁlium

185 4947 349 5012 Agar
385 4940 682 5013 Egyptiaa
713 4939 1016 4995 ludentem
1039 4955 1177 4993 cum
1202 4941 1367 4994 lsaac
1398 4938 1518 4996 ﬁlio
1549 4941 1597 5011 ej
1611 4941 1855 5005 us,dixit

187 5031 266 5087 ad
301 5031 646 5100 Abraham;
682 5028 836 5101 Ejice
869 5026 1147 5083 ancillam
1179 5026 1354 5092 hanc,
1389 5033 1444 5082 et
1474 5029 1659 5084 tilium
1685 5031 1850 5100 ejus:

187 5137 316 5176 non
379 5136 540 5175 enim
573 5120 679 5174 erit
705 5119 874 5174 heres
927 5116 1082 5170 filius
1135 5116 1363 5171 ancillae
1403 5133 1539 5172 cum
1572 5118 1692 5172 tilio
1720 5134 1855 5174 meo

191 5213 378 5265 lsaac.
416 5213 569 5265 Dure
598 5207 820 5278 accepit
852 5207 964 5262 hoc
993 5205 1296 5261 Abraham
1329 5221 1435 5276 pro
1465 5206 1585 5260 tilio
1618 5208 1857 5262 suo.Cui

189 5301 344 5356 dixit
374 5301 565 5354 Deus:
593 5297 834 5352 Nontibi
856 5296 1124 5350 videatur
1150 5311 1430 5366 asperum
1459 5313 1635 5368 super
1649 5313 1854 5369 puero,

189 5396 250 5445 et
280 5405 462 5463 super
493 5387 713 5444 ancilla
744 5393 880 5444 tua:
935 5385 1141 5442 omnia
1169 5400 1306 5456 quae
1331 5384 1435 5440 tibi
1456 5386 1667 5444 dixerit
1688 5388 1854 5458 Sara,

190 5479 342 5539 audi
365 5494 579 5537 vocem
596 5477 725 5549 ejus
747 5492 757 5526 :
776 5475 988 5548 quiain
1007 5474 1170 5531 lsaac
1182 5473 1493 5531 vocabitur
1508 5475 1610 5533 tibi
1628 5493 1856 5536 semen.

490 5569 728 5624 PATROL.
773 5564 1060 5622 LXXXVI.

1949 1739 2004 1791 et
2033 1734 2298 1808 implevit
2323 1742 2536 1807 utrem,
2587 1738 2868 1811 deditque
2922 1755 3110 1811 puero
3139 1741 3365 1797 bibere.
3402 1744 3468 1797 Et
3497 1741 3608 1797 fuit

1949 1839 2086 1878 cum
2117 1839 2186 1879 eo
2222 1842 2234 1877 :
2263 1825 2358 1896 qui
2408 1826 2606 1891 crevit,
2640 1831 2694 1882 et
2724 1832 2994 1884 moratus
3046 1834 3133 1884 est
3161 1829 3222 1884 in
3266 1828 3607 1895 solitudine,

1949 1913 2259 1984 factusque
2291 1918 2375 1970 est
2399 1915 2632 1985 juvenis
2681 1917 3036 1987 sagittarius.
3090 1916 3512 1989 Ilabitabitque
3540 1917 3603 1972 in

1950 2002 2182 2058 deserto
2209 2003 2464 2070 Pharan,
2491 2005 3087 2077 etaccepitillimater
3103 2023 3216 2063 sua
3248 2022 3496 2063 uxorem
3528 2005 3603 2063 de

1951 2096 2105 2148 terra
2136 2093 2389 2165 [EgyptL
2423 2093 2643 2150 Eodem
2669 2099 2935 2168 tempore
2970 2096 3118 2152 dixit
3165 2093 3530 2165 Abimelech,
3553 2099 3610 2152 et

1954 2180 2155 2236 Phicol
2187 2183 2460 2256 princeps
2491 2185 2779 2240 exercitus
2825 2185 2950 2256 ejus
2971 2184 3050 2240 ad
3071 2184 3376 2241 Abraham
3411 2206 3423 2241 :
3453 2185 3608 2240 Deus

1954 2274 2150 2326 tecum
2175 2275 2264 2326 est
2284 2271 2344 2327 in
2373 2272 2662 2328 universis
2681 2290 2815 2346 quae
2838 2274 2987 2343 agis.
3020 2277 3161 2331 Jura
3190 2290 3332 2345 ergo
3363 2289 3470 2347 per
3497 2272 3608 2329 Do-

1953 2360 2206 2426 minum,
2232 2375 2306 2416 ne
2327 2377 2547 2419 noceas
2569 2362 2736 2429 mihi,
2758 2367 2813 2419 et
2840 2363 3091 2435 posteris
3119 2363 3291 2434 meis,
3322 2362 3608 2436 stirpique

1955 2465 2102 2504 meae
2124 2468 2136 2517 ;
2157 2449 2258 2505 sed
2273 2450 2445 2520 juxta
2459 2451 2946 2523 misericordiam,
2966 2468 3152 2525 quam
3169 2451 3278 2509 feci
3295 2451 3608 2520 tibi,facies

1955 2538 2119 2603 mihi,
2155 2543 2210 2593 et
2232 2543 2396 2595 terra;
2420 2541 2478 2596 in
2506 2557 2624 2612 qua
2649 2547 2922 2597 versatus
2951 2557 3014 2596 es
3044 2542 3303 2598 advena.
3335 2543 3607 2614 Dixitque

1954 2626 2257 2680 Abraham
2293 2643 2305 2676 :
2351 2630 2468 2695 Ego
2505 2629 2742 2696 jurabo.
2806 2631 2869 2683 Et
2906 2629 3236 2700 increpavit
3266 2629 3610 2686 Abimelech

1955 2718 2192 2786 prOpter
2203 2719 2433 2784 puteum
2452 2729 2626 2786 aqua;
2645 2730 2813 2786 quem
2827 2717 2886 2770 vi
2902 2715 3278 2772 abstulerant
3291 2718 3443 2771 servi
3456 2718 3604 2786 ejus.

1954 2801 2650 2873 ResponditAhimelech:
2672 2802 3049 2873 Nesciviquis
3064 2803 3432 2859 fecerithanc
3447 2820 3567 2859 rem
3591 2825 3604 2858 :

1954 2891 2130 2946 sedet
2156 2895 2219 2946 tu
2236 2905 2359 2947 non
2382 2890 2842 2955 indicastimihi,
2869 2896 2924 2947 et
2942 2907 3053 2962 ego
3083 2907 3205 2948 non
3236 2892 3440 2949 audivi
3462 2907 3609 2964 prae-

1885 3015 1924 3071 Ο
1952 2984 2040 3036 ter
2068 2979 2265 3071 hodie.
2300 2979 2454 3071 Tulit
2496 2980 2694 3052 itaque
2723 2980 3026 3036 Abraham
3067 2997 3206 3037 oves
3233 2987 3288 3038 et
3313 2981 3519 3071 boves,
3553 2986 3610 3037 et

1952 3069 2113 3125 dedit
2139 3068 2481 3124 Abimelech
2503 3087 2514 3121 :
2535 3075 3077 3142 percusseruntque
3100 3072 3285 3127 ambo
3303 3070 3518 3126 foedus.
3544 3073 3610 3127 Et

1955 3159 2157 3215 statuit
2172 3158 2474 3214 Abraham
2497 3163 2723 3230 septem
2755 3175 2944 3229 agnas
2967 3160 3158 3230 gregis
3185 3176 3474 3216 seorsum.
3506 3159 3611 3218 Cui

1952 3250 2099 3305 dixit
2120 3248 2461 3304 Abimelech
2479 3267 2490 3301 :
2511 3249 2666 3314 Quid
2685 3248 2799 3305 sibi
2816 3249 3024 3305 volunt
3037 3255 3263 3321 septem
3277 3265 3448 3319 agnae
3461 3251 3604 3315 istm,

1952 3354 2103 3410 quas
2120 3344 2272 3393 stare
2294 3338 2478 3393 fecisti
2507 3337 2789 3392 deorsum
2809 3337 2836 3391 ‘P
2873 3337 3050 3392 Atille
3077 3355 3088 3387 :
3118 3340 3371 3407 Septem,
3397 3337 3604 3407 inquit,

1953 3442 2137 3498 agnas
2157 3427 2413 3498 accipies
2441 3427 2509 3480 de
2540 3440 2726 3480 manu
2748 3439 2882 3480 mea
2923 3443 2935 3481 :
2967 3428 3029 3479 ut
3061 3424 3177 3479 sint
3204 3424 3350 3479 mihi
3371 3424 3432 3478 in
3454 3425 3610 3481 testi-

1953 3516 2250 3585 monium,
2278 3514 2562 3587 quoniam
2580 3530 2687 3585 ego
2715 3513 2835 3569 fodi
2853 3516 3101 3585 puteum
3140 3512 3339 3568 istum.
3385 3513 3606 3569 idcirco

1954 3611 2197 3662 vocatus
2215 3604 2483 3660 estlocus
2503 3602 2595 3657 ille
2623 3601 2904 3657 Bersabee
2927 3617 2939 3654 :
2965 3601 3105 3673 quia
3128 3601 3229 3656 tibi
3262 3606 3506 3674 uterque
3518 3603 3608 3673 ju-

1955 3695 2126 3750 ravit.
2165 3696 2229 3748 Et
2257 3692 2514 3747 inierunt
2535 3690 2728 3746 foedus
2758 3705 2867 3762 pro
2894 3695 3073 3761 puteo
3099 3690 3444 3760 juramenti.
3474 3693 3609 3747 Sur-

1953 3783 2104 3839 rexit
2122 3786 2320 3839 autem
2349 3779 2712 3849 Abimelech,
2783 3779 2952 3851 163
2987 3783 3043 3835 et
3104 3778 3300 3835 Phicol
3325 3779 3606 3853 princeps

1957 3872 2244 3929 exercitus
2263 3871 2410 3941 ejus,
2439 3868 2780 3940 reversique
2803 3869 3012 3924 suntin
3040 3872 3256 3924 terram
3279 3869 3610 3927 Palaestino-

1954 3959 2416 4017 rum.Abraham
2435 3973 2575 4013 vero
2597 3957 2887 4029 plantavit
2907 3973 3121 4014 nemus
3139 3958 3200 4013 in
3221 3957 3532 4026 Bersabee,
3555 3965 3612 4017 et

1955 4047 2350 4106 invocavitibi
2377 4062 2599 4103 nomen
2626 4046 2730 4103 Dei
2761 4047 2983 4103 aeterni.
3020 4059 3082 4116 nr.
3114 4051 3324 4104 Amen.

2029 4138 2313 4209 Hymnus.
2335 4140 2396 4192 In
2415 4136 2720 4193 matutinis
2738 4136 3057 4206 surgimus.
3080 4135 3290 4204 Quaere
3315 4137 3464 4206 folio
3488 4139 3606 4194 103.

2029 4227 2410 4296 Supplicatio.
2445 4227 2714 4296 Oremus,
2743 4229 2808 4281 ut
2826 4241 2936 4282 nos
2968 4230 3346 4282 sacrosancto
3386 4226 3611 4298 jejunio

1959 4321 2218 4386 tempore
2249 4314 2751 4387 quadragesimae.

2031 4404 2324 4474 Capitula.
2357 4404 2554 4459 Deduc
2575 4419 2686 4459 nos
2714 4403 2960 4459 Domine
2983 4402 3041 4457 in
3063 4401 3236 4458 bonis
3263 4422 3276 4470 ;
3321 4420 3392 4460 ac
3425 4403 3611 4474 dirige

1959 4495 2019 4550 in
2049 4499 2373 4566 conspectu
2401 4499 2500 4549 tuo
2513 4494 2674 4549 viam
2698 4497 2996 4548 nostram:
3023 4497 3087 4548 ut
3115 4492 3261 4548 ﬁdes
3287 4498 3490 4550 nostra
3519 4509 3609 4550 sa-

1959 4584 2165 4640 lutaris
2213 4583 2394 4638 nostri
2415 4582 2751 4648 vocatione,
2777 4581 2854 4638 ad
2874 4586 2947 4650 te,
2966 4584 3067 4654 qui
3091 4597 3193 4636 rex
3219 4589 3415 4638 noster
3441 4599 3524 4648 es,
3558 4585 3615 4638 et

1959 4673 2199 4745 vestigio
2227 4672 2626 4728 committetur
2659 4669 2924 4737 innoxio,
2955 4675 3012 4725 et
3040 4685 3219 4726 cursu
3239 4675 3489 4743 occupet
3518 4687 3613 4727 ex-

1959 4763 2180 4835 pedito.

2031 4852 2204 4906 Pater
2252 4853 2472 4906 noster.
2519 4848 2582 4904 Et
2627 4862 2701 4904 ne
2732 4862 2865 4903 nos.
2922 4854 2965 4902 A
3031 4846 3190 4904 malo
3237 4863 3346 4905 nos
3404 4846 3614 4909 libera.

1963 4942 2172 5009 Quaere
2195 4941 2303 5010 fol.
2334 4943 2416 4994 tO.

2031 5029 2253 5085 Lauda.
2280 5027 2362 5082 Ad
2367 5027 2386 5098 j
2399 5042 2514 5082 uva
2543 5041 2654 5082 nos
2673 5026 2895 5082 P.Deus
2921 5025 3198 5082 salutaris
3221 5033 3445 5088 noster.
3469 5028 3530 5088 V.
3555 5028 3620 5084 Et

1961 5123 2202 5189 propter
2229 5117 2520 5170 honorem
2551 5115 2807 5170 nominis
2839 5114 2921 5170 tui
2974 5116 3224 5174 Domine
3252 5119 3438 5175 libera
3459 5132 3568 5170 nos
3597 5131 3609 5167 :

1964 5211 2019 5261 et
2049 5205 2338 5276 propitius
2379 5208 2504 5258 esto
2558 5205 2814 5274 peccatis
2846 5208 3100 5273 nostris;
3136 5215 3377 5280 propter
3399 5215 3619 5260 nomen

1966 5302 2152 5352 tuum.
2189 5295 2247 5348 Ρ.
2286 5294 2438 5346 Deus
2467 5292 2760 5361 salutaris,
2795 5294 2860 5355 ἢν.
2903 5296 3121 5353 Gloria.
3153 5299 3214 5349 P.
3247 5298 3413 5349 Deus.

2039 5383 2260 5439 Oratio.
2288 5382 2579 5456 Propitius
2605 5387 2730 5441 esto
2751 5386 3010 5458 peccatis
3027 5383 3244 5439 nostris
3265 5378 3508 5436 Domine
3529 5391 3543 5441 ;
3563 5381 3622 5434 et

1970 5478 2210 5551 prOpter
2231 5473 2521 5533 honorem
2552 5475 2816 5534 nominis
2862 5472 2943 5531 tui
2973 5469 3232 5543 perfecta
3278 5483 3393 5526 nos
3420 5481 3624 5528 recrea

3317 5558 3384 5614 10
