4102 6176
501 220 607 280 299

1759 191 2214 273 BREVIARIUM
2252 197 2651 269 GOTHICUM.

3815 205 3930 271 300

498 342 797 406 libertate:
830 353 925 416 ne,
958 343 1103 400 dum
1139 341 1343 400 nostro
1371 339 1678 415 pectorum
1709 335 1902 411 elogio
1934 337 2146 397 adteri-
2184 327 2230 388 A
2257 329 2559 390 Abraham
2589 329 2816 391 domini
2848 333 2958 400 sui,
2989 335 3046 388 et
3065 330 3288 402 juravit
3322 328 3404 386 illi
3431 340 3612 403 super
3641 343 3929 394 sermone

499 435 721 499 mur,in
742 433 1135 508 opprobrium
1149 433 1411 502 gentium
1425 429 1946 503 redigamur.Ergo
1965 433 2148 485 utnos

499 526 806 581 severitate
835 540 956 580 non
978 521 1193 595 punias
1220 538 1412 593 poenae
1438 538 1450 587 ;
1485 538 1731 578 causam
1765 520 1939 576 nobis
1971 517 2145 573 scele-

497 629 633 670 rum
664 613 866 671 ablue:
886 619 1064 686 atque
1081 612 1142 667 in
1163 615 1490 683 conspectu
1515 615 1614 666 tuo
1634 608 1876 681 gemitus
1905 623 2146 678 compc-

498 703 757 760 ditorum
780 703 1056 769 introeat;
1099 703 1154 756 et
1183 699 1256 756 de
1315 697 1546 756 occulto
1575 703 1676 755 tuo
1731 697 1791 754 in
1830 695 2144 755 manifesto

495 797 699 851 nostro
729 791 919 863 gratia
942 789 1172 847 indulta
1200 789 1501 861 procedat.
1635 789 1843 846 Amen.

566 883 696 940 Per.
1028 967 1184 1022 Ordo
1209 967 1290 1023 ad
1320 963 1597 1022 Tertiam.

731 1051 1192 1113 Proverbiorum
1221 1056 1551 1112 Salomonis
1578 1054 1752 1125 (Cap.
1776 1054 1924 1123 xxx).

564 1155 628 1215 Bg.
661 1143 778 1200 Deo
819 1141 1059 1213 gratias.

563 1227 687 1300 Fili,
713 1231 895 1288 Testis
935 1229 1118 1288 falsus
1147 1247 1271 1287 non
1297 1231 1402 1287 erit
1451 1231 1817 1304 impunitus:
1848 1234 1904 1286 et
1931 1228 2036 1302 qui
2059 1227 2141 1285 lo-

490 1320 690 1394 quitur
714 1320 1049 1383 mendacia,
1083 1320 1442 1392 peribit,non
1475 1319 1732 1390 effugiet.
1759 1319 1911 1374 Multi
1939 1318 2142 1374 colunt

488 1421 808 1481 personam
838 1407 1114 1482 potentis,
1156 1414 1211 1463 et
1245 1409 1422 1464 amici
1451 1412 1588 1464 sunt
1611 1407 1770 1463 dona
1803 1405 2134 1463 tribuentis.

486 1499 716 1553 Fratres
735 1495 996 1553 hominis
1022 1497 1303 1568 pauperis
1335 1496 1590 1552 oderunt
1612 1513 1748 1551 eum
1783 1511 1792 1549 :
1823 1496 2063 1567 insuper
2085 1499 2141 1551 et

487 1584 665 1642 amici
696 1585 826 1656 ejus
865 1583 1074 1656 procul
1106 1589 1476 1640 recesserunt
1515 1583 1592 1640 ab
1645 1599 1734 1640 eo.
1770 1584 1879 1649 Qui
1907 1587 2138 1638 tantum

2255 423 2387 479 hoc.
2417 423 2682 496 Tulitque
2700 425 2907 481 decem
2937 420 3200 479 camelos
3233 417 3306 474 de
3335 434 3514 490 grege
3542 422 3778 480 domini
3805 428 3926 496 sui,

2254 517 2307 568 et
2338 511 2498 579 abiit,
2559 530 2630 568 ex
2668 511 2948 569 omnibus
2987 510 3161 566 bonis
3218 509 3346 579 ejus
3395 515 3645 580 portans
3691 529 3920 579 secum,

2253 601 2664 673 profectusque
2695 602 2949 673 perrexit
2978 601 3040 655 in
3070 599 3568 668 Mesopotamiam
3601 601 3676 658 ad
3701 603 3921 660 urbem

2251 690 2498 745 Nachor.
2525 693 2790 762 Cumque
2821 689 3083 746 camelos
3111 686 3344 742 fecisset
3371 689 3730 746 accumbere
3753 697 3921 751 extra

2251 777 2541 848 Oppidum
2567 779 2737 849 juxta
2764 784 3011 850 puteum
3043 791 3217 848 aquae
3245 791 3512 847 vespere,
3544 793 3614 834 eo
3648 781 3917 852 tempore

2251 880 2374 936 quo
2395 867 2583 922 solent
2607 865 2886 923 mulieres
2915 864 3118 936 egredi
3133 863 3212 920 ad
3236 863 3635 922 hauriendam
3665 883 3912 940 aquam,

2250 953 2437 1009 oravit
2465 955 2806 1026 Dominum,
2829 951 3062 1011 dicens:
3089 952 3337 1009 Domine
3363 953 3519 1009 Deus
3549 955 3779 1014 domini
3794 960 3914 1016 mei

2248 1041 2573 1113 Abraham,
2597 1059 2860 1109 occurre,
2891 1042 3140 1100 obsecro
3173 1041 3319 1098 mihi
3339 1041 3538 1108 hodie,
3575 1047 3631 1101 et
3657 1045 3752 1102 fac
3790 1048 3912 1103 mi-

2251 1129 2638 1187 sericordiam
2665 1147 2802 1188 cum
2826 1130 3073 1188 domino
3106 1142 3240 1186 meo
3269 1129 3590 1188 Abraham.
3624 1136 3770 1191 Ecce
3791 1149 3910 1206 ego

2248 1222 2338 1274 sto
2367 1234 2549 1292 prope
2572 1220 2799 1277 fontem
2843 1237 3031 1292 aquas,
3057 1226 3114 1276 et
3141 1219 3279 1275 ﬁlice
3301 1219 3689 1277 habitatorum
3717 1225 3909 1295 hujus

2247 1307 2498 1364 civitatis
2525 1309 2903 1378 egredientur
2924 1310 2998 1365 ad
3027 1308 3425 1365 hauriendam
3443 1323 3689 1381 aquam.
3723 1310 3909 1381 Igitur

2247 1396 2562 1466 puella,cui
2582 1413 2692 1468 ego
2709 1398 2916 1454 dixero
2950 1415 2961 1451 :
2983 1398 3206 1454 lnclina
3250 1397 3421 1469 164
3438 1397 3719 1469 hydriam
3738 1405 3904 1458 tuam

2245 1491 2309 1540 ut
2336 1486 2542 1542 bibam
2569 1505 2585 1540 :
2608 1491 2663 1543 et
2685 1487 2786 1543 illa
2809 1486 3212 1559 responderit:
3246 1486 3566 1559 Bibe,quin
3584 1491 3900 1546 etcamelis

2244 1574 2360 1628 tuis
2389 1573 2548 1631 dabo
2569 1581 2779 1647 potum
2811 1593 2824 1630 :
2858 1577 2991 1648 ipsa
3013 1577 3122 1643 est,
3144 1591 3329 1646 quam
3361 1578 3715 1648 praeparasti
3731 1593 3900 1636 servo

482 1673 668 1731 verba
690 1673 1121 1741 sectatur,nihil
1145 1671 1430 1728 habebit:
1460 1674 1564 1745 qui
1594 1679 1792 1729 autem
1823 1689 2137 1744 possessor
2169 1674 2214 1736 Β
2243 1667 2345 1718 tuo
2367 1667 2564 1720 Isaac:
2599 1669 2655 1720 et
2684 1681 2788 1737 per
2808 1666 2921 1720 hoc
2951 1663 3278 1735 intelligam
3314 1664 3476 1736 (ιιιοά
3495 1665 3701 1722 feceris
3721 1668 3900 1724 mise-

482 1770 571 1819 est
590 1761 822 1818 mentis.
855 1761 1048 1831 diligit
1077 1763 1334 1818 animam
1355 1778 1547 1826 suam,
1582 1767 1637 1817 et
1659 1767 1857 1817 custos
1878 1761 2133 1832 pruden-

478 1850 574 1910 tiae
605 1851 860 1907 inveniet
885 1852 1061 1907 bona.
1091 1845 1475 1906 Testisfalsus
1512 1867 1634 1906 non
1668 1850 1773 1905 erit
1802 1849 2133 1921 impunitus

479 1940 650 2013 etqui
665 1939 922 2011 loquitur
933 1937 1332 2007 mendacium,
1357 1938 1589 2012 peribit.
1620 1943 1745 1994 Non
1759 1939 1970 1994 decent
1993 1937 2132 1995 stul-

478 2035 606 2086 tum
662 2025 906 2092 deliciae,
946 2043 1055 2082 nec
1107 2043 1347 2082 servum
1401 2027 1697 2082 dominari
1736 2026 2125 2099 principibus.

476 2116 754 2174 Doctrina
773 2116 873 2172 viri
894 2116 1354 2187 perpatientiam
1386 2111 1652 2172 noscitur
1677 2132 1688 2168 :
1716 2120 1771 2171 et
1801 2115 2128 2186 gloriaejus

473 2211 561 2262 est
598 2206 804 2278 iniqua
845 2204 1247 2277 prtetergredi.
1293 2203 1451 2260 Sicut
1481 2204 1749 2260 fremitus
1787 2204 2000 2270 leonis,
2043 2206 2126 2263 ita

472 2295 630 2364 regis
654 2291 743 2349 ira
775 2309 787 2347 :
821 2295 878 2349 et
915 2293 1066 2348 sicut
1095 2308 1192 2348 ros
1233 2308 1410 2364 super
1439 2292 1709 2363 herbam,
1753 2291 1834 2350 ita
1860 2292 2124 2350 hilaritas

472 2381 619 2454 ejus.
656 2380 831 2438 Dolor
874 2380 1079 2453 patris,
1111 2379 1267 2435 ﬁlius
1316 2381 1523 2436 stultus
1559 2397 1571 2436 :
1620 2385 1678 2437 et
1716 2385 1869 2438 tecta
1903 2377 2124 2452 jugiter

468 2469 863 2544 perstillantia
877 2468 1132 2540 litigiosa
1154 2469 1380 2525 mulier.
1393 2473 1632 2534 Domus,
1651 2476 1706 2525 et
1733 2465 1956 2526 divitiae
1975 2471 2121 2527 dan-

472 2561 568 2614 tur
587 2557 623 2614 a
652 2557 916 2629 partibus
949 2573 961 2609 :
996 2559 1031 2610 a
1065 2557 1315 2610 Domino
1340 2561 1539 2610 autem
1558 2569 1706 2611 uxor
1726 2557 2009 2626 prudens.
2035 2554 2120 2613 Pi-

463 2644 648 2714 gredo
665 2643 940 2699 immittet
952 2657 1252 2713 soporem,
1268 2647 1322 2697 et
1334 2643 1536 2698 anima
1548 2643 1837 2699 dissoluta
1850 2645 2114 2700 essuriet.

465 2731 578 2796 Qui
597 2731 853 2786 custodit
880 2731 1257 2799 mandatum,
1304 2729 1562 2787 custodit
1591 2731 1859 2788 animam
1891 2749 2065 2789 suam
2098 2749 2112 2791 :

461 2817 566 2891 qui
591 2823 790 2876 autem
813 2817 1058 2890 negligit
1087 2820 1216 2875 vias
1242 2835 1400 2884 suas,
1436 2820 2116 2879 mortiﬁcabitur.Foene-

459 2912 627 2963 ratur
644 2907 896 2963 Domino
910 2909 1012 2979 qui
1029 2913 1352 2964 meseretur
1368 2909 1617 2979 pauperi
1647 2926 1659 2962 :
1685 2914 1741 2964 et
1765 2909 2116 2967 vicissitudi-

2243 1752 2560 1809 ricordiam
2588 1770 2724 1809 cum
2751 1753 2997 1810 domino
3018 1765 3154 1810 meo
3169 1753 3614 1810 Abraham.Nec
3639 1756 3780 1811 dum
3806 1759 3897 1813 in-

2241 1844 2330 1897 tra
2359 1858 2420 1896 se
2449 1841 2634 1897 verba
2655 1842 3067 1912 compleverat,
3102 1845 3158 1897 et
3189 1856 3324 1898 ecce
3341 1842 3608 1899 Rebecca
3627 1847 3894 1914 egredie-

2237 1928 2432 1995 batur,
2451 1931 2569 1986 iilia
2583 1931 2845 2001 Bathuel,
2874 1930 2980 1986 ﬁlii
3006 1930 3242 1986 Melchae
3273 1931 3477 1987 uxoris
3516 1933 3749 1990 Nachor
3779 1935 3893 1993 fra-

2239 2019 2340 2073 tris
2372 2018 2693 2085 Abraham,
2748 2019 2978 2076 habens
3017 2019 3297 2092 hydriam
3347 2020 3407 2076 in
3458 2021 3706 2093 scapula
3735 2038 3888 2081 sua:

2237 2107 2435 2178 puella
2464 2107 2683 2164 decora
2724 2107 2920 2174 nimis,
2948 2109 3237 2180 virgoque
3275 2108 3699 2180 pulcherrima,
3733 2116 3786 2167 et
3806 2113 3894 2168 in-

2235 2194 2470 2266 cognita
2492 2195 2653 2250 viro:
2681 2195 3064 2252 descenderat
3092 2199 3294 2251 autem
3321 2197 3399 2252 ad
3425 2197 3735 2268 fontem,et
3773 2201 3887 2258 im-

2232 2283 2491 2353 pleverat
2525 2283 2828 2355 hydriam,
2863 2300 2934 2340 ac
2963 2285 3376 2341 revertebatur.
3430 2287 3812 2361 Occurritque
3838 2293 3891 2348 ei

2231 2385 2459 2442 servus,
2489 2377 2545 2429 et
2587 2374 2666 2429 ait
2699 2393 2710 2428 :
2743 2373 3073 2430 Pauxillum
3122 2387 3295 2446 aquae
3356 2374 3501 2430 mihi
3530 2376 3609 2431 ad
3648 2379 3889 2436 sorben-

2228 2458 2373 2515 dum
2402 2462 2602 2532 praebe
2628 2461 2703 2517 de
2749 2462 2965 2533 hydria
2997 2467 3114 2519 tua.
3163 2464 3304 2528 Quae
3336 2464 3646 2534 respondit
3680 2482 3694 2520 :
3721 2466 3883 2535 Bibe,

2227 2548 2469 2604 domine
2499 2551 2583 2604 mi
2611 2565 2623 2603 :
2684 2550 3064 2623 celeriterque
3093 2550 3370 2623 deposuit
3399 2552 3680 2624 hydriam
3709 2571 3889 2629 super

2226 2636 2431 2693 ulnam
2463 2642 2721 2704 suam,et
2750 2639 2913 2695 dedit
2941 2639 2993 2694 ei
3030 2642 3534 2713 potum.Cumque
3569 2643 3663 2699 ille
3688 2645 3880 2701 bibis-

2225 2731 2331 2797 set,
2364 2727 2579 2798 abjecit
2613 2741 2624 2782 :
2669 2728 2824 2794 Quin
2850 2731 2906 2784 et
2943 2729 3188 2785 camelis
3220 2730 3334 2785 tuis
3361 2731 3654 2799 hauriam,
3685 2734 3884 2792 donec

2224 2816 2416 2870 cuncti
2446 2816 2676 2872 bibant.
2702 2815 3143 2889 Eﬁ‘undensque
3165 2815 3444 2889 hydriam
3464 2818 3526 2875 in
3558 2820 3880 2880 canalibus

2220 2905 2464 2960 recurrit
2488 2905 2564 2961 ad
2586 2913 2834 2977 puteum
2857 2912 2920 2962 ut
2940 2907 3199 2963 hauriret
3231 2923 3452 2980 aquam
3475 2929 3490 2962 :
3515 2915 3570 2965 et
3589 2910 3880 2972 haustam

458 3009 599 3054 nem
624 3011 798 3051 suam
820 2995 1027 3084 reddet
1047 2997 1120 3050 ei.
1141 2995 1319 3084 Erudi
1349 2995 1543 3050 ﬁlium
1577 2999 1764 3067 tuum,
1808 3014 1881 3052 ne
1907 2999 2114 3072 despe-
2142 3022 2182 3084 ο
2220 2994 2502 3048 omnibus
2528 2994 2772 3084 camelis
2795 2995 2975 3084 dedit.
3001 2995 3097 3051 Ille
3132 3001 3333 3052 autem
3352 2999 3881 3070 contemplabatur

457 3099 571 3150 res,
591 3081 669 3138 ad
691 3081 1150 3136 interfectionem
1169 3081 1218 3151 ej
1232 3100 1297 3135 us
1311 3099 1382 3136 ne
1405 3099 1597 3153 ponas
1632 3086 1897 3141 animam
1921 3092 2107 3143 tuam.

453 3167 562 3235 Qui
601 3167 917 3239 impatiens
947 3171 1054 3233 est,
1104 3169 1418 3222 sustinebit
1447 3168 1823 3238 damnum,et
1856 3189 1992 3229 cum
2019 3192 2108 3232 ra-

456 3257 667 3328 puerit,
697 3255 858 3314 aliud
889 3263 1164 3329 apponet.
1207 3255 1359 3310 Audi
1399 3253 1730 3322 consilium,
1766 3265 1820 3314 et
1873 3263 2106 3334 suscipe

454 3345 850 3420 disciplinam,
877 3349 938 3401 ut
958 3346 1035 3400 sis
1061 3345 1376 3414 sapiensin
1403 3343 1743 3401 novissimis
1764 3348 1895 3403 tuis.
1917 3350 2104 3407 Multae

453 3433 840 3505 cogitationes
872 3435 931 3489 in
957 3433 1133 3488 corde
1154 3431 1263 3487 viri
1297 3449 1308 3485 :
1347 3432 1621 3490 voluntas
1649 3443 1850 3492 autem
1866 3437 2102 3496 Domini

451 3523 840 3595 permanebit.
872 3533 933 3592 ιφ.
964 3527 1170 3576 Amen.

748 3612 947 3667 Lectio
979 3609 1113 3666 libri
1134 3611 1368 3668 Genesis
1396 3611 1565 3682 (Cap.
1597 3615 1772 3684 xxxv).

520 3723 585 3786 [tu
619 3715 738 3771 Deo
761 3713 999 3785 gratias.

517 3806 582 3858 In
611 3797 722 3858 illis
752 3799 965 3858 diebus
990 3819 1000 3857 :
1031 3804 1166 3859 Erat
1190 3807 1391 3859 autem
1433 3803 1737 3860 Abraham
1770 3804 2099 3877 senex,die-

443 3906 695 3963 rumque
721 3889 1047 3946 multorum
1087 3908 1104 3943 :
1135 3897 1190 3946 et
1219 3892 1508 3947 Dominus
1549 3894 1609 3948 in
1641 3895 1869 3950 cunctis
1917 3895 2095 3954 bene-

443 3977 673 4036 dixerat
698 3980 767 4035 ei.
797 3977 1066 4053 Dixitque
1119 3979 1198 4036 ad
1255 3995 1493 4035 servum
1543 3983 1838 4038 seniorem
1876 3984 2095 4042 domus

444 4086 588 4136 suae,
605 4069 708 4142 qui
729 4073 983 4142 praeerat
1006 4068 1287 4124 omnibus
1310 4084 1443 4141 quas
1462 4069 1723 4127 habebat
1747 4089 1759 4127 :
1787 4074 1947 4130 Pone
1968 4089 2094 4132 ma-

440 4167 589 4210 num
618 4157 783 4210 tuam
815 4153 1018 4209 subter
1042 4149 1236 4208 femur
1265 4169 1488 4218 meum,
1512 4156 1571 4208 ut
1601 4154 1875 4225 adjurem
1899 4163 1949 4214 te
1988 4175 2093 4231 per

440 4238 765 4300 Dominum
790 4259 994 4298 meum
1037 4241 1168 4298 coeli
1224 4246 1280 4298 et
1337 4248 1521 4307 terras,
1556 4247 1620 4298 ut
1651 4256 1774 4299 non
1827 4243 2090 4319 accipias

438 4349 687 4388 uxorem
717 4332 842 4389 ﬁlio
871 4347 1007 4387 meo
1035 4331 1109 4386 de
1146 4329 1383 4387 ﬁliabus
1414 4331 1912 4401 Chananaeorum,
1937 4335 2090 4393 inter

436 4435 592 4495 quos
619 4420 852 4477 habito:
886 4420 990 4475 sed
1020 4419 1099 4476 ad
1124 4424 1340 4475 terram
1360 4424 1414 4476 et
1435 4421 1856 4490 cognationem
1887 4440 2085 4482 meam

434 4510 851 4584 proficiscaris,
909 4513 965 4565 et
1019 4507 1158 4564 inde
1188 4509 1447 4580 accipias
1499 4525 1741 4566 uxorem
1790 4511 1911 4568 tilio
1948 4530 2084 4572 meo

433 4603 619 4660 Isaac.
655 4598 979 4672 Respondit
1003 4613 1240 4655 servus:
1274 4599 1330 4656 Si
1363 4599 1617 4655 noluerit
1647 4599 1862 4656 mulier
1885 4604 2083 4660 venire

431 4703 671 4748 mecum
693 4688 753 4746 in
775 4692 992 4746 terram
1009 4688 1186 4758 hanc,
1211 4703 1358 4744 num
1386 4689 1667 4745 reducere
1684 4689 1876 4746 debeo
1890 4689 2082 4749 ﬁlium

431 4781 510 4837 ad
538 4781 757 4851 locum,
790 4778 864 4834 de
885 4793 1006 4851 quo
1037 4782 1100 4834 tu
1125 4793 1399 4848 egressus
1422 4780 1526 4834 es?
1563 4779 1708 4834 Dixit
1739 4779 2074 4838 Abraham:

426 4866 582 4926 Cave
611 4883 685 4924 ne
701 4865 946 4939 quando
975 4867 1229 4923 reducas
1255 4867 1443 4924 ﬁlium
1489 4881 1690 4923 meum
1713 4867 1868 4924 illuc.
1886 4870 2081 4927 Domi-

426 4971 543 5014 nus
559 4956 713 5012 Deus
743 4956 890 5023 cceli,
919 4957 1023 5029 qui
1040 4956 1170 5014 tulit
1197 4973 1293 5013 me
1323 4957 1397 5012 de
1427 4956 1610 5012 domo
1640 4955 1828 5028 patris
1862 4955 2000 5028 mei,
2024 4963 2080 5016 et

423 5041 499 5103 de
529 5049 684 5104 terra
711 5041 1037 5102 nativitatis
1089 5061 1260 5110 mete,
1293 5047 1396 5118 qui
1436 5043 1669 5101 locutus
1708 5049 1798 5100 est
1823 5043 1990 5110 mihi,
2021 5051 2077 5104 et

415 5133 866 5209 juravit,dicens
891 5149 904 5190 :
938 5135 1162 5192 Semini
1178 5138 1279 5188 tuo
1301 5133 1461 5189 dabo
1483 5139 1701 5190 terram
1724 5132 1882 5189 hanc
1909 5149 1920 5186 :
1944 5130 2072 5206 ipse

418 5228 610 5284 mittet
632 5225 925 5296 Angelum
955 5239 1131 5277 suum
1175 5237 1378 5276 coram
1422 5226 1496 5286 te,
1553 5228 1608 5279 et
1637 5223 1892 5294 accipies
1932 5223 2070 5281 inde

2221 3097 2354 3136 eam
2382 3083 2730 3147 tacite,scire
2758 3083 2964 3139 volens
2996 3088 3193 3140 utrum
3243 3100 3596 3158 prosperum
3641 3088 3879 3149 fecisset

2216 3170 2325 3226 iter
2355 3187 2533 3226 suum
2573 3173 2828 3236 Deus,an
2847 3187 2987 3228 non.
3015 3174 3256 3230 Protulit
3277 3175 3614 3232 virinaures
3634 3193 3872 3236 aureas.

2217 3259 2626 3331 appendentes
2658 3260 2830 3316 siclos
2848 3262 3086 3332 duos,et
3106 3263 3366 3319 armillas
3387 3265 3633 3321 totidem
3658 3267 3870 3338 pondo

2215 3348 2494 3404 siclorum
2515 3352 2742 3405 decem.
2769 3351 3035 3423 Dixitque
3077 3353 3154 3409 ad
3185 3367 3352 3408 eam:
3377 3354 3554 3424 Cujus
3580 3370 3642 3410 es
3691 3356 3817 3414 ﬁlia
3847 3355 3878 3412 ?

2211 3437 2411 3493 indica
2437 3439 2618 3493 mihi:
2652 3445 2739 3494 est
2767 3435 2826 3494 in
2866 3442 3049 3496 domo
3076 3442 3260 3512 patris
3287 3443 3368 3498 tui
3417 3443 3585 3499 locus
3627 3445 3707 3500 ad
3749 3461 3877 3502 ma-

2210 3526 2516 3582 nendum?
2538 3530 2677 3593 Quae
2697 3529 3001 3598 respondit
3034 3545 3047 3582 :
3070 3529 3210 3585 Filia
3231 3530 3524 3586 Bathuelis
3541 3547 3742 3596 suum,
3768 3532 3875 3591 ﬁlii

2210 3615 2460 3681 Nachor,
2491 3631 2673 3688 quem
2693 3616 3245 3688 peperiteiMelcha.
3266 3619 3588 3685 Etaddidit,
3621 3621 3828 3678 dicens
3856 3641 3871 3681 :

2207 3703 2514 3761 Palearum
2531 3719 2774 3777 quoque
2791 3710 2846 3760 et
2863 3706 3005 3760 fceni
3025 3707 3354 3777 plurimum
3372 3710 3635 3781 estapud
3656 3727 3788 3784 nos,
3815 3717 3875 3770 et

2204 3791 2370 3848 locus
2401 3794 2697 3866 spatiosus
2722 3795 2799 3851 ad
2830 3795 3218 3852 manendum.
3237 3797 3543 3855 Inclinavit
3564 3813 3624 3854 se
3651 3801 3862 3868 homo,

2205 3885 2260 3937 et
2285 3882 2554 3940 adoravit
2572 3883 3157 3951 Dominum,dicens:
3193 3886 3540 3943 Benedictus
3573 3890 3871 3948 Dominus

2202 3972 2596 4030 Deusdomini
2619 3974 2736 4029 mei
2769 3974 3088 4043 Abraham,
3122 3976 3225 4047 qui
3248 3987 3369 4032 non
3407 3977 3656 4034 abstulit
3683 3981 3871 4037 mise-

2202 4061 2524 4120 ricordiam
2556 4067 2610 4119 et
2657 4064 2963 4119 veritatem
3018 4077 3193 4120 suam
3235 4081 3270 4120 a
3321 4065 3570 4122 domino
3618 4082 3783 4135 meo,
3812 4076 3868 4127 et

2199 4158 2359 4208 recto
2387 4152 2702 4209 meitinere
2723 4151 2999 4224 perduxit
3029 4149 3091 4208 in
3118 4153 3369 4210 domum
3401 4154 3598 4211 fratris
3628 4158 3866 4215 domini

2199 4242 2335 4297 mei.
2356 4242 2620 4299 Cucurrit
2642 4242 2841 4313 itaque
2867 4239 3084 4312 puella,
3106 4249 3162 4299 et
3183 4245 3485 4300 nunciavit
3510 4243 3572 4301 in
3605 4247 3864 4306 domum

2201 4330 2402 4387 matris
2428 4347 2550 4385 suae
2572 4333 2777 4386 omnia
2792 4346 2928 4402 quas
2945 4331 3502 4389 audierat.Habebat
3523 4338 3730 4392 autem
3757 4338 3861 4393 Re-

2191 4419 2376 4476 becca
2404 4420 2646 4475 fratrem
2663 4419 2906 4475 nomine
2929 4420 3152 4489 Laban,
3173 4423 3277 4493 qui
3295 4421 3549 4478 festinus
3569 4439 3860 4494 egressus

2193 4514 2282 4564 est
2311 4509 2388 4565 ad
2416 4509 2742 4577 hominem,
2777 4508 2880 4564 ubi
2905 4511 3030 4565 erat
3096 4509 3248 4566 fons.
3311 4510 3580 4584 Cumque
3607 4513 3867 4572 vidisset

2191 4598 2429 4654 inaures
2457 4599 2511 4654 et
2550 4597 2813 4654 armillas
2844 4598 2903 4653 in
2928 4599 3214 4655 manibus
3245 4601 3465 4658 sororis
3506 4609 3726 4668 suas,et
3758 4621 3865 4662 διιε-

2190 4686 2375 4744 disset
2413 4691 2628 4744 cuncta
2673 4687 2855 4743 verba
2883 4687 3226 4745 referentis:
3285 4689 3421 4745 Haec
3486 4689 3730 4749 locutus
3765 4698 3863 4752 est

2188 4776 2336 4832 mihi
2365 4777 2549 4833 homo
2573 4795 2585 4832 :
2604 4776 2763 4832 venit
2787 4776 2866 4833 ad
2887 4775 3219 4851 virum,qui
3245 4777 3443 4835 stabat
3455 4779 3636 4850 juxta
3655 4795 3866 4839 came-

2185 4865 2294 4936 los,
2324 4870 2379 4922 et
2396 4882 2572 4938 prope
2603 4867 2828 4923 fontem
2848 4882 3020 4939 aquas
3050 4885 3062 4922 :
3110 4867 3374 4941 dixitque
3404 4868 3486 4926 ad
3527 4884 3671 4928 eum
3710 4888 3726 4926 :
3764 4875 3863 4930 ln-

2185 4953 2764 5026 gredere,benedicte
2791 4955 3026 5013 Domini
3061 4970 3072 5012 :
3114 4971 3222 5014 cur
3249 4957 3392 5014 foris
3421 4962 3547 5015 stas
3564 4959 3593 5015 ?
3611 4973 3864 5035 praepa-

2183 5045 2309 5102 ravi
2333 5045 2604 5112 domum,
2625 5049 2680 5102 et
2714 5045 2914 5101 locum
2940 5046 3186 5103 camelis
3238 5047 3369 5103 tuis.
3405 5049 3471 5103 Et
3510 5048 3862 5109 introduxit

2181 5149 2321 5190 eum
2346 5136 2406 5191 in
2435 5135 2762 5207 hospitium
2787 5151 2798 5188 :
2830 5148 2899 5190 ac
2925 5135 3206 5192 destravit
3236 5135 3525 5207 camelos,
3555 5137 3862 5212 deditque

2181 5224 2379 5294 paleas
2401 5231 2456 5281 et
2475 5225 2786 5294 fmnum,et
2816 5238 3038 5297 aquam
3067 5224 3143 5282 ad
3172 5225 3501 5282 lavandum
3524 5227 3716 5298 pedes
3747 5245 3860 5286 ca-

2178 5312 2491 5377 melorum,
2530 5319 2584 5369 et
2607 5315 2868 5370 virorum
2903 5316 3005 5388 qui
3029 5321 3310 5372 venerant
3341 5331 3478 5370 cum
3502 5331 3594 5371 eo.
3632 5318 3702 5374 Et
3735 5336 3854 5391 ap-

2175 5399 2408 5473 positus
2461 5407 2548 5458 est
2570 5402 2630 5459 in
2657 5409 2980 5476 conspectu
3032 5405 3161 5476 ejus
3190 5405 3381 5478 panis.
3413 5404 3523 5471 Qui
3549 5405 3635 5462 ait
3674 5411 3851 5466 :Non

2176 5488 2710 5558 comedam,donec
2728 5491 2943 5567 loquar
2964 5507 3271 5555 sermones
3293 5508 3478 5556 meos.
3497 5496 3853 5572 Respondit

420 5331 657 5373 uxorem
679 5313 804 5371 ﬁlio
832 5327 965 5368 meo
999 5326 1011 5363 :
1046 5310 1138 5364 sin
1169 5314 1368 5364 autem
1391 5311 1644 5368 noluerit
1671 5312 1882 5368 mulier
1900 5313 2069 5388 sequi

415 5409 618 5472 te,non
633 5400 1270 5472 teneberisjuramento
1290 5415 1302 5453 :
1317 5395 1507 5454 ﬁlium
1521 5403 1754 5458 tantum
1772 5418 1976 5459 meum
1992 5418 2068 5459 ne

415 5491 670 5552 reducas
694 5487 1062 5554 illuc.Posuit
1081 5501 1220 5560 ergo
1239 5502 1440 5546 servus
1451 5503 1704 5548 manum
1717 5487 1829 5550 sub
1841 5489 2066 5550 femore
