4102 6176
180 254 286 321 301

1386 254 1737 327 DOMINIGA
1774 258 1797 322 Ῑ
1834 256 2443 337 QUADRAGESIME.

3490 294 3602 351 302

174 392 229 447 ei
276 400 289 445 ξ
356 382 647 462 Loquere.
687 392 760 443 At
810 384 903 445 ille
943 406 954 442 :
1018 391 1253 460 Servus,
1290 392 1498 465 inquit,
1539 394 1840 451 Abraham
1869 388 1917 447 Δ
1957 410 2094 452 cum
2125 397 2366 458 homine
2416 403 2579 461 isto?
2615 405 2753 471 Quae
2786 405 2866 462 ait
2907 423 2919 461 :
2970 409 3212 467 Vadam.
3243 412 3603 475 Dimiserunt

180 497 322 535 sum
346 497 355 531 :
383 482 437 535 et
459 478 749 534 Dominus
770 477 1078 533 benedixit
1097 479 1339 537 domino
1362 498 1495 538 meo
1516 484 1842 553 valde,ma~

182 570 504 638 gniﬁcatus
538 573 627 622 est
663 567 860 622 :dedit
887 567 935 623 ei
986 583 1127 623 oves
1154 575 1212 625 et
1238 566 1842 641 boves,argentumet

183 674 424 720 aurum,
457 670 656 711 servos
688 659 747 711 et
769 655 1034 719 ancillas,
1070 658 1331 713 camelos
1346 662 1639 718 etasinos.
1672 663 1843 733 Etpe-

181 747 497 818 peritSara
515 760 668 800 uxor
690 744 922 800 domini
961 745 1079 800 mei
1102 746 1291 803 ﬁlium
1349 749 1595 805 domino
1622 766 1757 806 meo
1780 750 1840 805 in

188 832 936 905 senectutesua,deditque
978 833 1419 908 illiomniaquae
1436 839 1747 895 habuerat.
1776 841 1842 894 Et

190 924 596 994 adjuravitme
628 922 919 978 dominus
951 926 1364 987 meus,dicens
1392 948 1407 982 :
1446 928 1838 999 Nonaccipies

188 1012 316 1068 ﬁlio
339 1027 473 1068 meo
492 1018 744 1069 uxorem
773 1011 848 1067 de
860 1011 1098 1069 ﬁliabus
1123 1014 1683 1087 Cbananaeorum,in
1695 1033 1838 1089 quo—

188 1117 325 1157 rum
350 1100 746 1157 terrahabito:
769 1100 878 1156 sed
906 1100 984 1156 ad
1014 1102 1266 1159 domum
1282 1106 1837 1177 patrismeiperges,

184 1193 238 1247 et
275 1189 351 1247 de
379 1190 739 1261 cognatione
765 1205 904 1246 mea
928 1191 1185 1263 accipies
1232 1210 1479 1249 uxorem
1509 1194 1630 1251 ﬁlio
1664 1211 1799 1251 meo
1824 1212 1836 1249 :

184 1294 301 1351 ego
328 1295 477 1335 vero
502 1278 783 1350 respondi
823 1279 1071 1336 domino
1100 1297 1237 1338 meo
1264 1299 1274 1337 :
1318 1283 1471 1348 Quid
1500 1285 1547 1339 si
1590 1284 1843 1341 noluerit

183 1367 395 1424 venire
423 1382 656 1423 mecum
676 1366 894 1423 mulier
908 1368 936 1421 ἶ)
964 1369 1074 1435 Ait,
1102 1370 1409 1437 Dominus,
1436 1372 1497 1427 in
1512 1373 1682 1443 cujus
1698 1388 1842 1429 con-

183 1462 397 1529 spectu
428 1456 693 1522 ambulo,
728 1457 917 1513 mittet
941 1458 1221 1527 Angelum
1254 1476 1429 1514 suum
1462 1462 1842 1529 tecum,etdi—

177 1546 328 1615 riget
354 1545 520 1600 viam
553 1550 757 1601 tuam:
785 1547 1155 1618 accipiesque
1181 1564 1429 1604 uxorem
1451 1549 1571 1605 tilio
1601 1558 1738 1607 meo
1769 1550 1843 1606 de

180 1635 543 1704 cognatione
567 1650 704 1691 mea
718 1634 791 1691 de
806 1636 989 1691 domo
1008 1636 1190 1708 patris
1206 1638 1341 1693 mei.
1366 1637 1655 1695 Innocens
1675 1640 1789 1695 eris
1809 1655 1844 1695 a

1956 499 2097 555 ergo
2138 503 2291 555 eam,
2328 495 2383 547 et
2413 493 2705 551 nutricem
2730 493 2907 562 illius,
2935 510 3293 571 servumque
3322 504 3597 574 Abrahae,

1954 578 2009 629 et
2033 577 2277 633 comites
2308 581 2458 652 ejus,
2491 582 2888 655 imprecantes
2920 600 3207 656 prospera
3236 592 3422 648 sorori
3453 602 3596 660 sine,

1955 667 2133 735 atque
2154 664 2416 726 dicentes
2450 688 2463 725 :
2497 672 2673 728 Soror
2703 676 2913 729 nostra
2956 689 3044 740 es,
3076 688 3307 733 crescas
3348 680 3410 735 in
3438 683 3599 740 mille

1950 752 2157 824 millia,
2186 758 2564 827 etpossideat
2578 776 2780 817 semen
2795 765 2964 818 tuum
2982 770 3188 834 portas
3221 766 3599 826 inimicorum

1955 856 2219 901 suorum.
2258 848 2437 916 Igitur
2485 849 2751 908 Rebecca
2784 854 2839 907 et
2868 851 3080 923 puellae
3119 853 3292 925 illius,
3341 859 3600 914 ascensis

1951 931 2212 1003 camelis,
2246 941 2461 993 secutae
2492 940 2628 995 sunt
2653 940 2850 996 virum
2876 956 2888 995 ε
2912 941 3012 1011 qui
3060 941 3308 999 festinus
3350 950 3600 1003 reverte-

1949 1018 2125 1075 batur
2140 1022 2218 1077 ad
2247 1026 2561 1081 dominum
2590 1032 2874 1084 suum.Eo
2896 1034 3097 1085 autem
3118 1030 3381 1103 tempore
3397 1034 3598 1092 deam-

1948 1106 2197 1166 bulabat
2226 1114 2389 1168 Isaac
2409 1128 2513 1184 per
2537 1116 2699 1172 viam
2712 1126 2847 1187 quas
2868 1116 3029 1173 ducit
3052 1118 3129 1174 ad
3150 1120 3599 1192 Putatim,cujus

1950 1210 2173 1253 nomen
2195 1203 2281 1255 est
2306 1202 2564 1258 Viventis
2590 1207 2647 1259 et
2676 1203 2972 1263 Videntis:
3005 1204 3318 1263 habitabat
3336 1208 3500 1265 enim
3536 1210 3600 1266 in

1950 1288 2105 1342 terra
2134 1288 2381 1345 australi
2409 1308 2421 1345 :
2456 1294 2511 1349 et
2540 1306 2816 1361 egressus
2846 1292 3040 1349 fuerat
3076 1293 3155 1351 ad
3180 1296 3598 1354 meditandum

1950 1373 2013 1428 in
2043 1388 2209 1444 agro,
2237 1376 2521 1433 inclinata
2543 1380 2671 1449 jam
2693 1380 2790 1435 die
2820 1396 2833 1435 :
2867 1395 3127 1452 cumque
3147 1383 3435 1442 elevasset
3461 1401 3599 1443 ocu—

1951 1460 2061 1525 los,
2086 1462 2233 1518 vidit
2283 1466 2545 1521 camelos
2565 1467 2869 1523 venientes
2892 1469 3123 1539 procul.
3158 1468 3423 1529 Rebecca
3450 1487 3599 1545 quo-

1952 1552 2087 1620 que,
2124 1557 2441 1623 conspecto
2462 1558 2644 1623 Isaac,
2674 1555 2979 1613 descendit
3000 1557 3075 1614 de
3096 1559 3410 1627 camelo,et
3424 1560 3508 1618 ait
3522 1560 3602 1618 ad

1954 1652 2207 1707 puerum
2242 1642 2411 1705 :Quis
2441 1646 2529 1698 est
2553 1640 2735 1698 homo
2758 1643 2851 1698 ille
2868 1644 2971 1716 qui
2990 1644 3151 1701 venit
3180 1662 3286 1718 per
3310 1651 3599 1718 agrumin

179 1724 601 1780 maledictione
615 1726 1163 1787 mea,cumvencris
1177 1726 1253 1781 ad
1267 1725 1632 1799 propinquos
1648 1741 1842 1798 meos,
1871 1732 1922 1806 Β
1954 1738 2271 1783 occursum
2302 1730 2474 1786 nobis
2496 1732 2523 1783 ‘?
2576 1731 2844 1803 Dixitque
2892 1732 2944 1787 ei
2978 1751 2989 1787 :
3035 1736 3165 1803 Ipse
3209 1738 3295 1791 est
3318 1735 3601 1794 dominus

184 1817 237 1868 et
281 1828 404 1868 non
445 1811 724 1868 dederint
770 1812 895 1868 tibi.
942 1813 1082 1869 Veni
1115 1829 1255 1884 ergo
1295 1815 1474 1872 hodie
1502 1818 1579 1872 ad
1617 1817 1841 1873 fontem

188 1916 385 1973 aquae,
440 1902 496 1956 et
541 1900 662 1955 dixi
702 1921 713 1958 :
754 1901 1001 1957 Domine
1048 1901 1201 1957 Deus
1240 1902 1469 1959 domini
1506 1905 1625 1960 mei
1661 1905 1841 1962 Abra-

180 1990 348 2053 ham,
399 1991 444 2044 si
489 1989 765 2045 direxisti
807 1990 969 2046 viam
1015 2007 1233 2057 meam,
1278 1992 1339 2047 in
1368 2008 1490 2064 qua.
1535 2010 1694 2051 nunc
1721 2011 1843 2051 am-

177 2078 344 2141 bulo,
377 2094 516 2134 ecce
549 2082 640 2134 sto
662 2079 836 2149 juxta
885 2078 1109 2135 fontem
1140 2088 1313 2153 aquas
1342 2098 1354 2146 ;
1387 2087 1443 2138 et
1494 2083 1673 2151 virgo,
1709 2094 1839 2155 quae

178 2166 485 2239 egreditur
506 2167 586 2223 ad
608 2166 1009 2223 hauriendam
1023 2168 1529 2239 aquam,audierit
1546 2187 1581 2227 a
1596 2188 1691 2227 me
1724 2189 1733 2226 :
1762 2173 1845 2229 Da

177 2255 324 2311 mihi
356 2254 701 2327 pauxillum
725 2268 897 2327 aquae
922 2256 998 2311 ad
1025 2255 1360 2313 bibendum
1382 2257 1455 2313 de
1474 2258 1690 2331 hydria
1707 2264 1807 2317 tua
1824 2280 1840 2313 :

175 2350 233 2401 et
258 2344 479 2400 dixerit
501 2344 649 2400 mihi
679 2354 691 2399 :‘
718 2347 785 2399 Et
808 2340 1104 2414 tubibe,et
1122 2347 1364 2402 camelis
1382 2348 1500 2403 tuis
1530 2349 1838 2409 hauriam:

172 2434 309 2505 ipsa
335 2438 426 2489 est
460 2432 676 2489 mulier
705 2444 891 2504 quam
908 2435 1259 2505 praeparavit
1284 2437 1566 2491 Dominus
1589 2436 1711 2494 ﬁlio
1741 2439 1844 2495 do-

175 2522 321 2578 mini
355 2521 498 2577 mei.
536 2520 811 2593 Dumque
842 2523 970 2577 haec
1002 2523 1215 2579 tacitus
1246 2532 1484 2580 mecum
1515 2526 1838 2594 volverem,

174 2610 462 2682 apparuit
498 2610 763 2667 Rebecca
780 2611 1023 2667 veniens
1046 2626 1183 2666 cum
1204 2611 1628 2685 bydria,quam
1648 2620 1844 2686 porta-

178 2700 275 2755 bat
304 2700 364 2755 in
397 2699 652 2770 scapula
687 2716 697 2753 :
732 2698 1164 2771 descenditque
1187 2701 1265 2757 ad
1290 2701 1537 2768 fontem,
1558 2707 1612 2759 et
1642 2704 1846 2760 hausit

175 2804 431 2861 aquam.
474 2789 544 2843 Et
577 2788 678 2856 ajo
709 2785 787 2843 ad
823 2804 956 2843 eam
987 2806 999 2843 :
1026 2788 1110 2844 Da
1141 2789 1286 2844 mihi
1332 2790 1579 2861 paulum
1604 2791 1834 2846 bibere.

175 2880 320 2939 Quae
350 2876 645 2932 festinans
674 2876 1237 2949 deposuithydriam
1270 2878 1343 2935 de
1356 2878 1690 2948 bumero,et
1706 2878 1848 2937 dixit

183 2966 335 3021 mihi
371 2983 383 3019 :
416 2965 487 3021 Et
517 2971 583 3020 tu
612 2964 771 3031 bibe,
816 2971 871 3021 et
899 2966 1143 3022 camelis
1175 2968 1287 3023 tuis
1314 2966 1570 3024 tribuam
1601 2972 1835 3041 potum.

186 3054 340 3121 Bibi,
362 3058 419 3109 et
446 3054 780 3125 adaquabit
800 3058 1080 3111 camelos.
1111 3054 1592 3129 lnterrogavique
1619 3074 1772 3123 eam,
1793 3061 1849 3115 et

181 3142 305 3197 dixi
336 3161 349 3197 :
386 3143 565 3213 Cujus
594 3158 659 3198 es
690 3142 861 3198 ﬁlia?
891 3145 1031 3208 Quae
1060 3145 1371 3217 respondit
1400 3163 1412 3201 :
1440 3146 1580 3204 Filia
1602 3148 1847 3204 Bathue-

176 3231 253 3288 lis
288 3246 447 3297 sum,
481 3231 589 3287 ﬁlii
628 3231 878 3297 Nachor,
912 3246 1090 3303 quem
1122 3235 1350 3306 peperit
1382 3234 1432 3290 ei
1475 3232 1713 3293 Melcha.
1746 3238 1847 3293 su-

178 3321 390 3392 spendi
421 3321 631 3392 itaque
651 3320 891 3376 inaures
927 3322 1006 3377 ad
1032 3323 1371 3379 Ornandam
1394 3322 1606 3380 faciem
1636 3325 1849 3395 ejus,et

177 3410 447 3467 armillas
472 3409 656 3481 posui
686 3410 746 3464 in
779 3410 1062 3465 manibus
1082 3410 1583 3484 ejus.Pronusque
1601 3412 1846 3470 adoraVi

180 3499 531 3568 Dominum,
575 3497 939 3554 benedicens
978 3501 1234 3557 Domino
1276 3517 1415 3559 meo
1449 3501 1678 3559 domini
1731 3503 1848 3559 mei

176 3590 511 3651 Abraham,
542 3588 649 3659 qui
676 3587 953 3659 perduxit
982 3598 1079 3644 me
1114 3594 1272 3646 recto
1303 3591 1528 3656 itinere,
1560 3596 1624 3647 ut
1654 3597 1847 3649 sume-

180 3678 511 3747 remﬁﬁliam
534 3674 734 3731 fratris
752 3675 983 3732 domini
1010 3678 1129 3733 mei
1146 3670 1268 3733 ﬁlio
1285 3680 1847 3749 ejus.Quamobrem

189 3767 241 3821 si
265 3766 453 3822 facitis
486 3763 967 3822 misericordiam
988 3770 1044 3822 et
1082 3768 1391 3824 veritatem
1430 3784 1567 3824 cum
1600 3768 1847 3826 domino

187 3870 340 3919 meo,
368 3855 633 3911 indicate
666 3854 814 3909 mihi
843 3871 855 3908 :
884 3856 975 3910 sin
1003 3859 1201 3912 autem
1229 3854 1391 3913 aliud
1421 3854 1634 3929 placet,
1659 3854 1714 3913 et
1734 3858 1847 3914 hoc

184 3945 357 4001 dicite
376 3944 550 4007 mihi,
580 3948 647 3999 ut
675 3942 895 4001 vadam
924 3944 996 4001 ad
1028 3946 1353 4013 dexteram,
1380 3947 1500 4003 sive
1522 3947 1843 4005 sinistram.

183 4033 649 4105 Responderunt
680 4024 885 4090 Laban
909 4036 963 4091 et
994 4035 1234 4090 Bathuel
1266 4052 1275 4088 :
1302 4032 1345 4089 A
1376 4036 1628 4092 Domino
1650 4051 1846 4107 egres-

184 4134 295 4178 sus
320 4127 413 4177 est
438 4130 636 4179 sermo
668 4138 679 4178 :
712 4130 836 4179 non
865 4132 1190 4195 possumus
1219 4130 1381 4179 extra
1404 4125 1687 4196 placitum
1719 4125 1846 4195 ejus

188 4211 535 4281 quicquam
560 4210 712 4266 aliud
739 4212 904 4285 loqui
930 4218 1146 4268 tecum.
1178 4214 1259 4267 En
1284 4214 1543 4269 Rebecca
1565 4229 1767 4269 coram
1791 4216 1847 4270 te

197 4290 379 4372 165
405 4302 513 4363 est,
558 4300 682 4356 tolle
702 4316 857 4368 eam,
890 4304 947 4357 et
980 4302 1374 4374 proﬁciscere,
1401 4308 1457 4360 et
1486 4304 1557 4359 sit
1576 4318 1723 4359 uxor
1742 4302 1843 4358 ﬁlii

180 4387 425 4445 domini
447 4388 704 4455 tui,sicut
720 4388 957 4447 locutus
979 4395 1067 4446 est
1082 4392 1391 4448 Dominus.
1409 4393 1575 4458 Quod
1590 4409 1727 4448 cum
1745 4407 1845 4449 au-

182 4477 379 4534 disset
408 4491 561 4549 puer
592 4478 920 4549 Abraham,
951 4480 1274 4552 procidens
1305 4481 1575 4538 adoravit
1602 4482 1661 4536 in
1691 4486 1848 4539 terra

184 4566 535 4622 Dominum.
556 4568 927 4640 Prolatisque
949 4570 1107 4625 vasis
1125 4572 1440 4640 argenteis,
1462 4575 1515 4626 et
1536 4571 1753 4639 aureis,
1778 4584 1848 4627 ac

180 4654 481 4723 vestibus,
504 4656 668 4713 dedit
696 4673 767 4713 ea
802 4657 1080 4713 Rebeccae
1104 4666 1213 4730 pro
1251 4673 1531 4727 munere;
1565 4659 1847 4715 fratribus

182 4754 431 4818 (pioque
460 4746 593 4817 ejus
636 4751 691 4802 et
714 4747 887 4803 matri
915 4747 1079 4803 dona
1104 4747 1332 4804 obtulit.
1374 4749 1520 4804 inito
1552 4748 1843 4813 convivio,

182 4838 493 4890 vescentes
515 4836 737 4906 pariter
760 4839 817 4891 et
860 4835 1133 4892 bibentes
1177 4841 1525 4893 manserunt
1564 4836 1665 4892 ibi.
1704 4838 1845 4893 Sura

185 4932 335 4994 gens
352 4928 558 4979 autem
581 4934 781 4991 mane,
814 4925 1045 4980 locutus
1072 4930 1160 4981 est
1184 4934 1331 4998 paler
1358 4940 1369 4981 ε
1404 4926 1633 4981 Dimitte
1660 4928 1848 4991 me,ut

184 5011 409 5068 vadum
422 5012 501 5069 ad
513 5012 835 5069 dominum
854 5022 1055 5069 meum
1067 5014 1655 5087 .Responderuntque
1670 5013 1846 5070 frater

185 5100 318 5168 ejus
348 5108 403 5157 et
434 5105 633 5157 mater
664 5119 677 5156 :
722 5102 952 5159 Maneat
987 5103 1184 5174 puella
1234 5103 1445 5160 saltem
1482 5103 1687 5158 decem
1720 5094 1844 5158 dies

182 5190 346 5260 apud
372 5200 509 5258 nos,
560 5195 621 5246 et
657 5195 867 5261 postea
897 5192 1323 5262 proﬁciscetur.
1360 5191 1563 5257 Nolite,
1619 5192 1712 5259 ait,
1748 5198 1843 5247 me

177 5279 599 5351 retinere,quia
622 5279 912 5334 Dominus
928 5272 1137 5337 direxit
1154 5281 1318 5337 viam
1336 5292 1553 5336 meam:
1579 5279 1843 5336 dimittite

177 5380 275 5421 me
298 5372 357 5422 at
379 5380 637 5439 pergam
668 5367 747 5422 ad
786 5368 1099 5424 dominum
1141 5378 1363 5425 meum.
1408 5371 1473 5423 Et
1524 5368 1839 5427 dixerunt:

176 5456 469 5511 Vocemns
500 5456 793 5529 puellam,
814 5461 871 5512 et
889 5473 1237 5529 quaeramus
1252 5460 1437 5531 ipsius
1456 5459 1841 5515 voluntatem.

178 5544 459 5620 Cumque
494 5549 715 5609 vocata
754 5546 1035 5617 venisset,
1091 5548 1367 5607 sciscitati
1396 5552 1536 5605 sunt
1568 5567 1582 5610 :
1626 5548 1727 5605 Vis
1761 5547 1845 5606 ire

1952 1818 2146 1871 meus.
2180 1819 2249 1873 At
2277 1816 2376 1873 illa
2397 1814 2606 1874 tollens
2636 1819 2749 1876 cito
2771 1819 3021 1891 pallium
3043 1834 3239 1887 suum,
3260 1823 3496 1894 operuit
3516 1840 3597 1883 se.

1952 1903 2164 1981 Servus
2188 1910 2391 1962 autem
2434 1910 2668 1974 cuncta,
2700 1922 2836 1979 quae
2893 1913 3174 1981 gesserat,
3205 1912 3468 1969 narravit
3495 1915 3599 1971 do-

1952 1992 2117 2048 mino
2131 2009 2239 2049 suo
2252 1996 2556 2061 lsaac.Qui
2571 1996 3040 2054 introduxiteam
3062 1998 3122 2054 in
3143 1998 3601 2060 tabernaculum

1954 2083 2113 2139 Sarm
2133 2084 2358 2151 matris,
2393 2087 2449 2141 et
2480 2086 2707 2157 accepit
2728 2100 2974 2143 uxorem
3005 2104 3017 2142 :
3060 2090 3116 2143 et
3153 2087 3217 2143 in
3244 2092 3480 2146 tantum
3504 2092 3589 2147 di-

1951 2170 2091 2227 lexit
2116 2175 2270 2240 eam,
2301 2176 2364 2229 ut
2391 2173 2682 2239 dolerem,
2709 2175 2808 2247 qui
2836 2188 2905 2232 ex
2927 2181 3117 2233 morte
3137 2178 3345 2235 matris
3373 2179 3603 2240 accide-

1951 2262 2062 2326 rat,
2095 2263 2471 2334 temperaret.
2506 2266 2569 2333 ἢ.
2604 2265 2803 2320 Amen.-

2022 2349 2375 2420 Antiphona
2404 2352 2459 2407 1.
2502 2353 2784 2411 Inclinate
2824 2362 3032 2411 aurem
3056 2358 3319 2413 vestram
3336 2358 3397 2415 in
3422 2358 3605 2417 verba

1954 2439 2071 2493 oris
2093 2440 2234 2502 mei,
2248 2439 2469 2511 popule
2482 2457 2651 2498 meus
2687 2457 2699 2497 :
2725 2444 2957 2499 attende
2982 2443 3178 2515 legem
3190 2454 3413 2503 meam.
3440 2448 3605 2507 Psal-

1952 2534 2081 2580 m‘us
2109 2532 2317 2582 Lxxvn.

2028 2613 2947 2687 0ratz‘o.0mnipotensimmense
2972 2616 3028 2674 et
3039 2620 3385 2677 miSeric‘ors
3411 2624 3607 2683 Domi~

1953 2710 2027 2755 ne
2056 2708 2069 2759 ξ
2098 2700 2203 2773 qui
2226 2716 2347 2757 non
2366 2702 2575 2759 totiens
2590 2708 2906 2775 peccantes
2928 2705 3528 2779 disperdis,quotiens
3550 2717 3606 2768 te

1954 2790 2355 2863 delinquendo
2370 2798 2723 2864 exasperant
2746 2798 3081 2863 peccatores
3090 2814 3107 2865 ;
3124 2810 3354 2866 oppone
3365 2799 3466 2854 irae
3487 2803 3603 2857 tua:

1953 2879 2425 2936 misericordiam
2442 2898 2454 2936 :
2471 2883 2525 2937 et
2537 2881 2810 2953 quotiens
2822 2884 3291 2954 teprovocamus
3311 2890 3371 2941 ut
3392 2883 3601 2956 ferias;

1953 2968 2163 3024 totiens
2190 2967 2294 3023 tibi
2314 2971 2413 3024 tua
2438 2968 2625 3040 pietas
2644 2970 2994 3027 interveniat
3019 2974 3084 3028 ut
3107 2971 3403 3042 ignoscas.
3437 2974 3607 3033 Saeia

1955 3072 2065 3113 nos
2097 3058 2297 3129 itaque
2322 3072 2481 3128 pane
2496 3057 2853 3129 Angelorum
2880 3078 2892 3128 ;
2916 3061 3139 3131 ut,ejus
3154 3066 3431 3135 percepta
3450 3062 3608 3121 forti-

1957 3146 2180 3213 tudine,
2201 3146 2808 3217 etmalignicallidam
2834 3149 3153 3207 versutiam
3175 3150 3602 3223 devincamus;

1960 3239 2033 3301 et,
2056 3235 2367 3307 patefactis
2406 3236 2539 3291 eoeli
2564 3236 2789 3306 ianuis,
2814 3238 2892 3293 ad
2938 3246 3260 3296 numerum
3284 3240 3525 3307 civium,
3551 3246 3606 3297 te

1959 3324 2305 3396 adjuvante,
2342 3325 2724 3382 intrbeamus.
2762 3337 2821 3394 ﬁ.
2852 3329 3057 3383 Amen.

2029 3413 2156 3469 Per.

2029 3503 2382 3572 Antiphona
2404 3506 2456 3556 2.
2484 3503 2700 3557 Panem
2733 3500 2864 3557 eceli
2903 3500 3064 3559 dona
3100 3501 3296 3568 nobis,
3336 3502 3601 3561 Domine.

1958 3592 2222 3648 Psalmus
2250 3607 2463 3647 Lxxvu.

2032 3681 2248 3735 Oratio.
2282 3678 2579 3749 Deus,qui
2608 3692 2826 3749 panem
2856 3678 2988 3733 coeli
3009 3678 3146 3734 ﬁliis
3166 3678 3483 3736 hominum
3511 3680 3608 3738 tri-

1956 3767 2111 3832 buis,
2146 3770 2569 3838 terrenumque
2608 3766 2831 3823 animal
2855 3766 3221 3837 Angelorum
3248 3766 3433 3840 adipe
3469 3772 3607 3840 pas-

1958 3856 2041 3912 cis
2076 3876 2087 3916 :
2113 3855 2390 3912 frumenti
2408 3854 2573 3910 verbi
2593 3854 2677 3910 tui
2695 3853 3130 3913 abundantiam
3156 3856 3345 3913 tribue
3375 3872 3387 3914 :
3418 3858 3608 3931 eoque

1957 3961 2068 4002 nos
2097 3943 2572 4015 spiritualiretice
2603 3943 2752 4010 cibo,
2788 3956 2906 4014 quo
2923 3950 3125 4016 patres
3148 3946 3385 4004 nostros
3407 3946 3608 4004 antisti

1958 4034 2019 4089 in
2048 4047 2269 4087 eremo.
2292 4040 2350 4099 ἢ.
2387 4035 2595 4087 Amen.

2029 4121 2137 4177 Per
2158 4119 2654 4176 misericordiam.

2028 4209 2361 4281 Antiphona
2391 4213 2439 4264 3.
2477 4209 2762 4265 nominas
2812 4210 3048 4281 adjutor
3084 4215 3305 4283 noster,
3332 4212 3409 4283 tet
3454 4213 3608 4269 Deus

1958 4300 2225 4355 excelsus
2256 4298 2538 4355 liberator
2566 4302 2786 4357 noster.
2815 4300 3088 4357 Psalmus
3118 4314 3341 4359 LXXVII.-

2030 4401 2092 4459 B1.
2126 4390 2407 4444 Converte
2447 4402 2576 4454 nos,
2609 4390 2779 4458 Deus,
2816 4392 2873 4444 et
2909 4389 2989 4445 ad
3013 4393 3067 4445 te
3095 4392 3605 4448 convertamini).

1956 4481 2197 4534 Renova
2234 4476 2361 4532 dies
2402 4482 2657 4542 nostros,
2703 4477 2853 4533 sicut
2900 4482 3099 4534 antea.
3136 4479 3199 4540 ν.
3237 4482 3305 4536 Ut
3354 4480 3502 4551 quid
3545 4480 3608 4534 in

1956 4566 2330 4622 contentione
2361 4565 2732 4621 obliviscaris
2779 4567 2984 4633 nostri,
3012 4566 3383 4639 derelinquis’
3408 4580 3520 4623 nos
3545 4566 3607 4621 in

1955 4654 2325 4725 longitudine
2356 4653 2589 4709 dierum
2619 4653 2645 4707 Ῡ
2670 4650 2733 4708 Ρ.
2767 4654 3031 4719 Βθηονα,
3074 4655 3139 4715 1.
3171 4655 3385 4726 Gloria,
3419 4660 3474 4711 et
3499 4654 3608 4712 ho-

1956 4754 2085 4800 nor.
2116 4734 2451 4800 Beiteretur
2480 4754 2541 4812 Ri.

2026 4832 2228 4888 Preces
2261 4831 2606 4888 Clamamns
2631 4830 2775 4886 adte
2806 4832 2980 4895 Deus,
3014 4829 3231 4887 exaudi
3252 4845 3383 4887 nos.
3409 4831 3609 4891 P.Eta

1954 4921 2192 4993 ﬂagello
2220 4921 2320 4976 irae
2349 4925 2462 4975 tuae
2492 4920 2703 4976 libera.
2730 4918 2790 4979 v.
2828 4919 3119 4977 Contritos
3144 4918 3301 4990 fove,
3341 4926 3398 4979 et
3420 4922 3615 4980 humi-

1954 5009 2129 5067 liatos”
2158 5014 2354 5066 tuere:
2381 5008 2559 5066 elisos
2588 5010 2766 5078 erige,
2798 5016 2852 5065 et
2882 5008 3265 5080 peccantibus
3293 5010 3602 5070 miserere.

1954 5099 2018 5155 P.
2073 5102 2138 5153 Et
2180 5096 2432 5168 ﬂagello.
2476 5096 2536 5157 Ψ.
2586 5098 2741 5153 Deus
2801 5098 3053 5163 excelse,
3115 5100 3442 5159 clamorem
3505 5106 3613 5157 not-

1955 5194 2143 5244 strum
2174 5186 2441 5253 attende;
2462 5193 2707 5257 peccata
2736 5188 3329 5263 dimitte,etplruviam
3365 5192 3477 5247 cito
3499 5188 3611 5243 lar-

1956 5280 2099 5349 gire.
2127 5278 2191 5331 P.
2222 5279 2283 5331 Et
2308 5290 2344 5331 a
2374 5275 2634 5345 ﬂagello.
2656 5274 2720 5337 it.
2754 5276 2985 5335 Exaudi
3042 5281 3271 5345 ﬂentes,
3321 5283 3377 5333 et
3405 5282 3612 5331 conso-

1955 5368 2077 5423 lare
2107 5367 2409 5437 lugentes:
2438 5365 2726 5435 gaudium
2768 5370 3109 5441 captivis,et
3130 5367 3385 5438 patriam
3426 5359 3609 5418 redde

1954 5456 2311 5531 peregrinis.
2339 5454 2401 5511 P.
2436 5458 2500 5512 Et
2523 5472 2561 5513 a
2592 5455 2853 5527 ﬂagello.-

2026 5546 2313 5617 Hymnus.
2346 5545 2734 5605 ONazarene.
2755 5546 2866 5614 lat.
2902 5546 3017 5599 144.
