4102 6176
199 214 307 273 309

1386 206 1741 273 DOMINICA
1777 208 1800 269 ἰ
1835 203 2446 279 ΟῸΑΒΗΑΕΕΞΙΜΙΕ-

3519 218 3648 304 31οί

197 338 361 397 nitus
389 337 529 393 tuus
558 330 708 389 :feei
738 330 847 389 tibi
890 330 1040 391 sicut
1067 333 1400 406 praecepisti
1440 333 1587 397 mihi
1621 350 1633 389 :
1663 347 1858 402 surge,
1890 331 1937 386 A
1972 346 2128 397 eum,
2164 335 2510 403 Ecce,Esa1'i
2539 336 2716 394 frater
2745 336 2882 393 tuus
2912 337 3173 397 minatur
3192 340 3258 403 ut
3280 341 3517 407 occidat
3541 346 3617 403 te.

201 427 364 491 sede,
402 429 455 480 et
481 420 734 479 comede
765 421 841 476 de
880 422 1195 479 venatione
1234 439 1393 489 mea,
1452 427 1514 485 ut
1548 422 1863 483 benedicat

198 515 346 572 mihi
373 512 584 573 anima
611 514 731 569 tua.
748 512 1132 583 Rursumque
1153 515 1315 569 Isaac
1331 512 1407 568 ad
1430 511 1617 571 ﬁlium
1637 527 1814 569 suum
1842 531 1858 567 ι

200 601 541 671 Quomodo,
568 598 787 672 inquit,
804 601 927 659 tam
941 599 1056 655 cito
1078 599 1340 657 invenire
1353 601 1613 675 potuisti,
1632 600 1808 663 ﬁlimi
1832 599 1859 653 ‘I

200 692 313 757 Qui
338 689 649 763 respondit
678 705 694 741 :
732 687 1011 747 Voluntas
1030 689 1129 751 Dei
1148 689 1257 747 fuit
1274 694 1336 749 ut
1362 690 1475 753 cito
1493 689 1638 746 mihi
1656 703 1860 747 occur,

196 784 358 838 reret
373 780 534 853 quod
550 776 854 834 volebam.
882 776 1334 850 Dixitquelsaac
1355 796 1367 834 :
1387 777 1613 841 Accede
1635 778 1772 841 huc,
1796 779 1860 833 ut

198 874 453 940 tangam
477 873 526 925 te
548 866 625 923 ﬁli
643 867 748 933 mi,
764 869 821 925 et
842 866 1095 938 probem
1110 872 1308 925 utrum
1327 873 1390 927 tu
1404 868 1483 925 sis
1504 867 1664 927 ﬁlius
1687 882 1857 923 meus

197 959 383 1027 Esau,
417 974 491 1014 an
510 972 651 1014 non.
674 956 936 1011 Accessit
958 955 1054 1013 ille
1082 956 1158 1013 ad
1174 960 1425 1027 patrem,
1443 960 1499 1013 et
1518 954 1763 1027 palpata
1785 969 1855 1010 eo

198 1048 348 1107 dixit
374 1048 539 1103 Isaae
573 1062 587 1102 :
619 1044 750 1099 Vox
780 1044 1051 1115 quidem,
1073 1060 1188 1100 vox
1211 1045 1399 1101 Jacob
1428 1048 1515 1100 est
1542 1063 1554 1100 :
1586 1044 1693 1099 sed
1731 1060 1855 1100 ma-

192 1152 330 1204 nus,
364 1152 588 1193 manus
614 1139 754 1190 sunt
785 1135 957 1189 Esau.
992 1136 1058 1190 Et
1083 1150 1207 1190 non
1235 1134 1686 1206 cognoviteum,
1711 1134 1854 1205 quia

193 1226 409 1299 pilosre
428 1240 650 1285 manus
688 1222 1132 1285 similitudinem
1157 1223 1403 1294 majoris
1417 1227 1847 1295 expresserant.

193 1315 568 1375 Benedicens
597 1328 731 1382 ergo
762 1311 864 1376 illi,
906 1312 989 1369 ait
1019 1332 1037 1367 :
1070 1315 1152 1367 Tu
1178 1328 1241 1369 es
1274 1313 1430 1369 filius
1460 1328 1629 1368 meus
1652 1312 1849 1369 Esau?

193 1403 527 1475 Respondit
560 1420 571 1457 :
604 1405 720 1471 Ego
753 1416 910 1459 sum.
951 1404 1023 1458 At
1044 1400 1139 1456 ille
1171 1420 1183 1459 :
1220 1401 1376 1463 Offer
1417 1402 1582 1467 mihi,
1634 1402 1846 1474 inquit,

187 1492 356 1549 cibos
377 1492 454 1553 de
475 1490 795 1553 venatione
820 1493 941 1555 tua,
963 1490 1048 1544 ﬁli
1068 1490 1170 1557 mi,
1195 1490 1583 1549 utbenedicat
1596 1491 1697 1547 tibi
1725 1491 1848 1546 ani-

186 1596 284 1637 ma
297 1596 455 1641 mea.
482 1582 650 1645 Quos
665 1594 805 1634 cum
828 1578 1063 1635 oblatos
1076 1578 1449 1645 comedisset,
1474 1579 1686 1635 obtulit
1714 1580 1766 1635 ei
1790 1582 1847 1635 et

1970 423 2135 477 Nunc
2166 426 2308 479 audi
2346 441 2506 497 ergo,
2541 425 2641 489 ﬁli,
2684 441 2895 482 vocem
2917 443 3137 493 meam,
3166 434 3221 487 et
3250 448 3617 504 consurgens

1970 507 2108 579 fuge
2134 512 2211 567 ad
2227 514 2429 569 Laban
2442 515 2683 570 fratrem
2697 530 2899 571 meum
2920 516 2981 573 in
2994 518 3151 574 Aran
3168 536 3180 571 :
3195 518 3618 597 habitabisque

1970 613 2108 654 cum
2139 616 2209 656 eo
2240 602 2366 657 dies
2387 618 2633 674 paucos,
2669 603 2860 661 donec
2879 606 3209 681 requiescat
3238 607 3401 664 furor
3421 610 3616 667 fratris

1968 687 2072 753 tui,
2107 693 2163 746 et
2188 691 2443 750 cessabit
2474 692 2804 763 indignatio
2835 694 2987 771 ejus,
3007 693 3389 759 obliviscatur
3407 713 3615 761 eorum

1967 789 2101 846 quae
2123 777 2306 834 fecisti
2318 780 2379 835 in
2393 796 2558 835 eum:
2585 785 2793 854 postea
2814 782 3067 851 mittam,
3088 788 3140 846 et
3156 784 3457 850 adducam
3476 786 3615 842 inde

1963 863 2083 919 huc
2117 872 2524 941 :curutroque
2566 870 2828 926 orbabor
2848 871 2969 926 ﬁlio
3004 872 3066 926 in
3111 888 3236 929 una
3285 873 3380 930 die
3406 873 3435 930 ?
3460 873 3615 937 Dixit

1964 970 2205 1045 quoque
2224 957 2491 1016 Rebecca
2507 959 2585 1015 ad
2602 963 2767 1016 Isaac
2801 978 2814 1015 :
2847 961 3147 1017 Teedetme
3163 962 3300 1021 vitae
3318 979 3467 1027 meae
3478 978 3614 1045 pro-

1962 1046 2092 1113 pter
2110 1044 2263 1101 ﬁlias
2294 1046 2440 1103 Heth
2464 1065 2480 1102 :
2509 1048 2557 1104 si
2587 1048 2880 1121 acceperit
2907 1048 3089 1105 Jacob
3104 1064 3356 1109 uxorem
3381 1051 3456 1107 de
3487 1052 3613 1107 stir-

1961 1146 2035 1201 pe
2064 1131 2246 1204 hujus
2287 1139 2472 1199 terrae,
2510 1137 2649 1193 nolo
2676 1138 2890 1192 vivere.
2922 1138 3094 1208 (Cap.
3127 1139 3339 1208 xxvui).
3370 1139 3612 1195 Vocavit

1960 1225 2162 1278 autem
2197 1227 2359 1279 lsaac
2379 1225 2581 1289 Jacob,
2616 1231 2669 1279 et
2694 1224 3082 1294 benedixitei,
3114 1227 3515 1299 praecepitque
3532 1228 3605 1291 ei,

1958 1306 2164 1365 dicens
2201 1329 2213 1367 :
2238 1312 2364 1368 Noli
2390 1313 2657 1385 accipere
2680 1314 3000 1385 conjugem
3029 1314 3104 1369 de
3134 1329 3348 1384 genere
3380 1314 3608 1374 Chana-

1958 1412 2037 1454 an
2070 1418 2082 1454 :
2105 1399 2210 1455 sed
2235 1400 2411 1470 vade,
2444 1402 2890 1474 etproﬁciscere
2910 1404 2969 1459 in
2992 1404 3482 1475 Mesopotamiam
3501 1406 3606 1476 Sy-

1956 1486 2058 1541 riae
2082 1487 2143 1544 in
2162 1488 2415 1545 domum
2443 1490 2690 1547 Bathuel
2713 1491 2897 1565 patris
2929 1491 3397 1564 matrisquetuee,
3423 1495 3479 1547 et
3502 1508 3607 1553 ac-

1956 1576 2084 1649 cipe
2106 1576 2213 1633 tibi
2244 1578 2381 1633 inde
2419 1595 2667 1635 uxorem
2711 1582 2786 1636 de
2826 1580 3060 1635 ﬁliabus
3096 1579 3297 1637 Laban
3328 1580 3607 1647 avunculi

184 1671 392 1727 vinum
421 1686 435 1731 ;
465 1684 590 1740 quo
611 1668 854 1735 hausto,
880 1667 1027 1722 dixit
1057 1667 1133 1729 ad
1160 1683 1295 1722 eum
1330 1685 1343 1727 ;
1377 1668 1597 1723 Accede
1619 1668 1697 1725 ad
1725 1684 1841 1735 me,
1873 1681 1919 1746 Β
1954 1666 2058 1723 tui.
2088 1666 2244 1721 Deus
2271 1670 2473 1724 autem
2498 1670 2877 1741 omnipotens
2898 1668 3213 1724 benedicat
3234 1668 3361 1734 tibi,
3382 1675 3437 1723 et
3456 1684 3607 1727 cres~

185 1766 239 1815 et
270 1759 351 1814 da
382 1758 528 1817 mihi
567 1756 867 1824 osculum,
903 1755 984 1813 ﬁli
1011 1757 1114 1815 mi.
1146 1757 1420 1823 Accessit,
1460 1761 1515 1813 et
1543 1757 1844 1815 osculatus
1954 1769 2084 1811 cere
2108 1758 2162 1810 te
2192 1755 2390 1825 faciat,
2435 1760 2612 1830 atque
2643 1756 2995 1827 multiplicet
3020 1777 3031 1814 ;
3057 1762 3120 1810 ut
3150 1755 3231 1810 sis
3264 1755 3326 1810 in
3372 1758 3603 1817 turmas

180 1852 271 1904 est
298 1863 460 1905 eum.
498 1846 827 1916 Statimque
861 1849 925 1903 ut
958 1845 1141 1907 sensit
1169 1846 1655 1903 vestimentorum
1684 1846 1842 1903 illius

177 1935 593 2005 fregi-entiam,
615 1932 982 1997 benedicens
999 1932 1081 1989 ait
1112 1953 1123 1992 :
1156 1934 1578 1989 Ecceodorﬁlii
1597 1936 1711 1991 mei
1734 1935 1817 1991 sic

176 2023 413 2081 utodor
438 2023 569 2093 agri
592 2021 778 2095 pleni,
812 2022 904 2077 cui
932 2021 1228 2081 benedixit
1260 2022 1574 2079 Dominus.
1606 2025 1709 2081 Det
1737 2024 1840 2080 tibi

178 2114 329 2169 Dens
354 2112 434 2175 de
465 2126 600 2173 rore
628 2110 785 2179 coeli,
821 2111 967 2171 etde
1006 2111 1371 2182 pinguedine
1414 2115 1601 2175 terras,
1654 2112 1841 2169 abun-

175 2200 449 2265 dantiam
477 2198 763 2261 frumenti
807 2203 865 2257 et
892 2199 1031 2266 vini,
1065 2203 1120 2254 et
1168 2198 1305 2263 olei.
1348 2203 1412 2263 Et
1442 2201 1702 2261 serviant
1731 2201 1838 2263 tibi

174 2289 404 2361 populi,
430 2296 485 2344 et
508 2288 835 2351 adorentte
858 2287 1046 2349 tribus
1076 2305 1087 2351 ;
1122 2292 1251 2344 esto
1276 2289 1561 2345 Dominus
1584 2288 1835 2353 fratrum

174 2385 441 2446 tuorum,
461 2382 521 2441 et
546 2378 935 2437 incurventur
955 2381 1089 2434 ante
1110 2381 1161 2435 te
1182 2378 1288 2439 filii
1313 2379 1521 2439 matris
1544 2383 1659 2441 tua;
1692 2396 1703 2435 :
1736 2382 1836 2451 qui

172 2468 549 2531 maledixerit
580 2466 705 2535 tibi,
742 2467 815 2531 sit
840 2467 1192 2531 maledictus
1221 2485 1232 2522 :
1266 2471 1323 2524 et
1346 2468 1450 2539 qui
1470 2467 1837 2535 benedixerit

170 2558 295 2626 tibi,
310 2556 843 2621 benedictionibus
856 2556 1179 2627 repleatur.
1204 2556 1305 2621 Vix
1322 2559 1487 2619 Isaac
1503 2572 1834 2621 sermonem

169 2645 527 2717 impleverat
564 2664 575 2703 :
602 2648 661 2700 et
683 2658 923 2713 egresso
951 2642 1133 2707 Jacob
1156 2642 1337 2709 foras,
1355 2643 1516 2705 venit
1540 2645 1712 2710 Esau,
1737 2660 1834 2701 co.

169 2738 419 2805 ctosque
458 2733 536 2797 de
588 2732 902 2795 venatione
932 2731 1101 2795 cibos
1145 2731 1339 2788 intulit
1368 2733 1545 2804 patri,
1577 2732 1781 2790 dicens
1815 2752 1828 2793 :

170 2824 360 2891 Surge
392 2825 564 2894 pater
580 2820 689 2887 mi,
717 2824 775 2877 et
794 2819 1041 2881 comede
1061 2819 1135 2875 de
1156 2820 1471 2877 venatione
1490 2819 1593 2875 ﬁlii
1612 2821 1694 2876 tui
1728 2837 1739 2877 :
1768 2825 1834 2889 ut

166 2910 487 2975 benedicat
532 2909 681 2965 mibi
722 2908 925 2963 anima
969 2911 1093 2963 tua.
1139 2907 1411 2979 Dixitque
1442 2910 1609 2965 Isaac
1643 2928 1654 2968 :
1690 2910 1830 2975 Quis

164 2999 333 3055 enim
364 3014 426 3061 es
450 3002 515 3054 tu
535 2998 563 3054 ?
582 2997 693 3063 Qui
712 2996 1019 3094 respondit
1041 3014 1054 3055 z
1091 2999 1213 3067 Ego
1242 3013 1373 3101 sum
1397 2997 1831 3069 primogenitus
1863 3036 1905 3101 ᾳ

165 3092 309 3141 tuus
342 3088 515 3142 Esaﬁ.
538 3086 782 3157 Expavit
807 3088 967 3143 Isaac
991 3088 1230 3157 stupore
1251 3086 1585 3147 vehementi
1620 3107 1632 3147 ;
1663 3092 1718 3143 et
1740 3088 1828 3144 ω,

164 3180 249 3231 ira
261 3191 449 3248 quam
467 3174 630 3230 credi
645 3178 862 3246 potest,
884 3173 1212 3243 admirans,
1229 3174 1309 3231 ait
1330 3193 1339 3228 :
1359 3175 1501 3241 Quis
1526 3175 1620 3232 ille
1649 3177 1829 3247 igitur

165 3270 273 3331 est,
301 3265 408 3337 qui
439 3264 685 3329 dudum
717 3266 957 3335 captam
978 3263 1361 3328 venationem
1382 3264 1753 3337 attulitmihi,
1772 3269 1828 3320 et

162 3352 394 3409 comedi
432 3367 509 3408 ex
540 3350 827 3406 omnibus
874 3351 1227 3426 priusquam
1260 3356 1326 3415 tu
1355 3351 1629 3409 venires?
1649 3353 1825 3419 bene-

161 3442 399 3521 dixique
430 3440 511 3507 ei,
546 3444 607 3503 et
628 3439 740 3505 erit
776 3438 1149 3503 benedictus.
1191 3438 1418 3503 Auditis
1468 3441 1641 3516 170
1672 3443 1826 3505 Esau

163 3529 547 3597 sermonibus
562 3528 773 3609 patris,
794 3527 1040 3598 inrugiit
1053 3527 1314 3595 clamore
1336 3545 1560 3600 magno
1580 3549 1592 3586 :
1613 3536 1669 3597 et
1684 3546 1825 3598 con.

164 3623 459 3677 sternatus
491 3618 555 3673 in
591 3620 767 3691 terra,
797 3614 918 3680 ait:
955 3616 1206 3683 Benedic
1241 3618 1420 3683 etiam
1458 3618 1624 3691 mihi,
1657 3623 1825 3695 pater

165 3708 264 3763 mi.
294 3710 393 3772 Qui
428 3708 512 3764 ait
545 3724 560 3773 ;
594 3705 765 3771 Venit
803 3719 1128 3779 germanus
1156 3710 1297 3771 tuus
1324 3705 1749 3774 fraudulenter,
1769 3711 1826 3773 et

160 3794 886 3866 accepitbenedictionem
902 3797 1088 3848 tuam.
1104 3793 1421 3868 Subjunxit
1444 3797 1502 3859 ς]
1512 3798 1635 3857 uste
1650 3810 1823 3851 voca-

161 3887 279 3949 tum
316 3888 405 3949 est
436 3897 668 3947 nomen
694 3881 824 3959 ejus
852 3880 1038 3943 Jacob
1068 3899 1081 3936 :
1114 3882 1519 3961 supplantavit
1549 3883 1707 3943 enim
1729 3899 1823 3943 me

161 3986 229 4026 en
254 3972 448 4027 altera
464 3973 597 4035 vice
628 3991 640 4028 :
680 3969 1083 4041 primogenita
1109 3985 1245 4033 mea
1267 3974 1403 4029 ante
1425 3970 1573 4034 tulit,
1590 3975 1646 4025 et
1664 3986 1823 4027 nunc

161 4060 443 4121 secundo
458 4058 751 4133 subripuit
764 4056 1236 4121 benedictionem
1252 4073 1428 4121 meam
1438 4060 1822 4133 .Rursumque

157 4147 241 4211 ad
268 4151 508 4219 patrem
543 4163 556 4199 :
585 4145 860 4226 Nunquid
889 4160 1009 4200 non
1036 4146 1307 4211 servasti,
1341 4145 1438 4212 ait,
1463 4150 1520 4205 et
1549 4145 1691 4209 mihi
1719 4145 1823 4207 be-

153 4234 569 4297 nedictionem
597 4234 623 4299 ,?
650 4232 977 4306 Respondit
992 4236 1157 4293 Isaac
1188 4249 1201 4300 ς
1232 4233 1279 4297 si
1305 4232 1620 4291 dominum
1654 4237 1823 4301 tuum

152 4323 324 4380 illum
346 4321 649 4390 constitui,
683 4326 738 4377 et
764 4336 976 4387 omnes
991 4319 1201 4383 fratres
1228 4320 1358 4392 ejus
1378 4321 1637 4379 servituti
1668 4320 1824 4383 illius

152 4410 485 4484 subjugavi
520 4429 532 4465 :
568 4408 1100 4467 frumentoetvino
1117 4409 1549 4478 stabilivieum,
1574 4410 1824 4483 tibipost

151 4501 313 4564 haec,
330 4499 411 4553 ﬁli
434 4498 538 4562 mi,
556 4498 710 4553 ultra
723 4497 870 4569 quid
884 4496 1102 4561 faciam
1127 4496 1156 4551 7
1186 4497 1290 4560 Cui
1307 4497 1616 4565 dixitEsaﬁ
1638 4516 1649 4553 :
1671 4502 1821 4567 Num

154 4604 367 4652 unam,
386 4587 606 4660 inquit,
626 4592 860 4653 tantum
884 4586 1355 4651 benedictionem
1381 4588 1589 4653 habes,
1613 4592 1778 4669 pater
1795 4586 1823 4639 ‘i

158 4678 303 4733 mihi
325 4692 579 4750 quoque
602 4674 857 4735 obsecro
874 4680 938 4729 ut
954 4674 1293 4732 benedicas.
1312 4676 1578 4749 Cumque
1601 4676 1824 4749 ejulatu

158 4781 377 4836 magno
392 4765 586 4830 ﬂeret,
608 4771 810 4820 motus
828 4766 1011 4830 Isaac,
1035 4764 1181 4821 dixit
1198 4764 1275 4820 ad
1292 4780 1425 4820 eum
1455 4786 1467 4823 :
1495 4770 1555 4823 In
1576 4752 1820 4845 pingue-

156 4853 287 4909 dine
325 4861 522 4917 terrae,
554 4859 611 4909 et
643 4854 703 4910 in
737 4868 868 4907 rore
891 4852 1018 4908 coeli
1050 4852 1325 4924 desuper,
1354 4854 1459 4909 erit
1489 4853 1820 4915 benedictio

158 4946 272 4999 tua.
302 4944 477 4999 Vives
504 4941 733 5013 gladio,
760 4945 817 4996 et
845 4941 1008 4997 fratri
1049 4946 1149 4997 tuo
1182 4942 1399 4997 servies
1426 4958 1436 4995 :
1464 4948 1819 5014 tempusque

157 5032 367 5099 veniet,
396 5047 539 5086 curn
573 5029 845 5087 excutias
878 5034 933 5084 et
953 5029 1376 5099 solvasjugum
1399 5034 1528 5101 ejus
1550 5031 1622 5084 de
1645 5033 1818 5089 cervi-

157 5118 321 5174 cibus
354 5121 493 5175 tuis.
524 5119 745 5175 Oderat
768 5134 910 5188 ergo
942 5134 1177 5197 semper
1207 5121 1360 5173 Esau
1385 5119 1565 5174 Jacob
1589 5135 1696 5190 pro
1724 5120 1821 5175 be-

154 5208 515 5278 nedictione,
538 5224 666 5280 qua
707 5208 1092 5261 benedixerat
1124 5208 1171 5261 ei
1211 5213 1378 5278 pater
1411 5226 1422 5261 :
1458 5207 1725 5280 dixitque
1761 5210 1820 5269 in

151 5297 327 5351 corde
343 5313 457 5352 suo
489 5315 501 5352 :
542 5296 1094 5351 Veniatdiesluctus
1110 5298 1292 5367 patris
1310 5296 1445 5361 mei,
1471 5298 1821 5355 utoccidam

150 5385 333 5442 Iacob
364 5385 613 5454 fratrem
638 5400 864 5451 meum.
890 5385 1177 5449 Nunciata
1195 5391 1333 5442 sunt
1359 5386 1487 5442 haec
1519 5386 1819 5451 Rebeccae,

153 5488 288 5547 quae
314 5474 585 5545 mittens,
608 5477 666 5533 et
687 5488 910 5537 vocans
940 5473 1120 5537 Jacob
1136 5472 1324 5542 ﬁlium
1354 5476 1712 5541 suum,dixit
1745 5476 1822 5539 ad

1953 1843 2343 1915 populorum.
2376 1847 2439 1901 Et
2466 1845 2566 1901 det
2597 1845 2699 1901 tibi
2727 1844 3170 1901 benedictiones
3198 1842 3523 1908 Abraham,
3546 1848 3603 1903 et

1952 1932 2164 1987 semini
2195 1936 2297 1989 tuo
2336 1938 2471 2005 post
2504 1938 2609 1989 :ut
2637 1934 2947 2007 possideas
2994 1937 3214 1989 terram
3265 1932 3602 2005 peregrina-

1950 2019 2126 2077 tionis
2159 2023 2293 2086 tuae,
2328 2036 2517 2094 quam
2553 2020 2851 2093 pollicitus
2877 2024 2966 2079 est
2990 2036 3105 2081 avo
3130 2022 3247 2085 tuo.
3292 2030 3357 2091 ni.
3384 2022 3599 2086 Amen.

2625 2110 2917 2179 Hymnus.

2194 2200 2423 2259 z’Eterne
2456 2196 2604 2255 lucis
2637 2197 2938 2263 Conditor,

2122 2288 2246 2345 Lux
2277 2287 2405 2359 ipse
2433 2289 2613 2355 totus,
2639 2290 2695 2342 et
2724 2286 2871 2352 dies,

2122 2378 2365 2441 Noctem
2391 2391 2502 2437 nec
2536 2375 2721 2439 ullam
2755 2374 3034 2445 sentiens,

2123 2466 2344 2527 Natura
2372 2464 2522 2527 locis
2550 2464 2844 2537 perpetim
2880 2481 2891 2515 :

2187 2553 2317 2607 Jam
2349 2552 2520 2609 cedat
2554 2552 2782 2622 pallens
2809 2550 3086 2623 proximo

2118 2639 2242 2694 Diei
2276 2654 2398 2695 nox
2436 2638 2719 2699 adventui

2120 2726 2461 2785 Obtendens
2488 2730 2713 2789 Lumen
2735 2724 2997 2781 siderum

2118 2815 2290 2869 Adest
2324 2818 2380 2869 et
2417 2814 2613 2875 clarus
2657 2812 2889 2871 lucifer.

2186 2906 2318 2959 Jam
2341 2908 2521 2959 strato
2558 2903 2675 2959 laeti
2714 2902 3013 2971 surgimus

2119 2996 2320 3053 Grates
2352 2996 2635 3049 canentes
2662 2998 2718 3048 et
2734 2996 2892 3059 tuas,

2118 3082 2290 3149 Quod
2321 3098 2542 3138 caecam
2570 3086 2805 3137 noctem
2835 3078 3060 3147 vicerit,

2115 3174 2387 3228 Revertat
2412 3188 2619 3228 rursus
2647 3170 2740 3227 So]
2766 3170 2949 3226 diem.

2185 3262 2259 3317 Te
2290 3276 2473 3329 nunc,
2512 3276 2587 3316 ne
2626 3259 2822 3316 carnis
2850 3256 3068 3327 gaudia

2113 3346 2351 3409 Blandis
2390 3347 2718 3417 subrepant
2756 3344 3025 3406 testibus,

2112 3434 2272 3491 Dolis
2311 3451 2387 3491 ne
2417 3435 2590 3490 cedat
2616 3432 2817 3489 saeculi

2109 3526 2267 3588 Mens
2307 3528 2530 3587 nostra,
2568 3524 2796 3585 Sancte,
2820 3532 3195 3592 quaesumus.

2180 3616 2271 3675 lra
2308 3627 2382 3666 ne
2408 3610 2570 3667 rixas
2600 3614 2907 3683 provocet,

2109 3699 2329 3765 Gulave
2357 3702 2626 3765 ventrem
2654 3697 2878 3767 incitet,

2110 3791 2271 3867 Opus
2308 3790 2606 3861 pervertat
2634 3802 2709 3847 ne
2740 3785 2947 3853 fames,

2108 3876 2316 3948 Turpis
2353 3891 2427 3932 ne
2457 3876 2655 3932 ﬂuxus
2693 3876 2944 3946 occupet
2976 3892 2990 3942 ;

2182 3966 2293 4021 Sed
2316 3963 2695 4031 ﬁrmamento
2721 3962 2923 4029 sobrii,

2111 4056 2288 4113 Casto
2317 4057 2629 4109 manentes
2650 4066 2916 4123 corpore,

2108 4144 2253 4207 Toto
2277 4142 2435 4199 ﬁdeli
2459 4142 2685 4214 spiritu,

2109 4230 2350 4299 Christe,
2382 4230 2678 4291 ducamus
2704 4227 2867 4295 hunc
2897 4226 3057 4297 diem

2180 4323 2298 4387 Deo
2325 4320 2478 4383 Patri
2508 4320 2580 4377 sit
2601 4318 2813 4391 gloria,

2108 4409 2169 4481 Ej
2180 4426 2370 4482 usque
2411 4409 2518 4466 soli
2544 4408 2710 4474 Filio,

2109 4500 2256 4555 Cum
2281 4499 2496 4571 Spiritu
2523 4498 2831 4565 Paraclito,

2109 4591 2173 4653 ln
2207 4588 2571 4659 sempiterna
2610 4586 2849 4643 saecula.

2178 4680 2393 4733 Amen.

2001 4767 2402 4837 Supplicatio.
2439 4768 2687 4831 Oremus
2718 4764 3193 4839 Redemptorem.
3221 4762 3333 4837 fol.
3369 4762 3492 4819 438.

2005 4855 2306 4925 Capitula.
2344 4854 2640 4924 lllumina,
2675 4854 3072 4923 Domine/ot.
3104 4857 3190 4908 26.

1999 4944 2231 4999 Lauda.
2258 4944 2522 4999 Miserere
2552 4942 2743 5007 nobis,
2770 4943 3051 4999 Domine:
3078 4942 3362 4999 miserere
3381 4943 3575 5005 nobis.

1928 5032 1991 5086 P.
2020 5035 2431 5104 Ecce,tempus
2449 5035 2552 5103 est,
2584 5038 2645 5087 ut
2664 5034 3001 5088 miserearis
3022 5031 3216 5088 nobis.
3246 5032 3309 5103 ἢν,
3330 5034 3417 5090 Ad
3435 5039 3487 5089 te
3506 5036 3581 5087 le-

1928 5137 2142 5176 vamus
2156 5121 2357 5175 oculos
2382 5126 2635 5191 nostros,
2662 5122 2763 5193 qui
2782 5121 3018 5177 habitas
3038 5122 3098 5177 in
3117 5124 3303 5179 caelis.
3329 5124 3387 5177 P.
3412 5124 3572 5185 Ecce,

1930 5214 2189 5279 tempus.
2224 5208 2283 5267 ἣν.
2321 5208 2532 5274 Gloria,
2568 5215 2623 5265 et
2649 5210 2864 5269 honor.
2898 5214 2959 5267 P.
2991 5215 3159 5267 Ecce.

2002 5299 2230 5354 Oratio.
2265 5299 2423 5355 Sicut
2454 5316 2762 5357 servorum
2789 5303 2849 5358 in
2884 5304 3162 5359 manibus
3190 5297 3575 5361 dominorum

1930 5403 2176 5447 suorum
2196 5389 2496 5451 suntoculi
2522 5407 2535 5457 ;
2564 5390 2645 5447 ita
2658 5393 2841 5448 nostri
2856 5391 2932 5447 ad
2957 5396 3027 5457 te,
3048 5384 3295 5449 Domine
3323 5398 3335 5443 ;
3356 5393 3575 5455 quoue:

1930 5492 2045 5559 que
2062 5480 2117 5533 et
2135 5478 2523 5549 peccantibus
2545 5495 2767 5536 noxam
2786 5477 3066 5541 dimittas,
3083 5474 3137 5525 et
3157 5466 3575 5541 vapulantium
