4102 6176
465 276 569 335 311

1709 256 2164 317 BREVIARIUM
2210 257 2602 317 GOTHICUM.

3778 262 3891 317 312

468 396 957 474 plagasminuas;
982 391 1411 466 impertiasque
1424 387 1708 444 alimenta
1727 386 2037 456 etegenis;
2062 391 2118 443 et
2147 384 2189 438 A
2225 386 2446 443 mensis
2475 385 2673 449 unius,
2707 383 2856 439 dixit
2882 383 2935 439 ei
2968 400 2980 439 :
3016 386 3167 439 Num
3198 383 3342 457 quia
3370 383 3551 440 frater
3589 399 3762 441 meus
3794 402 3887 451 es,

470 488 769 546 medelam
804 486 993 541 tribue
1023 481 1370 539 vulneratis.
1401 490 1469 549 BI.
1512 480 1723 531 Amen.

542 582 648 637 Per
684 574 1181 634 misericordiam.

1084 662 1183 718 Ad
1219 659 1499 716 Tertiam.

580 757 774 813 Lectio
806 752 1296 821 libriSapientiae.
1319 748 1459 811 Fili,
1491 744 1757 802 Custodi.
1784 744 1891 815 fol.
1922 748 2008 800 96.

710 843 1161 901 Proverbiorum
1186 836 1522 896 Salomonis
1547 834 1721 903 (Cap.
1753 834 1853 906 χι).

545 948 609 1005 ﬁ.
647 936 767 989 Deo
798 932 1043 1002 gratias.

549 1024 674 1088 Fili,
706 1021 935 1077 iustitia
965 1017 1250 1089 simplicis
1294 1015 1506 1085 diriget
1538 1012 1701 1068 viam
1727 1012 1855 1082 ejus
1882 1028 1894 1065 :
1923 1014 1980 1065 et
2014 1010 2121 1065 im-

474 1112 690 1181 pietate
705 1125 815 1164 sua
832 1111 1064 1162 corruet
1084 1106 1325 1176 impius.
1350 1105 1377 1159 J
1387 1101 1580 1157 ustitia
1597 1104 1893 1155 rectorum
1914 1098 2124 1155 libera-

474 1200 562 1255 bit
590 1214 690 1253 eos
720 1202 811 1252 :et
853 1196 1083 1251 insidiis
1124 1194 1249 1249 suis
1303 1192 1611 1264 capientur
1657 1190 1864 1262 iniqui.
1901 1192 2124 1244 Mortuo

475 1286 721 1342 homine
750 1285 956 1357 impio,
988 1282 1154 1338 nulla
1182 1282 1288 1336 erit
1320 1278 1471 1335 ultra
1492 1294 1627 1350 spes
1663 1296 1675 1333 :
1711 1283 1767 1333 et
1792 1277 2125 1348 expectatio

479 1374 842 1430 solicitorum
877 1372 1110 1443 peribit.
1152 1373 1349 1425 Justus
1398 1368 1471 1422 de
1517 1366 1810 1436 angustiis
1844 1366 2127 1421 liberatus

480 1468 567 1517 est
597 1481 614 1514 :
642 1467 697 1516 et
723 1460 984 1515 tradetur
1014 1458 1234 1529 impius
1259 1472 1368 1529 pro
1390 1472 1480 1511 eo.
1506 1454 1823 1511 Simulator
1852 1470 1952 1510 ore
1974 1454 2129 1509 deci-

479 1549 838 1622 pitamicum
855 1564 1033 1602 suum
1050 1564 1061 1600 :
1072 1547 1092 1617 j
1106 1548 1418 1601 ustiautem
1435 1542 1848 1599 liberabuntur
1862 1543 2126 1602 scientia.

481 1639 546 1693 In
559 1638 727 1692 bonis
739 1638 1035 1707 justorum
1055 1634 1340 1689 exultabit
1360 1633 1566 1688 civitas
1603 1649 1615 1687 :
1656 1633 1759 1701 l7
1779 1634 1821 1701 ι
1846 1636 1903 1687 et
1919 1632 1978 1686 in
2002 1646 2131 1702 per-

2228 476 2409 547 gratis
2447 474 2665 530 servies
2700 473 2893 528 mihi?
2922 473 3019 528 dic
3056 472 3206 545 quid
3256 472 3547 529 mercedis
3601 475 3887 547 accipies.

2228 564 2494 621 Habebat
2533 579 2668 617 vero
2723 561 2923 617 Laban
2962 562 3113 616 duas
3166 562 3341 628 ﬁlias,
3376 578 3600 617 nomen
3632 564 3892 634 majoris

2230 653 2396 709 Liam
2429 670 2441 707 :
2473 652 2668 708 minor
2700 650 3117 724 appellabatur
3152 651 3386 708 Rachel.
3422 652 3537 709 Sed
3578 652 3676 708 Lia
3704 652 3893 725 lippis

2228 748 2355 799 erat
2374 741 2562 797 oculis
2596 759 2608 794 :
2644 740 2861 796 Rachel
2890 740 3109 795 decora
3140 739 3310 806 facie,
3344 746 3403 798 et
3436 747 3687 797 venusto
3716 756 3894 813 aspe-

2229 835 2345 887 ctu.
2376 832 2565 895 Quam
2617 829 2867 899 diligens
2920 827 3125 892 Jacob,
3177 829 3258 884 ait
3289 846 3301 884 :
3333 831 3602 886 Serviam
3636 829 3737 886 tibi
3777 846 3891 902 pro

2230 919 2448 975 Rachel
2472 918 2592 973 ﬁlia
2624 925 2724 973 tua
2746 918 2994 980 minore,
3037 922 3264 990 septem
3311 919 3507 975 annis.
3558 919 3895 991 Respondit

2234 1008 2433 1063 Laban
2469 1027 2481 1063 :
2524 1008 2720 1063 Melius
2744 1014 2829 1061 est
2862 1011 2925 1062 ut
2955 1006 3063 1062 tibi
3082 1007 3243 1062 illam
3266 1007 3479 1063 demus
3501 1025 3689 1081 quam
3713 1008 3895 1065 alteri

2232 1098 2378 1162 viro,
2410 1113 2587 1152 mane
2622 1096 2783 1167 apud
2816 1113 2925 1150 me.
2960 1096 3206 1152 Servivit
3226 1098 3401 1165 igitur
3418 1098 3593 1153 Jacob
3624 1115 3735 1171 pro
3778 1102 3896 1154 Ra-

2234 1186 2364 1242 cbel
2381 1192 2606 1257 septem
2628 1184 2804 1239 annis
2842 1202 2853 1239 :
2888 1185 3412 1241 etvidebanturilli
3434 1188 3894 1259 paucidiespree

2237 1275 2458 1332 amoris
2488 1274 2921 1343 magnitudine.
2947 1274 3216 1346 Dixitque
3247 1276 3323 1330 ad
3352 1275 3553 1331 Laban
3583 1294 3595 1327 :
3623 1279 3705 1331 Da
3737 1275 3897 1331 mihi

2238 1381 2485 1420 uxorem
2508 1380 2705 1419 meam
2737 1385 2749 1418 :
2782 1363 2924 1435 quia
2943 1364 3071 1432 jam
3103 1368 3339 1436 tempus
3361 1365 3664 1436 expletum
3686 1369 3794 1431 est,
3828 1369 3896 1421 ut

2237 1453 2537 1521 ingrediar
2575 1453 2651 1507 ad
2691 1468 2843 1507 eam.
2894 1453 3002 1517 Qui
3034 1454 3257 1508 vocatis
3302 1453 3507 1509 multis
3551 1454 3893 1509 amicorum

2241 1541 2425 1597 turbis
2483 1541 2561 1596 ad
2613 1541 2976 1605 convivium,
3045 1541 3176 1596 fecit
3222 1541 3485 1613 nuptias.
3535 1544 3598 1597 Et
3638 1557 3894 1613 vespere

2238 1630 2424 1685 ﬁliam
2457 1646 2627 1685 suam
2662 1631 2820 1685 Liam
2846 1630 3170 1685 introduxit
3209 1631 3287 1685 ad
3317 1646 3480 1700 eum,
3514 1630 3668 1686 dans
3700 1630 3895 1686 ancil-

480 1724 1044 1795 ditioneimpiorum
1067 1721 1479 1778 eritlaudatio.
1512 1720 1922 1775 Benedictione
1944 1720 2128 1790 justo-
2160 1733 2208 1789 Β
2240 1719 2358 1775 lam
2386 1720 2519 1774 ﬁliae
2541 1718 2820 1790 Zelpham
2843 1719 3108 1774 nomine.
3135 1719 3222 1775 Ad
3246 1735 3433 1791 quam
3456 1736 3593 1775 cum
3621 1735 3689 1776 ex
3723 1735 3895 1776 more

480 1830 615 1870 rum
634 1812 986 1869 exaltabitur
1006 1811 1213 1867 civitas
1253 1827 1265 1864 :
1285 1814 1341 1866 et
1356 1824 1457 1865 ore
1488 1808 1813 1880 impiorum
1833 1807 2129 1863 subverte-

482 1906 596 1957 tur.
630 1901 737 1965 Qui
766 1900 983 1971 decipit
1010 1899 1273 1955 amicum
1305 1914 1502 1963 suum,
1538 1897 1739 1952 sitiens
1778 1896 1956 1951 corde
2001 1900 2127 1952 est:

482 1990 569 2045 vir
589 1992 789 2045 autem
820 1988 1085 2059 prudens
1108 1988 1341 2043 tacebit.
1363 1986 1471 2052 Qui
1492 1984 1761 2041 ambulat
1784 1985 2133 2040 fraudulen-

485 2083 589 2143 ter,
616 2077 837 2133 revelat
858 2092 1081 2132 arcana
1105 2094 1117 2131 :
1146 2076 1249 2148 qui
1269 2080 1467 2131 autem
1488 2074 1678 2129 ﬁdelis
1703 2078 1791 2129 est
1812 2073 2020 2143 animi,
2045 2090 2135 2129 ce-

484 2166 569 2223 lat
590 2166 1002 2222 commissum.
1029 2166 1135 2220 Ubi
1166 2180 1288 2219 non
1318 2167 1405 2218 est
1436 2162 1820 2232 gubernator,
1870 2162 2133 2235 populus

486 2259 722 2311 corruet
743 2272 756 2309 :
782 2254 942 2310 salus
958 2257 1179 2317 autem,
1204 2252 1307 2307 ubi
1329 2251 1519 2307 multa
1538 2250 1807 2307 consilia.
1830 2250 2137 2319 Afﬂigetur

486 2343 670 2413 malo,
688 2342 794 2416 qui
805 2342 987 2399 ﬁdem
1006 2341 1144 2398 facit
1156 2357 1265 2413 pro
1279 2346 1561 2396 extraneo
1597 2356 1609 2394 :
1639 2340 1743 2411 qui
1757 2344 1957 2395 autem
1971 2344 2139 2395 cavet

484 2432 754 2505 laqueos,
789 2447 1063 2488 secursus
1080 2430 1207 2486 erit.
1230 2430 1428 2486 Mulier
1449 2428 1714 2499 gratiosa
1729 2428 1989 2483 inveniet
2017 2427 2139 2497 glo-

486 2521 638 2579 riam
672 2538 684 2578 :
718 2516 2138 2577 etrobustihabebuntdivitias.Benefacitanimee

491 2627 615 2667 suas
636 2610 723 2666 vir
738 2608 1074 2666 misericors
1107 2624 1120 2662 :
1148 2607 1251 2680 qui
1268 2611 1468 2663 autem
1485 2606 1741 2662 crudelis
1767 2609 1875 2671 est,
1900 2607 2139 2677 propin-

491 2714 645 2770 quos
670 2697 887 2768 abjicit.
913 2697 1136 2769 Impius
1165 2695 1306 2751 facit
1333 2694 1641 2750 mercedes
1664 2694 1971 2750 instabiles
2003 2716 2015 2749 :
2048 2709 2137 2751 se-

492 2785 743 2844 minanti
771 2788 969 2841 autem
997 2783 1224 2855 justitia
1254 2798 1410 2854 opus
1435 2782 1628 2838 ﬁdele.
1664 2794 1728 2852 13g.
1761 2787 1970 2839 Amen.

790 2875 986 2932 Lectio
1022 2874 1165 2930 libri
1196 2873 1432 2930 Genesis
1460 2872 1632 2945 (Cap.
1663 2875 1841 2944 xxxx).

565 2976 636 3035 Ρι.
675 2966 795 3019 Deo
830 2963 1075 3033 gratias.

2238 1808 2422 1863 Jacob
2457 1808 3016 1876 fuissetingressus,
3040 1808 3197 1863 facto
3216 1824 3395 1863 mane
3426 1808 3574 1863 vidit
3596 1808 3757 1865 Liam
3794 1825 3806 1863 :
3839 1814 3899 1865 et

2241 1896 2388 1952 dixit
2418 1896 2497 1951 ad
2526 1913 2800 1952 socerum
2837 1914 3013 1952 suum
3044 1914 3060 1953 :
3093 1896 3241 1962 Quid
3273 1904 3360 1952 est
3384 1897 3551 1969 quod
3576 1897 3767 1953 facere
3792 1913 3897 1953 vo-

2240 1984 2398 2040 luisti
2422 1984 2451 2038 ?
2480 2001 2678 2039 nonne
2702 2001 2808 2057 pro
2834 1986 3049 2041 Rachel
3072 1986 3283 2041 servivi
3304 1987 3407 2041 tibi
3430 1986 3457 2040 ?
3479 2001 3664 2058 quare
3704 1986 3902 2058 impo-

2244 2073 2407 2128 suisti
2436 2074 2579 2128 mihi
2610 2075 2638 2129 ?
2658 2075 2981 2146 Respondit
3013 2074 3215 2130 Laban
3250 2094 3260 2132 :
3297 2077 3423 2130 Non
3450 2080 3539 2130 est
3560 2074 3769 2130 inloco
3792 2090 3902 2130 no-

2244 2165 2365 2217 stro
2394 2163 2871 2228 consuetudinis,
2902 2168 2965 2219 ut
3005 2163 3271 2218 minores
3311 2169 3448 2219 ante
3478 2163 3790 2219 tradamus
3819 2164 3903 2219 ad

2243 2251 2501 2322 nuptias.
2526 2252 2706 2323 Imple
2719 2251 3168 2307 hebdomadam
3182 2252 3413 2307 dierum
3427 2252 3609 2321 hujus
3622 2252 3855 2325 copulae
3882 2269 3898 2308 :

2245 2343 2299 2394 et
2327 2339 2484 2395 hanc
2503 2356 2744 2412 quoque
2761 2340 2921 2396 dabo
2948 2340 3051 2395 tibi
3082 2356 3190 2413 pro
3229 2357 3407 2413 opere
3423 2356 3545 2413 quo
3573 2342 3904 2396 serviturus

2245 2443 2309 2483 es
2339 2427 2485 2483 mihi
2525 2433 2751 2499 septem
2784 2428 2957 2484 annis
3002 2428 3151 2483 aliis.
3201 2428 3508 2501 Acquievit
3540 2428 3759 2500 placito
3799 2446 3814 2481 :
3844 2433 3907 2485 et

2244 2515 2631 2571 hebdomada
2658 2521 2976 2581 transacta,
3005 2517 3222 2573 Rachel
3248 2516 3417 2573 duxit
3438 2534 3713 2573 uxorem.

2318 2605 2661 2673 Antiphona
2678 2611 2699 2659 1
2719 2650 2731 2662 .
2760 2609 2823 2660 In
2840 2611 3127 2662 aeternum
3146 2606 3560 2662 misericordia
3573 2606 3831 2672 Domini,
3847 2610 3912 2663 et

2249 2709 2438 2765 usque
2478 2695 2538 2749 in
2578 2694 2864 2750 saeculum
2894 2696 3113 2751 veritas
3155 2696 3308 2767 ejus.
3342 2696 3629 2752 Psatmus
3656 2711 3816 2751 xcrx.

2323 2782 2546 2839 Oratio.
2582 2783 2919 2839 Laudemus
2960 2785 3208 2840 Domine
3259 2799 3480 2840 nomen
3511 2788 3717 2854 tuum;
3744 2799 3914 2855 quo-

2249 2871 2415 2927 niam
2448 2872 2649 2927 suavis
2682 2888 2744 2927 es
2772 2890 2783 2925 :
2818 2877 2892 2937 et,
2926 2876 2991 2928 ut
3033 2889 3101 2927 os
3134 2862 3410 2929 nostrum
3441 2873 3554 2928 tuis
3584 2871 3917 2944 impleatur

2252 2959 2553 3025 affatibus,
2582 2976 2684 3017 cor
2701 2965 3092 3033 nostrumque
3111 2962 3356 3033 instiges
3380 2980 3392 3016 :
3411 2966 3509 3017 tua
3525 2962 3783 3033 proinde
3795 2976 3915 3017 nos

564 3055 629 3107 In
655 3051 767 3108 illis
804 3050 1016 3106 diebus
1052 3066 1063 3105 :
1094 3050 1396 3106 Profectus
1419 3049 1602 3105 Jacob
1632 3049 1796 3106 venit
1817 3049 1897 3107 ad
1924 3054 2142 3106 terram
2180 3079 2221 3136 ρ
2252 3054 2521 3121 protegat
2550 3050 2956 3107 misericordia
2981 3070 2993 3116 ;
3026 3067 3147 3123 qua
3169 3051 3508 3124 prolaetetur
3525 3066 3638 3107 nos
3658 3050 3721 3106 in
3742 3054 3916 3108 aeter-

493 3139 862 3199 orientalem.
895 3141 961 3195 Et
996 3138 1145 3194 vidit
1169 3142 1417 3209 puteum
1444 3138 1507 3193 in
1531 3153 1699 3207 agro,
1741 3146 1857 3195 tres
1902 3154 2145 3212 quoque

493 3244 703 3301 greges
731 3228 935 3284 ovium
974 3226 1339 3284 accubantes
1364 3226 1538 3297 juxta
1563 3242 1701 3281 eum
1734 3244 1747 3281 :
1780 3242 1923 3283 nam
1944 3244 2015 3283 ex
2044 3227 2144 3283 illo

492 3317 957 3391 adaquabantur
971 3330 1210 3387 pecora,
1229 3318 1363 3371 etos
1376 3315 1505 3386 ejus
1532 3314 1744 3385 grandi
1760 3315 1961 3388 lapide
1987 3316 2147 3372 clau-

492 3407 764 3465 dabatur.
787 3408 1028 3476 Mosque
1051 3407 1195 3469 erat,
1209 3407 1274 3460 ut
1288 3404 1515 3459 cunctis
1531 3403 1745 3460 ovibus
1767 3406 2143 3476 congregatis

493 3494 873 3553 devolverent
906 3492 1194 3566 lapidem,
1235 3496 1293 3548 et
1342 3492 1573 3549 refectis
1603 3493 1887 3564 gregibus
1935 3510 2144 3551 rursus

495 3598 670 3655 super
682 3598 750 3638 os
770 3582 929 3654 putei
955 3585 1264 3653 ponerent.
1291 3580 1565 3654 Dixitque
1578 3580 1657 3637 ad
1678 3586 1953 3654 pastores
1978 3600 1989 3638 :
2016 3585 2147 3641 Fra-

494 3677 631 3738 tres,
662 3669 822 3727 unde
837 3670 977 3727 estis
997 3671 1024 3726 ?
1045 3671 1155 3737 Qui
1172 3670 1645 3746 responderunt:
1676 3670 1758 3727 De
1787 3676 1968 3730 Aran.
1985 3674 2144 3738 Quos

494 3760 890 3830 interrogans.
922 3759 1223 3831 Nunquid,
1250 3760 1350 3827 ait,
1379 3760 1567 3816 nostis
1596 3760 1797 3817 Laban
1823 3760 2014 3817 ﬁlium
2036 3764 2144 3818 Na-

495 3850 689 3907 chor?
721 3848 1001 3905 Dixerunt
1032 3864 1043 3902 :
1078 3849 1383 3905 Novimus.
1428 3852 1698 3906 Sanusne
1728 3854 1816 3906 est
1844 3850 1872 3904 ?
1902 3850 2094 3922 inquit
2127 3867 2139 3906 :

495 3937 678 4001 Valet,
708 3936 989 4010 inquiunt
1022 3956 1035 3997 :
1064 3952 1200 3993 ecce
1228 3938 1445 3995 Rachel
1482 3938 1604 3995 ﬁlia
1637 3939 1766 4011 ejus
1803 3939 1967 3995 venit
2005 3954 2145 3996 cum

496 4042 675 4101 grege
713 4041 843 4083 suo.
887 4025 1158 4099 Dixitque
1195 4026 1380 4082 Jacoh
1413 4043 1427 4081 :
1469 4027 1678 4083 Adhuc
1727 4028 1985 4085 multum
2027 4028 2146 4086 diei

496 4120 783 4190 superest,
822 4131 931 4173 nec
960 4121 1052 4173 est
1073 4120 1307 4189 tempus
1348 4119 1410 4173 ut
1434 4116 1795 4174 reducantur
1832 4118 1911 4175 ad
1940 4118 2146 4176 caulas

496 4220 706 4279 greges
740 4221 753 4261 :
785 4204 923 4262 date
946 4210 1083 4263 ante
1110 4209 1324 4277 potum
1351 4203 1583 4275 ovibus,
1612 4208 1669 4261 et
1696 4205 1779 4260 sic
1798 4206 1877 4262 ad
1904 4211 2146 4279 pastum

496 4311 598 4353 eas
629 4294 912 4353 reducite.
961 4294 1071 4360 Qui
1113 4293 1548 4366 responderunt
1580 4310 1592 4348 :
1622 4297 1750 4351 Non
1799 4310 2141 4367 possumus,

495 4383 689 4441 donec
719 4383 926 4440 omnia
952 4397 1173 4455 pecora
1192 4389 1646 4453 congregentur,
1669 4387 1725 4439 et
1749 4398 2144 4442 amoveamus

493 4472 759 4546 lapidem
774 4472 850 4528 de
866 4487 967 4530 ore
984 4471 1166 4544 putei,
1193 4474 1257 4527 ut
1278 4470 1653 4544 adaquemus
1674 4488 1905 4545 greges.
1933 4473 2146 4530 Adhuc

493 4562 914 4635 loquebantur,
955 4566 1013 4617 et
1040 4576 1175 4617 ecce
1206 4562 1424 4618 Rachel
1453 4562 1732 4620 veniebat
1766 4579 1904 4618 cum
1927 4562 2145 4619 ovibus

494 4652 681 4726 patris
713 4652 804 4708 sui
833 4669 845 4708 :
875 4666 1020 4707 nam
1036 4666 1277 4722 gregem
1300 4652 1431 4723 ipsa
1455 4651 1759 4724 pascebat.
1789 4653 1980 4716 Quam
2004 4669 2144 4709 cum

493 4740 741 4799 vidisset
760 4740 964 4808 Jacob,
994 4745 1053 4796 et
1080 4743 1253 4798 sciret
1280 4740 1710 4799 consobrinam
1732 4758 1924 4807 suam,
1966 4758 2142 4800 oves-

494 4845 613 4903 que
624 4831 828 4887 Laban
838 4830 1119 4888 avunculi
1136 4831 1229 4887 sui
1242 4850 1254 4890 :
1272 4830 1498 4889 amovit
1510 4829 1773 4902 lapidem
1786 4846 1908 4904 quo
1926 4836 2143 4904 puteus

495 4917 900 4976 claudebatur.
926 4922 992 4977 Et
1010 4920 1313 4993 adaquato
1326 4935 1523 4991 grege,
1545 4919 1847 4976 osculatus
1862 4924 1949 4975 est
1964 4936 2100 4977 eam
2125 4938 2137 4976 :

493 5005 842 5079 elevataque
870 5024 1037 5075 voce,
1069 5009 1248 5077 ﬂevit,
1283 5014 1339 5066 et
1366 5008 1651 5066 indicavit
1688 5009 1740 5065 ei
1771 5008 1937 5081 quod
1966 5008 2143 5066 frater

493 5098 647 5153 esset
662 5095 1080 5168 patrisejus,et
1102 5097 1257 5153 ﬁlius
1284 5097 1563 5154 Rebecca:
1599 5115 1611 5151 :
1642 5101 1700 5154 at
1720 5096 1819 5154 illa
1852 5096 2141 5153 festinans

493 5183 1102 5258 nunciavitpatrisuo.
1125 5185 1386 5250 Quicum
1407 5185 1673 5242 audisset
1692 5186 1922 5243 venisse
1957 5186 2139 5244 Jacob

491 5274 684 5331 ﬁlium
700 5274 918 5333 sororis
935 5290 1080 5339 suae,
1098 5273 1355 5329 cucurrit
1373 5275 1616 5331 obviam
1636 5276 1689 5332 ei
1722 5295 1735 5333 :
1763 5276 2140 5349 complexus-

492 5380 610 5437 que
622 5380 783 5430 eum,
816 5364 943 5421 etin
964 5361 1169 5419 osculo
1184 5377 1384 5431 ruens,
1406 5362 1577 5421 duxit
1594 5365 1655 5421 in
1671 5366 1922 5423 domum
1942 5382 2134 5422 suam.

492 5452 721 5510 Auditis
738 5456 939 5511 autem
968 5451 1165 5509 causis
1183 5449 1424 5518 itineris,
1448 5454 1756 5525 respondit
1786 5471 1799 5511 :
1831 5455 1907 5511 Os
1932 5469 2137 5510 meum

492 5552 575 5603 es,
619 5548 675 5597 et
712 5557 853 5599 caro
883 5556 1040 5601 mea.
1073 5543 1139 5600 Et
1182 5544 1507 5617 postquam
1552 5540 1779 5615 impleti
1826 5546 1966 5600 sunt
2006 5542 2137 5599 dies

2253 3152 2401 3193 num
2431 3139 2641 3194 veritas
2676 3140 3011 3195 manifesta.
3050 3151 3120 3211 Bg.
3160 3145 3367 3197 Amen.

2324 3226 2433 3282 Per
2462 3227 2935 3284 misericordiam
2949 3270 2961 3283 .

2323 3316 2678 3386 Antiphona
2694 3322 2745 3372 2.
2774 3320 2925 3374 Bene
2945 3318 3222 3376 nunciate
3244 3319 3318 3375 de
3347 3318 3445 3376 die
3470 3318 3533 3376 in
3552 3318 3715 3376 diem
3748 3317 3917 3375 salu-

2253 3407 2375 3461 tare
2405 3406 2657 3462 Domini.
2701 3408 2980 3463 Psalmus
2996 3424 3132 3466 xcv.

2326 3494 2549 3550 Oratio.
2584 3498 2657 3551 Te
2680 3498 2865 3552 Deum
2882 3496 3193 3568 psallendo
3220 3496 3655 3566 benedicimus,
3679 3512 3750 3554 ac
3771 3513 3917 3570 pre-

2253 3596 2481 3650 camur,
2524 3588 2587 3640 ut
2615 3584 2779 3641 nullo
2796 3585 3107 3641 obstaculo
3137 3588 3173 3642 a
3204 3594 3304 3642 tuo
3327 3586 3759 3659 prohibeamur
3780 3586 3916 3642 ofﬁ-

2252 3672 2346 3728 cio
2379 3691 2393 3729 :
2412 3672 2635 3745 quique
2654 3689 2795 3729 vero
2808 3680 2861 3730 te
2876 3675 3194 3731 Dominum
3215 3676 3591 3745 conﬁtemur,
3606 3675 3781 3732 ditari
3807 3684 3915 3733 tuo

2252 3777 2500 3817 munere
2530 3762 2915 3833 indulgentiae
2947 3764 3300 3822 sentiamus.
3340 3776 3407 3837 Rt.
3440 3769 3650 3822 Amen.

2324 3854 2426 3907 Per
2462 3852 2954 3909 misericordiam.

2323 3941 2666 4010 Antiphona
2698 3945 2747 3997 3.
2783 3941 3011 3999 Liberet
3029 3958 3140 3998 nos
3161 3943 3409 4000 Domine
3438 3943 3687 4000 dextera
3703 3947 3830 4009 tua,
3850 3948 3912 4000 et

2252 4027 2567 4086 brachium
2600 4035 2875 4087 sanctum
2903 4035 3093 4087 tuum.
3119 4033 3400 4089 Psalmus
3429 4048 3602 4088 xcvu.

2325 4130 2395 4188 ﬁ.
2435 4120 2685 4184 Quaerite
2708 4119 3049 4190 Dominum,
3081 4120 3227 4176 dum
3249 4121 3499 4176 inveniri
3528 4124 3729 4192 potest
3767 4141 3779 4179 :
3811 4122 3907 4177 in-

2256 4211 2460 4263 vocate
2485 4224 2644 4274 eum,
2667 4207 2813 4264 dum
2827 4224 3013 4281 prope
3034 4214 3138 4266 est.
3170 4210 3549 4282 Derelinquat
3577 4210 3782 4265 omnis
3799 4210 3906 4265 im-

2253 4294 2389 4366 pius
2411 4296 2569 4351 viam
2590 4311 2781 4362 suam,
2803 4302 2857 4353 et
2876 4298 2963 4352 vir
2982 4298 3223 4369 iniquus
3244 4298 3631 4368 cogitationes
3649 4314 3811 4354 suas.
3836 4298 3905 4354 P.

2256 4385 2323 4439 Et
2348 4388 2670 4440 revertatur
2700 4386 3111 4457 unusquisque
3128 4390 3165 4441 a
3188 4387 3287 4442 via
3305 4402 3414 4442 sua
3428 4386 3612 4451 mala,
3639 4394 3697 4443 et
3723 4404 3759 4444 a
3776 4402 3909 4459 pes-

2256 4472 2421 4528 simis
2449 4473 2909 4543 cogitationibus
2939 4474 3088 4531 suis.
3129 4475 3194 4530 P.
3229 4478 3658 4532 Etrevertatur.
3687 4476 3754 4537 7V.
3780 4476 3912 4533 Glo-

2252 4562 2361 4628 ria,
2389 4567 2447 4618 et
2472 4563 2684 4619 honor.
2715 4565 3050 4620 Reiteretur
3079 4576 3141 4634 Rr.

2331 4652 2435 4722 17
2450 4652 2501 4721 2
2530 4652 2753 4708 Preces.
2770 4652 3047 4707 Dicamus
3066 4668 3307 4710 omnes:
3333 4655 3396 4709 Et
3412 4669 3621 4725 preces
3644 4657 3906 4719 nostras,

2252 4741 2520 4809 Domine,
2571 4740 2841 4812 placatus
2898 4741 3152 4797 attende.
3188 4743 3254 4796 P.
3288 4744 3353 4798 Et
3381 4742 3442 4797 in
3490 4740 3909 4798 misericordia

2250 4828 2510 4885 furorem
2541 4843 2803 4884 remove.
2830 4829 2895 4889 ἲν.
2933 4829 3257 4911 Benignus,
3291 4847 3361 4887 ea
3385 4848 3520 4904 quae
3564 4831 3906 4901 rogaberis,

2252 4917 2533 4981 concede,
2565 4923 2619 4973 et
2648 4917 3112 4991 postulationem
3142 4925 3428 4976 nostram.
3462 4920 3519 4975 P.
3544 4921 3611 4975 Et
3641 4921 3702 4975 in
3730 4920 3912 4976 mise-

2250 5006 2520 5065 ricordia.
2546 5006 2607 5065 ἲν.
2650 5007 2803 5062 Deus
2832 5012 3053 5073 noster,
3079 5008 3244 5079 aperi
3267 5008 3473 5064 oculos
3499 5013 3657 5072 tuos,
3679 5014 3736 5064 et
3764 5008 3907 5064 vide

2251 5096 2431 5167 mala,
2466 5111 2601 5169 quae
2622 5111 2731 5151 nos
2757 5096 3178 5167 comprimunt.
3204 5096 3266 5151 P.
3302 5099 3365 5152 Et
3384 5097 3443 5151 in
3462 5096 3908 5153 misericordia.

2250 5185 2311 5245 νιν.
2342 5184 2775 5254 Indulgentiam
2792 5189 3173 5257 peccatorum
3190 5191 3533 5241 nostrorum
3547 5186 3835 5249 concede.
3852 5194 3909 5243 et

2248 5272 2594 5344 lachrymas
2628 5274 3042 5345 paenitentum.
3082 5276 3145 5329 P.
3186 5277 3251 5330 Et
3278 5275 3337 5329 in
3370 5275 3807 5331 misericordia.

2319 5362 2616 5430 Hymnus.
2652 5364 2695 5418 Ο
2726 5364 3049 5431 Nazarene,
3072 5361 3193 5417 lux.
3226 5364 3607 5435 Requirefol.
3646 5367 3768 5419 144.

2320 5449 2544 5506 Oratio.
2569 5449 2797 5508 Liberet
2823 5467 2952 5515 nos,
2981 5451 3509 5520 Domine,dextera
3535 5456 3641 5511 tua
3673 5472 3687 5510 :
3716 5454 3907 5526 impe-

2246 5539 2455 5614 rioque
2484 5545 2587 5599 tuo
2610 5539 2778 5599 ﬂecte
2804 5542 3213 5613 arrogantium
3238 5542 3421 5600 corda
3449 5562 3461 5602 :
3491 5546 3557 5601 ut
3572 5547 3781 5615 gentes
3802 5559 3904 5601 ve-
