4102 6176
214 291 322 350 313

1397 287 1751 346 DOMINICA
1791 287 1813 341 Ι
1855 283 2458 354 QUADRAGESIME.

3529 300 3633 355 314

219 415 412 473 ritatis
444 414 704 470 adventu
725 413 1156 484 declarescant,
1197 419 1254 472 et
1281 420 1586 472 ostensam
1615 414 1872 471 salutem
1910 411 1955 464 A
1990 427 2026 467 a
2060 413 2290 469 civitate
2315 415 2424 472 ista
2445 418 2500 472 et
2529 416 2754 488 populo
2803 420 2926 474 tuo.
2974 419 3044 474 P.
3073 420 3221 484 Quia
3264 420 3404 492 pius
3460 435 3543 477 es.
3567 423 3628 483 ἲν.

223 507 423 562 cordis
454 504 789 560 humilitate
847 505 1200 576 suscipiant.

293 596 465 651 Pater
503 599 733 650 noster.

885 682 972 736 Ad
999 681 1236 739 Sextum

405 774 590 829 Lectio
621 771 766 827 libri
792 772 989 828 Esaia
1042 773 1348 844 Prophetas
1381 773 1542 843 (Cap.
1578 775 1689 843 33).

295 875 363 928 ἢ.
397 865 516 918 Deo
545 861 790 932 gratias.

296 953 543 1008 Domine
557 950 1037 1006 misererenostri
1068 971 1078 1008 :
1113 958 1165 1006 te
1179 951 1338 1007 enim
1373 951 1825 1023 expectavimus
1855 967 1867 1006 :

224 1046 350 1097 esto
367 1040 681 1096 brachium
703 1039 1056 1094 nostrumin
1079 1056 1274 1103 mane,
1301 1045 1355 1096 et
1374 1040 1538 1096 salus
1586 1044 1790 1095 nostra
1814 1037 1871 1091 in

222 1134 484 1200 tempore
516 1127 941 1183 tribulationis.
972 1129 1016 1180 A
1048 1144 1193 1183 voce
1225 1129 1432 1198 Angeli
1462 1129 1741 1198 fugerunt
1772 1141 1874 1198 po-

221 1218 364 1290 puli,
388 1223 445 1272 et
476 1217 555 1272 ab
585 1217 996 1288 expectatione
1031 1221 1135 1272 tua
1161 1217 1446 1288 dispersa:
1475 1222 1614 1272 sunt
1646 1222 1868 1285 gentes.

223 1306 293 1358 Et
311 1304 838 1373 congregabuntur
854 1305 1046 1376 spolia
1061 1312 1257 1362 vestra
1271 1307 1423 1361 sicut
1438 1305 1728 1376 colligitur
1741 1305 1872 1358 bru-

226 1392 399 1456 chus,
429 1393 587 1448 velut
618 1409 748 1447 cum
775 1392 948 1450 fossa
982 1393 1173 1464 plenae
1203 1395 1418 1449 fuerint
1446 1396 1514 1449 de
1545 1410 1634 1449 eo.
1659 1392 1875 1464 Magni-

220 1481 439 1536 ﬁcatus
457 1487 547 1536 est
577 1481 865 1536 Dominus
898 1484 1192 1554 quoniam
1224 1483 1590 1539 habitavitin
1616 1482 1866 1538 excelso:

211 1570 490 1641 implevit
545 1570 685 1626 Sion
720 1572 946 1641 judicio
986 1577 1042 1627 et
1077 1573 1324 1642 justitia.
1369 1576 1432 1629 Et
1475 1573 1582 1629 erit
1626 1573 1772 1627 ﬁdes
1811 1571 1870 1625 in

205 1659 589 1731 temporibus
607 1661 728 1714 suis
753 1679 765 1715 :
797 1660 1021 1716 divitiae
1036 1661 1240 1717 salutis
1273 1662 1578 1733 sapientiae
1602 1667 1657 1716 et
1683 1661 1868 1716 scien-

1988 505 2196 556 Averte
2222 504 2432 560 faciem
2463 510 2627 561 tuam
2658 523 2692 562 a
2743 507 3003 577 peccatis
3041 510 3256 564 nostris
3334 515 3389 565 et
3417 526 3627 567 omnes

1987 587 2327 661 iniquitates
2349 602 2582 650 nostras
2623 595 2772 650 dele.
2815 597 2883 651 P.
2932 596 3098 662 Quia.

2058 680 2335 748 Hymnus.
2369 685 2410 738 Ο
2440 686 2750 740 Nazarene.
2778 686 2895 753 fol.
2943 687 3060 740 144.

2059 768 2280 824 Oratio.
2311 772 2516 829 Exalta
2537 790 2721 830 cornu
2746 780 3042 839 nostrum,
3087 773 3350 844 Domine,
3371 775 3508 831 ﬁdei
3537 793 3631 833 ca-

1987 855 2213 913 tholicae
2246 861 2486 930 merito;
2519 867 2574 918 et
2602 879 2676 919 ne
2733 864 3062 920 maculetur
3093 880 3264 918 mens
3328 865 3621 936 superbiae

1984 947 2217 1014 morbo,
2251 965 2487 1018 gressus
2508 956 2744 1008 nostros
2784 969 2960 1024 super
2991 953 3202 1008 mundi
3235 954 3415 1023 hujus
3441 954 3631 1009 latitu-

1984 1033 2120 1088 dine
2145 1037 2333 1092 tribue
2347 1040 2655 1096 ambulare
2689 1057 2794 1096 :ne
2813 1042 2974 1096 noxii
3002 1042 3353 1096 incedamus
3371 1043 3430 1096 in
3463 1059 3626 1098 com-

1983 1123 2166 1194 pedes
2195 1144 2207 1192 ;
2233 1127 2336 1181 sed
2364 1129 2664 1184 humiliter
2693 1130 3002 1185 sentiendo
3060 1130 3137 1184 ad
3194 1131 3626 1202 plenitudinem

1987 1213 2111 1282 spei
2139 1214 2310 1268 nobis
2358 1217 2660 1272 condones
2712 1233 3053 1289 properare.

2054 1302 2894 1376 Paternoster,quiesincaelis
2929 1325 2941 1361 :
2978 1305 3375 1362 sanctiﬁcetur
3403 1321 3624 1362 nomen

1986 1391 2152 1445 tuum
2181 1407 2193 1445 :
2228 1391 2505 1449 adveniat
2531 1409 2784 1463 regnum
2815 1400 2984 1449 tuum
3019 1413 3031 1450 :
3065 1395 3169 1450 ﬁat
3197 1393 3471 1450 voluntas
3502 1399 3621 1450 tua.

2583 1482 2677 1537 Ad
2727 1484 3024 1550 Vesperos.

2049 1566 2280 1623 Lauda.
2313 1568 2408 1624 Sol
2438 1570 2678 1640 agnovit
2707 1586 3010 1627 occasum.
3055 1570 3308 1627 Posuisti
3332 1569 3622 1640 tenebras,

1981 1655 2035 1708 et
2055 1653 2210 1711 facta
2240 1661 2326 1711 est
2354 1673 2492 1712 nox.

207 1749 308 1805 tiae
345 1766 355 1803 :
392 1751 573 1805 timor
607 1751 845 1806 Domini
875 1751 1002 1822 ipse
1027 1752 1337 1807 thesaurus
1363 1757 1468 1807 est.
1503 1756 1645 1808 Ecce
1671 1751 1869 1806 viden-
1895 1772 1938 1826 Β
2049 1743 2336 1798 Dominus
2376 1745 2467 1800 Sit-
2499 1757 2562 1814 Βν·
2595 1748 2842 1801 Etcum-

211 1842 307 1892 tes
334 1838 853 1902 clamabuntforis,
883 1839 1157 1910 etAngeli
1177 1840 1337 1911 pacis
1376 1857 1579 1896 amare
1608 1839 1862 1894 ﬂebunt.

212 1927 520 1997 Dissipatae
546 1935 688 1983 sunt
704 1929 830 1994 viae,
855 1929 1110 1984 cessavit
1132 1929 1424 1984 transiens
1442 1945 1545 2000 per
1565 1929 1860 1993 semitam,

204 2015 438 2070 irritum
461 2016 688 2072 factum
719 2022 806 2072 est
835 2023 1100 2088 pactum,
1133 2018 1380 2088 projecit
1407 2018 1690 2081 civitates,
1742 2032 1863 2072 non

201 2105 505 2174 reputavit
532 2105 827 2160 homines.
857 2105 1044 2170 Luxit,
1076 2106 1416 2174 etelanguit
1445 2111 1600 2162 terra
1633 2105 1866 2161 :confu-

205 2209 315 2246 sus
346 2198 436 2247 est
468 2192 822 2262 Libanus,et
853 2193 1182 2259 obsorduit,
1239 2199 1297 2250 et
1326 2193 1517 2249 factus
1545 2198 1631 2250 est
1672 2193 1866 2252 Saron

205 2280 360 2335 sicut
388 2279 718 2339 desertum:
755 2287 810 2338 et
837 2299 1127 2338 concussa
1166 2288 1254 2339 est
1287 2285 1498 2349 Basan,
1531 2287 1584 2338 et
1635 2284 1864 2338 Carme-

201 2369 323 2424 lus.
360 2373 531 2425 Nunc
579 2387 871 2441 exurgam
910 2372 1052 2428 dicit
1084 2373 1368 2428 Dominus
1415 2388 1612 2428 :nunc
1648 2371 1864 2428 exalta-

197 2457 336 2523 bor,
364 2473 531 2513 nunc
563 2459 944 2518 sublevabor.
980 2473 1046 2531 Βι.
1109 2467 1324 2517 Amen.

278 2549 626 2618 Antiphone
654 2551 704 2606 1.
730 2551 838 2616 Qui
864 2551 1102 2621 diligitis
1142 2552 1477 2615 Dominum,
1532 2552 1690 2608 odite
1741 2565 1863 2605 ma-

196 2636 331 2692 lum
366 2657 378 2694 ;
416 2638 672 2693 custodit
692 2639 978 2694 Dominus
999 2641 1235 2696 animas
1263 2656 1572 2696 servorum
1587 2654 1855 2706 suorum,

203 2727 285 2780 de
311 2742 505 2781 manu
532 2728 862 2799 peccatoris
890 2727 1166 2784 liberavit
1220 2745 1338 2785 eos.
1411 2730 1681 2784 Psalmus
1705 2742 1859 2782 xcvx.

281 2815 510 2869 Oratio.
547 2817 720 2879 Deus,
749 2817 920 2887 cujus
943 2817 1001 2871 in
1057 2833 1244 2886 regno
1294 2817 1657 2873 credentium
1708 2819 1863 2870 terra

197 2900 436 2958 exultat
465 2903 974 2974 ;cujusjustitiam
1001 2905 1510 2960 cceliannuntiant
1536 2922 1548 2967 ;
1577 2901 1861 2973 cujusda-

197 2989 604 3045 minationem
616 2991 1255 3062 Angelorumlegiones
1277 2993 1528 3049 adorant
1557 3012 1566 3049 :
1607 2989 1859 3046 custodi-

201 3093 524 3133 servorum
545 3084 786 3135 tuorum
805 3081 1066 3148 animas;
1100 3097 1168 3137 ac
1182 3098 1255 3136 ne
1298 3081 1524 3153 peccati
1557 3084 1860 3135 auctorem

199 3170 527 3238 sequentes
564 3167 952 3234 intereamus,
988 3175 1048 3224 tu
1100 3168 1326 3237 libera;
1362 3175 1423 3224 tu
1474 3173 1713 3240 protege
1748 3185 1759 3221 :
1799 3171 1861 3221 tu

195 3270 505 3310 conserva
533 3273 543 3308 :
570 3261 653 3324 ut,
684 3272 822 3312 cum
850 3262 984 3312 ante
1010 3257 1224 3312 faciem
1249 3262 1412 3313 tuam
1442 3257 1595 3326 ignis
1613 3254 1860 3310 combu-

189 3358 333 3400 rens
367 3344 644 3415 praeierit,
679 3360 801 3400 non
841 3361 950 3400 nos
977 3346 1327 3401 meritorum
1384 3360 1566 3416 poena
1607 3358 1860 3398 exuren-

189 3432 307 3489 dos
339 3432 632 3505 accipiat;
663 3433 770 3488 sed
799 3433 1113 3491 clementia
1142 3435 1531 3498 creatoris,ut
1556 3433 1854 3496 vivamus,

191 3522 428 3594 eripiat.
476 3533 540 3592 ἢν.
581 3523 790 3577 Amen.

267 3611 379 3666 Per
401 3608 912 3667 misericordiam.

268 3701 616 3769 Antiphona
643 3705 694 3755 2.
727 3700 1137 3765 Beatiomnes,
1167 3699 1268 3771 qui
1294 3698 1856 3766 timentDominum,

200 3792 257 3843 et
278 3789 380 3859 qui
407 3787 728 3843 ambulant
758 3788 817 3843 in
851 3788 959 3842 viis
975 3788 1125 3857 ejus.
1153 3788 1423 3844 Psalmus
1462 3803 1646 3842 cxxvu

267 3877 492 3933 Oratio.
516 3877 692 3942 Deus,
717 3877 820 3949 qui
851 3877 1122 3932 timentes
1153 3883 1226 3944 te,
1261 3877 1468 3932 beatos
1522 3875 1858 3947 prophetali

191 3982 344 4022 voce
372 3967 767 4037 pronuntias;
792 3965 871 4022 da
895 3967 956 4020 in
974 3967 1152 4021 nobis
1199 3967 1284 4022 tui
1310 3965 1533 4020 amoris
1565 3964 1861 4036 obsequia

194 4053 574 4124 beneplacita
602 4058 664 4109 ut
693 4069 766 4109 ex
788 4053 902 4109 hoc
924 4054 984 4108 in
1009 4054 1117 4108 viis
1141 4054 1252 4108 tuis
1301 4052 1612 4107 ambulare
1634 4066 1745 4106 nos
1778 4051 1861 4106 fa-

198 4141 354 4196 cias.
391 4141 607 4212 Sitque,
637 4147 689 4198 te
720 4142 1116 4212 gubernante,
1149 4141 1319 4197 labor
1353 4144 1552 4195 noster
1578 4140 1692 4194 tuis
1724 4155 1859 4194 ocu-

202 4228 285 4284 lis
313 4227 603 4299 placitus;
633 4232 794 4302 cujus
820 4231 1046 4286 fructus
1112 4235 1378 4301 tempore
1439 4228 1861 4284 remuneratio-

196 4317 303 4373 nis
335 4316 623 4372 efﬁciatur
648 4319 1077 4376 suavissimus:
1103 4335 1172 4374 ac
1195 4317 1280 4373 sic
1302 4318 1474 4373 labor
1491 4317 1617 4388 ipse
1634 4317 1706 4372 de
1726 4317 1862 4372 cha-

191 4407 371 4461 ritate
397 4405 731 4474 studeatur,
762 4412 824 4462 ut
860 4407 1025 4478 apud
1060 4411 1111 4462 te
1136 4407 1332 4477 fruges
1363 4406 1416 4462 ei
1447 4407 1507 4461 in
1537 4404 1856 4461 beatitudi-
1889 4400 1936 4454 D

192 4510 275 4550 ne
311 4494 739 4550 recondantur.
780 4506 846 4563 Βι.
903 4501 1114 4551 Amen.

276 4583 386 4638 Per
415 4584 905 4640 misericordiam.

265 4673 615 4743 Antiphona
647 4677 698 4729 3.
736 4675 938 4744 Speret
974 4673 1154 4729 Israel
1197 4674 1256 4728 in
1325 4672 1597 4736 Domino,
1633 4687 1705 4726 ex
1735 4671 1848 4726 hoc

191 4777 364 4817 nunc
385 4768 442 4816 et
467 4777 665 4833 usque
711 4761 773 4816 in
803 4763 1108 4817 smoulum.
1145 4763 1415 4817 Psalmus
1434 4776 1606 4816 cxxx.

268 4863 332 4910 ἢ.
351 4852 761 4921 Deprecemur
775 4851 1116 4919 Dominum,
1130 4856 1183 4905 et
1214 4848 1522 4921 placabilis
1538 4848 1644 4903 erit
1659 4846 1854 4902 nobis.

193 4940 256 4994 P.
291 4943 357 4995 Et
376 4938 666 4994 exaudiet
685 4955 812 5004 nos,
847 4940 1288 4995 etmiserebitur
1310 4938 1505 4993 nobis.
1534 4937 1595 4996 il.
1632 4935 1855 5002 Venite,

192 5030 537 5085 exultemus
567 5029 852 5084 Domino:
881 5029 1206 5099 jubilemus
1219 5029 1335 5083 Deo
1352 5025 1596 5082 salutari
1627 5029 1853 5079 nostro.

198 5119 258 5171 P.
295 5121 358 5172 Et
389 5117 638 5173 exaudi.
674 5117 734 5174 ἲν.
763 5117 976 5182 Gloria,
1046 5121 1101 5172 et
1125 5118 1338 5172 honor.
1405 5115 1739 5170 Reiteretur
1781 5123 1847 5180 ﬁt.

269 5207 495 5263 Preces.
523 5206 806 5260 Dicamus
834 5222 1078 5261 omnes:
1113 5207 1313 5269 Parce,
1358 5203 1629 5270 Domine,
1656 5205 1713 5255 et
1752 5201 1857 5256 mi-

189 5311 416 5351 serere.
454 5297 520 5350 P.
552 5295 703 5360 Quia
755 5295 887 5365 pius
909 5311 990 5349 es.
1023 5295 1084 5352 Y.
1125 5295 1213 5350 Ad
1241 5299 1296 5349 te
1323 5293 1597 5348 levamus
1653 5289 1855 5345 oculos

179 5390 450 5449 nostros,
484 5384 589 5456 qui
621 5382 857 5440 habitas
896 5385 956 5440 in
986 5383 1172 5439 C(Blis.
1208 5384 1270 5436 P.
1301 5383 1451 5448 Quia
1476 5383 1611 5453 pius
1652 5395 1742 5435 es.
1778 5378 1845 5439 t7.

183 5473 448 5531 Salvum
473 5473 592 5542 fac,
635 5472 901 5538 Domine,
947 5472 1234 5545 populum
1286 5477 1481 5538 tuum,
1516 5475 1570 5528 et
1607 5467 1856 5526 benedic

185 5562 798 5622 hereditatemtuam.
827 5562 892 5618 P.
913 5563 1081 5629 Quia.
1113 5563 1176 5623 V.
1192 5567 1504 5620 Avertatur
1532 5561 1697 5619 furor
1717 5564 1854 5618 tuus

2047 1832 2414 1900 Antiphona.
2446 1834 2641 1904 Reple,
2667 1836 2842 1903 Deus,
2880 1833 3106 1904 gaudio
3138 1849 3204 1889 os
3229 1835 3502 1888 nostrum
3534 1835 3622 1888 :et

1974 1917 2179 1989 lingua
2196 1926 2398 1977 nostra
2436 1922 2496 1976 in
2527 1922 2903 1978 exultatione.
2959 1923 3237 1979 Psalmus
3269 1937 3440 1976 cxxv.

2045 2008 2329 2063 Dominus
2352 2011 2439 2064 sit.
2476 2022 2540 2080 Bt.
2571 2014 2634 2066 Et
2664 2015 2834 2066 Cum.

2044 2096 2275 2152 Lauda.
2323 2099 2516 2162 Quam
2560 2099 2761 2155 dulcia
2807 2098 3078 2155 faucibus
3105 2099 3243 2153 meis
3267 2099 3329 2153 Ρ.
3371 2097 3621 2169 Eloquia

1974 2187 2094 2252 tua,
2145 2186 2314 2256 173
2344 2203 2521 2258 super
2537 2187 2728 2243 melet
2749 2187 2954 2243 favum
2976 2188 3063 2242 ori
3091 2203 3250 2243 meo.
3279 2186 3346 2246 γ.
3377 2186 3466 2240 Ab
3497 2201 3621 2241 om-

1972 2273 2032 2327 ni
2054 2274 2149 2328 via
2177 2274 2336 2330 mala
2367 2276 2613 2345 prohibe
2661 2277 2846 2348 pedes
2908 2291 3118 2332 meos:
3163 2281 3227 2331 ut
3281 2275 3618 2331 custodiam

1972 2361 2157 2418 verba
2177 2368 2296 2420 tua.
2331 2366 2394 2419 P.
2429 2365 2697 2438 Eloquia.
2730 2366 2792 2427 )7.
2809 2366 3022 2437 Gloria,
3054 2370 3111 2422 et
3137 2366 3329 2422 honor
3369 2363 3615 2420 Patri.P.

1972 2449 2239 2523 Eloquia.

2649 2543 2940 2611 Hymnus.

2253 2628 2498 2696 Christe,
2521 2645 2854 2700 precamur,
2907 2642 3106 2684 annue
3139 2645 3153 2692 ;

2182 2714 2496 2787 Mistasque
2525 2733 2701 2772 voces
2723 2716 2960 2772 ﬂetibus

2184 2805 2427 2875 Semper
2453 2805 2751 2874 benignus
2777 2809 2833 2859 et
2874 2805 3010 2875 pius

2180 2897 2499 2949 Venturam
2526 2894 2589 2948 in
2617 2897 2854 2948 noctem
2887 2891 3154 2962 suscipe.

2251 2987 2326 3040 Te
2351 2982 2534 3038 corda
2553 2986 2755 3038 nostra
2774 2981 3076 3038 somnient
3105 2997 3117 3035 :

2179 3077 2252 3129 Te
2272 3089 2378 3145 per
2408 3087 2682 3143 scporem
2739 3071 2996 3127 sentiant
3029 3087 3042 3124 :

2180 3165 2485 3233 Tuamque
2511 3175 2747 3231 semper
2800 3158 3052 3229 gloriam

2183 3250 2383 3306 Vicina
2406 3249 2536 3304 luce
2596 3249 2931 3303 concinant.

2254 3339 2441 3393 Vitam
2463 3336 2768 3392 salubrem
2813 3335 3006 3390 tribue
3031 3351 3043 3388 :

2183 3430 2458 3482 Nostrum
2484 3425 2746 3480 calorem
2797 3421 2972 3477 reﬁce
2998 3437 3012 3485 ;

2180 3519 2412 3572 Tetram
2461 3514 2650 3570 noctis
2700 3511 3014 3580 caliginem

2182 3604 2426 3659 Claritas
2458 3606 2561 3659 tua
2590 3599 2925 3656 inluminet.

2251 3690 2501 3762 Hymnis
2542 3693 2681 3745 vota
2732 3685 3145 3759 persolvimus,

2178 3781 2513 3851 Vesperque
2543 3793 2781 3833 sacrum
2819 3774 3148 3848 poscimus,

2180 3869 2468 3926 Nostrum
2501 3866 2705 3922 delens
2760 3862 3248 3934 chirographum,

2179 3959 2489 4026 Tuumque
2527 3958 2818 4026 praestans
2892 3950 3142 4006 editum.

2251 4045 2366 4099 Deo
2392 4043 2548 4098 Patri
2577 4043 2648 4098 sit
2675 4041 2879 4111 gloria,

2183 4134 2441 4204 Ejusque
2474 4132 2582 4187 soli
2640 4131 2796 4188 Filio.

2185 4223 2399 4277 Sancto
2424 4219 2598 4274 simul
2628 4216 2913 4273 Paraclito

2183 4312 2244 4363 In
2285 4310 2642 4380 sempiterna
2693 4305 2928 4360 saecula.

2252 4401 2457 4452 Amen.

2037 4486 2431 4554 Supplicatio.
2462 4486 2726 4541 Oremus.
2762 4483 2967 4550 Quaere
2991 4481 3109 4550 fol.
3151 4481 3276 4537 138.

2041 4577 2645 4646 Capitula.Nonarum
2659 4573 2935 4628 horarum
2948 4569 3155 4641 spatiis
3168 4568 3346 4638 hujus
3362 4566 3476 4621 diei
3489 4565 3610 4634 jam

1966 4667 2240 4739 peractis,
2265 4662 2392 4730 tibi,
2422 4663 2807 4732 Omnipotens
2823 4661 2994 4718 Deus.
3031 4655 3387 4712 sacriﬁcium
3420 4651 3613 4708 reddi-

1968 4749 2800 4822 muslaudis,uthocjejunium
2815 4747 3262 4802 festumtuorum
3302 4742 3372 4796 sit
3406 4739 3603 4810 gaudi-

1967 4862 2060 4902 um
2074 4843 2442 4900 servulorum
2461 4857 2472 4894 :
2491 4845 2571 4909 ut,
2597 4839 2699 4909 qui
2715 4837 2819 4892 tibi
2836 4836 3242 4891 submittentes
3255 4831 3413 4887 colla
3429 4831 3607 4886 servi~

1965 4951 2122 5000 mus,
2151 4949 2187 4989 a
2207 4931 2432 4988 cunctis
2457 4927 2767 4984 diabolicis
2789 4924 3098 4980 fraudibus
3119 4936 3419 4977 eruamur.
3446 4924 3613 4978 Dona

1965 5023 2164 5094 itaque
2178 5020 2360 5076 servis
2377 5018 2490 5073 tuis
2504 5015 2847 5089 praesidium
2878 5011 3263 5077 indefessum,
3283 5016 3348 5067 ut
3378 5012 3494 5068 tuis
3523 5011 3608 5065 in-

1964 5110 2246 5167 haerendo
2260 5106 2550 5162 mandatis
2561 5149 2574 5172 ,
2588 5119 2709 5160 non
2723 5101 3139 5158 conturbemur
3151 5099 3230 5156 ab
3243 5101 3302 5156 in
3311 5101 3604 5161 sidiatore,

1966 5201 2069 5254 sed
2087 5206 2138 5251 te
2160 5210 2496 5250 mereamur
2521 5193 2741 5248 habere
2769 5192 2830 5246 in
2864 5190 3145 5246 omnibus
3184 5193 3603 5260 protectorem.

2038 5287 2208 5340 Pater
2245 5288 2463 5338 noster.
2483 5287 2528 5336 A
2560 5281 2721 5336 malo
2745 5297 2856 5336 nos
2904 5280 3108 5335 libera.
3139 5279 3250 5347 fol.
3278 5278 3362 5329 10.

2034 5372 2385 5429 Benedictio.
2410 5370 2695 5427 Dominus
2714 5372 2880 5426 Jesus
2894 5368 3179 5430 Christus,
3203 5361 3300 5432 qui
3316 5373 3420 5430 per
3445 5353 3609 5410 elea-

1965 5477 2284 5534 mosynam
2307 5459 2666 5532 etjejunium
2695 5457 2957 5527 extingui
2975 5451 3393 5518 dixitpeccata,
3427 5458 3610 5517 super

1962 5571 2072 5615 vos
2100 5550 2530 5612 benedictionis
2551 5566 2675 5607 suae
2704 5544 2990 5606 concedat
3005 5536 3279 5610 gratiam.
3306 5547 3374 5608 ni.
3398 5539 3608 5592 Amen.
