4102 6176
434 293 539 352 345

1681 277 2136 344 BBEVIARIUM
2175 277 2565 346 QDTHIGUM.

3727 271 3837 336 316.

437 422 507 479 Ut
535 430 639 491 per
665 414 876 488 jejunii
908 413 1352 483 cestigationem
1378 410 1603 473 diaboli
1625 409 1860 468 calcatis
1875 421 2077 478 supera
2104 407 2150 462 A
2181 421 2552 478 quaesumus,
2584 420 2620 462 a
2649 403 2828 464 nobis
2854 401 3202 491 iniquitates
3232 399 3289 491 et
3327 395 3555 491 scelera
3603 397 3834 491 nostra,

436 509 622 573 biam,
657 511 711 562 et
740 503 1087 561 humilitatis
1118 502 1322 558 Christi
1344 499 1807 573 apprehendatis
1842 497 2074 553 itinera.

435 609 500 666 It.
531 599 742 651 Amen.
770 598 851 648 Ac
877 595 1115 664 praestet
1142 591 1450 655 Dominus,
1482 593 1547 646 ut
1584 604 1690 661 per
1715 585 2077 643 distributio~

437 686 533 742 nis
573 685 1020 752 eleemosynam
1045 679 1354 751 praesentis
1382 679 1517 737 vitae
1537 676 1801 736 remedia
1829 679 1885 732 et
1912 673 2076 738 dona

440 769 1148 845 consequaminimterna.
1190 780 1260 839 ἢ.
1299 771 1505 826 Amen.

506 863 611 918 Per
637 858 1130 917 misericordiam.

509 950 734 1007 Lauda.
756 948 1023 1004 Miserere
1044 946 1238 1004 nobis.
1269 944 1658 1003 0ratio.Sicut
1686 955 1995 1000 servorum
2015 939 2077 998 in

437 1037 736 1096 manibus.
767 1037 872 1106 fol.
900 1036 1029 1093 170.

1133 1137 1382 1180 ΒΔΒΒΔΤΟ

1024 1212 1124 1269 Ad
1161 1212 1527 1281 Matutinum

508 1301 873 1374 Antiphona.
912 1301 999 1358 Tu
1028 1306 1228 1358 autem
1255 1300 1528 1358 Domine.
1593 1298 1819 1356 Oratio.
1863 1298 2080 1362 Quam-

438 1391 532 1448 vis
562 1391 832 1447 Domine.
850 1391 965 1460 fol.
1000 1393 1118 1447 141.

508 1481 918 1549 Antiphonat.
945 1479 1256 1538 Timebunt
1270 1481 1474 1551 gentes
1503 1491 1718 1534 nomen
1747 1478 1937 1541 tuum,
1971 1477 2080 1530 Do-

439 1568 597 1624 mine
611 1610 623 1622 .
655 1568 926 1623 Psatmus
953 1583 1024 1624 CI.

510 1657 715 1712 Oratio
769 1659 1004 1725 Exurge
1049 1659 1222 1724 Deus,
1275 1659 1330 1712 et
1385 1655 1656 1711 miserere
1696 1653 1881 1718 Sion;
1934 1651 2080 1723 quia

2181 498 2417 568 tuaeque
2437 511 2548 551 nos
2577 490 3014 552 benedictionis
3044 494 3100 550 et
3120 488 3284 562 pacis
3322 486 3622 553 infusione
3668 485 3839 549 locu-

2182 584 2359 655 pleta.
2391 596 2453 653 11v.
2522 587 2728 639 Amen.

2253 673 2360 728 Per
2390 670 2876 732 misericordiam,

2252 761 2350 816 Ad
2386 761 2758 820 Benedictus.
2781 757 3134 828 Antiphane
3154 794 3168 814 .
3186 753 3398 820 Emitte
3422 753 3622 816 lucem.
3641 754 3835 822 tuam,

2184 850 2450 915 Domine,
2483 854 2539 905 et
2566 850 2873 905 veritatem
2896 853 3064 903 tuam
3096 864 3110 901 :
3137 846 3215 902 P.
3280 847 3418 916 Ipsa
3446 857 3543 907 me
3574 841 3841 906 deduxe-

2182 943 2340 1008 runt,
2371 944 2428 1000 et
2447 939 2852 1010 perduxerunt
2875 937 2938 996 in
2961 937 3228 1000 montem
3258 935 3534 998 sanctum
3556 935 3754 995 tuum,
3783 933 3846 986 et

2183 1026 2245 1082 in
2273 1025 2731 1089 tabernaculum
2757 1029 2948 1082 tuum.

2259 1114 2583 1172 Canticum.
2616 1113 2988 1170 Benedictus.
3019 1111 3132 1182 fol.
3165 1109 3217 1174 6.
3245 1107 3473 1176 Lauda.
3526 1109 3587 1174 In
3611 1108 3850 1174 sanctis

2187 1203 2317 1274 ejus
2340 1202 2580 1264 laudate
2607 1201 2945 1258 Dominum.

2469 1290 2662 1355 Lectio
2707 1289 2844 1352 libri
2872 1289 3101 1346 Genesis
3127 1286 3314 1359 (Cap).
3344 1287 3550 1356 mm),

2259 1391 2328 1450 Br.
2359 1381 2480 1443 Deo
2507 1378 2748 1448 gratias.

2259 1472 2323 1528 In
2359 1468 2472 1531 illis
2504 1467 2716 1528 diebus
2750 1465 2930 1532 :Misit
2956 1465 3142 1530 Jacob
3179 1463 3434 1528 nuncios
3459 1465 3596 1524 ante
3649 1477 3713 1520 se
3756 1460 3845 1528 ad

2188 1558 2342 1614 Esau
2370 1556 2610 1621 fratrem
2625 1571 2803 1621 suum
2832 1555 2894 1610 in
2923 1558 3078 1616 terra
3110 1553 3253 1621 Seir,
3276 1552 3336 1616 in
3359 1551 3606 1622 regione
3624 1550 3837 1612 Edom.

2187 1645 2587 1717 praecepitque
2606 1645 2708 1712 eis,
2723 1643 2928 1699 dicens
2959 1660 2971 1697 :
2992 1641 3081 1698 Sic
3094 1641 3407 1714 loquimini
3433 1639 3677 1697 domino
3699 1653 3843 1698 meo

439 1747 670 1814 tempus
700 1743 1206 1800 miserendinobis
1226 1745 1466 1800 advenit
1497 1762 1509 1798 :
1560 1743 1788 1813 respice
1833 1742 1910 1798 ad
1941 1755 2078 1796 nos-
2110 1754 2156 1812 Β
2190 1737 2343 1796 Esau
2375 1750 2394 1787 ι
2427 1736 2557 1788 Haec
2588 1733 2726 1790 dicit
2765 1731 2942 1792 frater
2972 1734 3109 1786 tuus
3146 1729 3328 1796 Jecob
3363 1747 3374 1784 ε
3425 1727 3600 1799 ΑριΙά
3633 1726 3843 1790 Laban

439 1837 542 1890 ttae
568 1832 929 1904 paupertatis
971 1833 1301 1890 orationem
1348 1835 1709 1903 tuorumque
1763 1827 2078 1886 humilium

441 1922 796 1992 amplectere
829 1936 1088 1993 precem.
1141 1933 1203 1990 It.
1237 1925 1442 1978 Amen.

511 2011 621 2064 Per
650 2009 1140 2066 misericordiam.

510 2098 1210 2169 Antiphona2.Propitius
1226 2102 1350 2154 esto
1384 2095 1792 2170 iniquitatibus
1812 2095 2031 2151 nostris
2064 2113 2075 2152 :

441 2188 498 2242 et
524 2201 695 2252 sana,
723 2188 992 2251 Domine,
1023 2186 1347 2256 languores
1386 2190 1640 2242 nostros.
1676 2183 1942 2250 Psalmis
1972 2197 2070 2240 cn.

515 2275 740 2331 Oratio.
773 2275 1086 2332 Benedicat
1119 2279 1194 2340 te,
1235 2274 1506 2340 Domine,
1543 2274 1746 2330 anima
1762 2277 1965 2329 nostra
1989 2292 2002 2341 ;
2027 2274 2084 2327 et

441 2365 646 2420 omnia
660 2364 938 2420 interiora
957 2365 1088 2435 ejus
1114 2365 1174 2419 in
1204 2365 1322 2419 tuis
1359 2362 1640 2420 laudibus
1661 2362 2037 2418 conclamant
2063 2377 2077 2416 t

444 2457 509 2509 ut
531 2452 601 2509 ad
648 2454 950 2509 sanandos
980 2454 1300 2522 languores
1328 2455 1561 2508 nostros
1587 2452 1790 2507 audita
1818 2451 2082 2507 oratione

442 2556 766 2598 concurras
791 2559 807 2610 ;
835 2544 893 2596 et
921 2541 1101 2596 vitam
1115 2545 1388 2603 nostram
1423 2540 1498 2594 de
1529 2539 1765 2595 interitu
1788 2539 2080 2604 redimas;

441 2629 503 2683 in
527 2628 706 2684 bonis
717 2627 1078 2682 desiderium
1110 2630 1386 2684 nostrum
1409 2626 1590 2682 aties
1611 2643 1629 2696 ;
1654 2629 1712 2682 et
1737 2629 1943 2682 votum
1955 2641 2084 2698 per-

441 2715 692 2771 fectione
719 2729 987 2770 corones.
1019 2726 1082 2784 It.
1130 2714 1338 2770 Amen.

511 2806 617 2858 Per
650 2803 1143 2858 misericordiam.

513 2891 855 2960 Antiphona
881 2893 932 2944 3.
963 2890 1359 2958 Misericordia
1407 2890 1641 2949 Domini
1689 2905 1726 2946 a
1758 2890 1996 2957 smculo,
2029 2893 2085 2947 et

440 2995 633 3050 usque
651 2980 712 3034 in
731 2979 1014 3034 saeculum
1031 2996 1208 3052 super
1228 2981 1501 3036 timentes
1516 2994 1674 3035 eum.
1690 2979 1954 3035 Psalmus
1978 2995 2072 3035 cu.

445 3067 660 3119 Oratio.
693 3066 992 3120 Miserator
1041 3067 1307 3132 Domine,
1340 3071 1396 3122 et
1451 3067 1805 3132 misericors,
1853 3083 1928 3124 ne
1973 3068 2085 3124 ira-
2113 3101 2156 3158 ο

444 3152 628 3206 scaris
639 3151 815 3206 nobis
833 3153 895 3206 in
916 3151 1100 3208 ﬁnem
1124 3170 1137 3206 ε
1165 3152 1270 3214 sed
1281 3157 1576 3224 quantum
1597 3153 1773 3210 distat
1795 3155 1990 3210 oriens
2006 3155 2084 3212 ab

441 3254 680 3306 occasu,
697 3239 1070 3312 iniquitatem
1095 3239 1318 3296 anohis
1344 3254 1587 3296 omnem
1617 3240 1828 3310 elonga
1847 3257 1862 3307 ;
1882 3246 1938 3298 et
1955 3243 2084 3312 jux-

441 3330 501 3384 ta
528 3327 899 3384 altitudinem
921 3327 1053 3382 coeli
1083 3343 1122 3383 a
1150 3330 1306 3384 terra
1342 3331 1507 3384 tuam
1546 3327 1607 3383 in
1658 3328 1834 3385 nobis
1860 3330 2084 3386 miseri-

441 3415 706 3473 cordiam
745 3416 954 3472 dilata.
1008 3426 1075 3485 Bg.
1125 3418 1335 3472 Amen.

508 3503 621 3558 Per
661 3503 1152 3559 misericordiam.

511 3601 576 3658 Bg.
595 3591 990 3662 Deprecemur
1005 3591 1347 3661 Dominum,
1365 3591 1626 3650 dicentes
1658 3609 1670 3648 :
1697 3592 2082 3651 Peccavimus

437 3676 562 3744 tibi,
585 3677 740 3732 Deus
772 3698 784 3736 :
817 3679 880 3734 P.
920 3679 1267 3737 Patientiam
1295 3681 1454 3746 habe
1478 3680 1539 3740 in
1562 3681 1757 3753 nobis,
1797 3689 1854 3739 et
1881 3683 2084 3755 propi-

440 3764 584 3820 tiare
621 3765 682 3820 in
702 3766 898 3836 malls,
921 3783 1055 3840 quas
1083 3768 1352 3841 quotidie
1371 3769 1726 3830 aderescunt
1741 3785 1919 3842 super
1948 3787 2078 3827 nos.

439 3852 500 3912 3?.
528 3852 859 3910 Defecimus
887 3855 950 3911 in
973 3856 1061 3925 ira
1096 3861 1221 3923 tua,
1279 3860 1335 3913 et
1387 3858 1449 3916 in
1498 3857 1697 3916 furore
1748 3859 2082 3918 eonturbati

441 3957 672 3998 sumus.
707 3944 1162 4002 P.Patientiam.
1195 3957 1258 4015 at.
1293 3945 1504 4012 Gloria,
1564 3950 1621 4004 et
1647 3947 1854 4004 honor.

1041 4034 1113 4088 In
1158 4033 1483 4094 Laudibus.

507 4120 879 4189 Antiphona.
911 4123 1020 4178 Cor
1041 4121 1361 4179 contritum
1384 4123 1441 4178 et
1475 4121 1876 4194 bumiliatum,
1903 4125 2079 4193 Deus,

439 4222 516 4263 ne
548 4207 862 4279 despicias.
895 4209 1160 4265 Psalmus
1188 4225 1240 4265 L.

512 4295 709 4350 Oratio
721 4337 734 4351 .
755 4295 920 4351 Hunc
932 4296 1258 4368 psalmum,
1275 4295 1777 4366 medicaminibus
1793 4299 2084 4369 paeniten-

439 4383 531 4438 tite
557 4382 820 4458 plenum,
835 4384 1080 4440 vocibus
1107 4383 1206 4440 tibi
1230 4384 1478 4440 Domine
1507 4384 1714 4455 lingua
1732 4392 1937 4444 nostra
1961 4404 2083 4460 per-

440 4470 771 4526 solvimus:
809 4472 1328 4544 postulamusqne,
1384 4477 1448 4533 ut
1492 4473 1664 4534 sicuti
1713 4477 1896 4536 David
1948 4482 2085 4549 post

440 4559 586 4624 Urim
614 4559 830 4626 Cethesi
858 4561 1216 4630 sanguinem
1245 4559 1466 4624 fusum,
1496 4576 1602 4633 per
1631 4578 1734 4622 cor
1763 4567 2083 4624 contritum

439 4651 495 4704 et
531 4647 910 4704 humiliatum
925 4649 1142 4704 diluisti
1165 4649 1506 4713 commissa;
1565 4651 1649 4712 ita
1678 4667 1920 4724 quoque
1947 4669 2085 4716 nos-

437 4738 530 4792 tra
571 4737 819 4792 Domine
846 4736 1024 4794 simili
1053 4736 1452 4798 satisfactione
1482 4737 1730 4811 dignare
1770 4745 2082 4812 amputare

439 4828 703 4893 peccata.
745 4835 808 4892 It.
841 4828 1037 4882 Amen.

508 4912 617 4968 Per
640 4913 1110 4974 misericordiam

509 5000 888 5067 Antiphona.
910 5005 990 5060 Ne
1014 5002 1372 5062 extermines
1404 5001 1641 5074 plebem
1671 5007 1855 5074 tuam,
1889 5005 2082 5072 Domi-

438 5099 533 5150 ne,
566 5089 623 5142 et
645 5086 1031 5147 hereditatem
1055 5094 1244 5153 tuam,
1274 5106 1462 5162 quam
1513 5091 1795 5156 liberesti.

510 5175 848 5236 Canticum.
883 5177 1150 5244 Domine.
1185 5179 1431 5238 Domine
1452 5195 1555 5240 rex
1575 5181 1847 5246 deorum.
1883 5183 2086 5254 nequis

439 5280 505 5320 re
528 5266 640 5333 fol.
678 5270 797 5323 103.

519 5353 691 5424 174
725 5353 950 5414 Oratio.
976 5352 1273 5414 Universae
1293 5354 1490 5414 carnis
1523 5355 1754 5426 spiritui
1768 5359 2085 5425 fortissime

441 5447 510 5490 ac
533 5437 871 5503 misericors
889 5439 1060 5504 Deus,
1076 5435 1420 5516 propitiare.
1456 5452 1797 5509 quaesumus
1826 5443 2087 5512 suniver,

448 5519 604 5588 sitat:
621 5523 896 5596 Emissis:
915 5528 1029 5593 tum
1060 5522 1279 5594 dimitte
1299 5528 1544 5598 peccata
1560 5529 1835 5599 omnium
1863 5528 2082 5602 mufen

2187 1821 2596 1892 peregrinatus
2613 1835 2767 1885 sum,
2797 1817 2950 1883 etfui
2975 1833 3166 1890 usque
3188 1818 3246 1874 in
3271 1819 3627 1889 priesentem
3653 1814 3844 1872 diem.

2188 1909 2388 1965 Habeo
2415 1906 2930 1976 boves,etasinos,
2949 1909 3006 1961 et
3031 1921 3192 1973 oves,
3218 1911 3275 1970 et
3313 1920 3540 1972 servos,
3569 1908 3624 1960 et
3653 1902 3845 1966 ancile

2187 1997 2609 2068 1as;mittoque
2623 2011 2783 2056 nunc
2799 1994 3163 2064 legationem
3179 1994 3256 2060 ad
3276 1993 3593 2058 dominum
3613 2007 3846 2064 meum,

2189 2089 2253 2141 ut
2279 2086 2581 2144 inveniam
2611 2085 2865 2154 gratiam
2891 2084 2951 2140 in
2980 2087 3303 2156 conspectu
3334 2088 3460 2138 tuo.
3491 2082 3848 2153 Reversique

2191 2177 2331 2238 sunt
2357 2174 2558 2238 nuncii
2588 2173 2665 2238 ad
2685 2173 2888 2236 Jacob,
2917 2171 3184 2228 dicentes
3222 2189 3232 2228 :
3269 2171 3559 2235 Venimus
3582 2170 3661 2234 ad
3685 2172 3848 2236 Esau

2189 2264 2430 2329 fratrem
2456 2267 2643 2330 tuum,
2676 2266 2732 2322 et
2756 2276 2890 2320 ecce
2918 2263 3197 2333 properat
3224 2260 3285 2315 in
3315 2274 3634 2326 occursum
3657 2264 3837 2324 tuum

2190 2368 2327 2415 cum
2350 2349 2800 2423 quadringentis
2830 2349 2986 2415 viris.
3031 2348 3243 2415 Timuit
3297 2347 3484 2411 Jacob
3533 2347 3749 2412 valde:
3786 2352 3847 2412 et

2188 2442 2529 2513 perterritus
2557 2439 2763 2495 divisit
2797 2439 3090 2513 populum
3104 2439 3203 2511 qui
3223 2453 3428 2502 secum
3449 2440 3600 2502 erat,
3630 2452 3847 2508 greges

2189 2545 2430 2602 quoque
2446 2531 2504 2586 et
2521 2543 2663 2588 oves
2687 2532 2743 2584 et
2765 2527 2964 2592 boves,
3003 2531 3059 2592 et
3119 2527 3401 2600 cameIOS,
3433 2526 3496 2590 in
3525 2526 3679 2591 duas
3719 2531 3845 2588 tur-

2189 2635 2346 2687 mas.
2371 2618 2574 2682 dicens
2615 2635 2628 2672 :
2657 2617 2713 2680 Si
2734 2617 3131 2682 veneritEsau
3158 2617 3237 2673 ad
3265 2631 3451 2683 unam
3467 2620 3754 2684 turmam,
3784 2620 3845 2680 et

2189 2706 2544 2778 percusserit
2559 2722 2712 2772 eam,
2733 2705 2849 2762 alia
2867 2709 3082 2772 turma,
3097 2721 3234 2780 quis
3255 2704 3486 2778 reliqua
3507 2709 3616 2774 est,
3643 2703 3843 2770 salva.-

2189 2795 2367 2861 bitur.
2395 2794 2665 2868 Dixitque
2681 2794 2883 2852 Jacob:
2917 2797 3069 2849 Deus
3089 2794 3273 2866 patris
3295 2793 3412 2852 mei
3433 2792 3760 2862 Abraham,
3782 2797 3842 2858 et

2191 2885 2348 2949 Deus
2368 2885 2553 2957 patris
2584 2885 2886 2950 meilsaac
2915 2901 2927 2940 :
2963 2883 3209 2950 Domine
3256 2883 3362 2956 qui
3421 2883 3617 2948 dixisti
3650 2883 3802 2950 mihi
3830 2900 3842 2950 ς

2191 2976 2494 3040 Revertare
2533 2973 2593 3029 in
2618 2977 2836 3038 terram
2876 2977 3064 3038 tuam,
3116 2977 3172 3039 et
3201 2972 3264 3038 in
3292 2971 3476 3038 locum
3505 2971 3846 3037 nativitatis

2191 3066 2400 3132 tuas,et
2415 3061 2786 3128 benefaciam
2807 3061 2911 3120 tibi
2934 3062 3158 3126 :minor
3188 3077 3321 3126 sum
3344 3059 3568 3125 cunctis
3586 3059 3843 3126 misera..-

2191 3150 2452 3215 tionibus
2477 3150 2611 3226 tuis,
2645 3155 2700 3206 et
2723 3150 2962 3216 veritate
3025 3153 3125 3208 tua
3153 3165 3339 3221 quam
3360 3149 3609 3221 explesti
3663 3163 3845 3214 servo

2189 3243 2314 3305 tuo.
2345 3241 2408 3304 in
2433 3238 2648 3303 baculo
2699 3253 2836 3304 meo
2895 3237 3140 3304 transivi
3185 3237 3512 3304 Jordanem
3542 3237 3708 3302 istum
3740 3254 3751 3301 ;
3783 3241 3844 3300 et

2188 3341 2350 3385 nunc
2369 3342 2508 3391 eum
2532 3326 2771 3391 duabus
2816 3326 3025 3382 turmis
3069 3325 3395 3396 regredior.
3451 3328 3600 3390 Erue
3629 3341 3723 3391 me
3765 3325 3847 3392 de

2188 3430 2375 3482 manu
2399 3415 2595 3478 fratris
2625 3415 2742 3472 mei
2772 3418 2943 3482 Esau,
2977 3415 3082 3487 qui
3104 3414 3278 3481 valde
3336 3430 3476 3479 eum
3522 3415 3702 3482 timeo
3728 3434 3742 3476 ε
3767 3428 3848 3481 ne

2187 3504 2337 3558 forte
2366 3504 2610 3558 veniens
2631 3504 2924 3574 percutiat
2945 3508 3198 3559 matrem
3227 3518 3363 3560 cum
3419 3502 3578 3570 tiliis.
3641 3505 3725 3569 Tu
3755 3502 3844 3570 19-.

2187 3595 2361 3645 cutus
2381 3606 2442 3646 es
2455 3591 2621 3662 quod
2641 3591 3020 3648 benefaceres
3050 3591 3221 3662 mihi,
3243 3597 3298 3658 et
3317 3589 3534 3658 dilatat
3545 3606 3606 3656 es
3630 3605 3841 3657 semen

2189 3694 2390 3744 meum
2421 3679 2571 3745 sicut
2601 3695 2850 3747 arenam.
2891 3680 3085 3750 meris.
3126 3695 3264 3752 quae
3301 3694 3425 3751 pres
3454 3679 3844 3746 multitudine

2187 3768 2490 3834 numerari
2516 3783 2638 3835 non
2669 3774 2881 3841 potest.
2919 3771 3185 3840 Cumque
3209 3768 3531 3835 dormisset
3555 3768 3638 3834 ibi
3669 3771 3846 3835 nocte

2189 3856 2308 3922 illa,
2339 3858 2636 3930 separavit
2655 3857 2730 3922 de
2760 3858 2850 3922 his
2880 3873 3014 3930 quas
3043 3857 3329 3924 habebat.
3382 3873 3638 3925 munera
3684 3859 3850 3925 E5841

2190 3944 2349 4012 ἵνα(νὶ
2379 3960 2508 4014 δυο,
2541 3961 2753 4017 capras
2770 3946 3077 4013 ducentas,
3101 3945 3298 4012 hircus
3314 3945 3542 4015 visinti.
3564 3961 3709 4012 oves
3739 3945 3852 4011 due

2191 4037 2410 4101 cantas,
2438 4039 2494 4092 et
2513 4035 2724 4100 arietes
2750 4034 2969 4103 viginti,
3006 4033 3272 4098 camelos
3293 4033 3467 4101 iratas
3491 4050 3634 4096 cum
3664 4033 3851 4106 pullis

2190 4121 2313 4176 suis
2339 4121 2598 4190 triginta,
2622 4137 2836 4183 vaccas
2857 4121 3276 4195 quadraginta.
3306 4127 3364 4188 et
3383 4126 3580 4187 tauros
3601 4120 3840 4192 viginti.

2189 4210 2392 4276 asinas
2427 4209 2652 4279 viginti,
2680 4214 2737 4268 et
2776 4209 2968 4282 pullos
2995 4225 3203 4274 earum
3221 4210 3450 4268 decem.
3468 4213 3534 4267 Et
3563 4210 3730 4268 misit
3747 4224 3857 4282 per

2188 4313 2409 4358 manus
2429 4313 2738 4356 servorum
2761 4314 3010 4367 suorum
3033 4299 3301 4370 singulos
3323 4313 3596 4362 seorsum
3610 4313 3844 4370 greges,

2188 4386 2448 4456 dixitque
2477 4387 2676 4458 pueris
2695 4387 2822 4442 suis
2867 4408 2879 4443 :
2907 4387 3248 4453 Antecedite
3265 4403 3360 4454 me
3390 4387 3845 4459 ;etsitspatium

2190 4475 2340 4530 inter
2360 4488 2624 4545 gregem,
2642 4479 2699 4530 et
2720 4489 2980 4546 gregem,
3001 4477 3067 4538 Et
3085 4476 3584 4551 praecepit'priori,
3600 4476 3812 4532 dicens
3835 4493 3848 4527 :

2192 4563 2248 4617 Si
2267 4561 2511 4616 obvium
2525 4561 2806 4618 habueris
2821 4563 3063 4618 fratrem
3077 4579 3280 4630 meum
3307 4565 3459 4618 Esau
3478 4568 3562 4620 :et
3583 4563 3845 4630 interro-

2191 4649 2417 4720 gaverit
2434 4655 2511 4718 te,
2526 4650 2706 4720 Cujus
2725 4665 2789 4704 es
2816 4651 2843 4706 ‘I
2857 4656 2977 4718 aut,
2995 4653 3121 4716 Quo
3134 4651 3308 4717 vadis
3325 4651 3352 4707 ‘I
3369 4656 3491 4718 aut,
3510 4652 3696 4722 Cujus
3708 4656 3846 4708 sunt

2188 4738 2304 4794 ista
2327 4753 2457 4809 quae
2489 4738 2798 4810 sequeris?
2838 4739 3230 4810 respondebis
3264 4759 3277 4800 ;
3311 4740 3474 4796 Servi
3504 4740 3594 4804 tui
3630 4739 3835 4807 Jacob,

2189 4839 2440 4890 munera
2463 4826 2884 4890 misitdomino
2915 4842 3023 4892 suo
3049 4829 3207 4892 Esau
3245 4846 3258 4880 :
3286 4827 3411 4899 ipse
3442 4842 3693 4900 quoque
3712 4831 3850 4901 post

2187 4928 2300 4976 nos
2330 4913 2507 4980 venit.
2533 4913 2810 4969 Similiter
2840 4914 3003 4972 dedit
3029 4915 3315 4982 mandata
3346 4914 3642 4986 secundo,
3670 4921 3729 4971 et
3742 4920 3838 4971 ter-

2188 5000 2592 5068 tio,etcunctis
2604 5003 2703 5074 qui
2718 5001 3120 5074 sequebantur
3132 5018 3364 5078 greges,
3381 5002 3584 5065 dicens
3608 5020 3621 5054 :
3644 5003 3849 5068 iisdem

2191 5090 2388 5158 verbis
2418 5090 2732 5164 loquimini
2754 5091 2830 5147 ad
2859 5094 3185 5158 Esau,cum
3215 5091 3557 5158 inveneritis
3591 5107 3754 5160 eum.
3786 5094 3854 5147 Et

2191 5179 2464 5244 addetis:
2506 5183 2638 5252 Ipse
2668 5195 2911 5254 quoque
2953 5195 3160 5240 servus
3197 5184 3335 5240 tuus
3375 5180 3558 5242 Jacob
3601 5181 3710 5246 iter
3747 5196 3859 5244 no-

2192 5271 2381 5330 strum
2400 5267 2732 5339 insequitur
2748 5286 2759 5320 :
2775 5268 2917 5323 dixit
2961 5268 3121 5322 enim
3148 5268 3435 5336 ;Placabo
3459 5267 3629 5336 illum
3644 5285 3857 5334 mune.-

2191 5354 2357 5408 ribus
2378 5369 2512 5426 quae
2526 5355 2889 5426 praecedunt,
2917 5361 3191 5430 etpostca
3211 5357 3428 5412 videbo
3463 5355 3659 5425 illum,
3683 5357 3856 5426 torsi.-

2195 5446 2253 5498 ta
2265 5456 2303 5508 η
2336 5441 2752 5518 propitiabitur
2764 5445 3358 5514 mihi.Pr8es.e.sserunt
3375 5446 3580 5528 itaque
3595 5461 3856 5518 munera

2200 5533 2335 5598 ante
2363 5545 2521 5608 cum,
2556 5530 2682 5612 ipse
2722 5548 2861 5594 vero
2886 5535 3107 5602 mansit
3147 5538 3318 5604 nocte
3352 5533 3454 5604 ωλι
3505 5534 3571 5604 in
3610 5535 3848 5600 castris.
