4102 6176
158 46 235 63 J—

202 261 309 317 31?
1388 258 1738 323 DOMlNiCA
1778 260 1800 317 ἰ
1844 275 1848 306 ι

1967 257 2456 325 tDﬂAGESIM/E.
3512 266 3620 340 318

203 390 482 459 Cumque
500 387 734 442 mature
757 385 1122 451 surrexisset,
1148 390 1277 447 tulit
1297 390 1448 447 duas
1486 402 1699 445 uxores
1730 401 1869 451 suas
1900 386 1946 443 A
1976 386 2141 443 niam
2172 392 2427 459 gratiam
2453 392 2513 447 in
2530 393 2851 465 conspectu
2871 394 2994 461 tuo,
3023 394 3258 451 domine
3278 392 3381 450 mi.
3405 395 3613 451 Rever-

204 481 261 533 et
295 475 541 533 totidem
559 475 844 538 famulas,
873 491 1009 532 cum
1034 479 1313 534 undecim
1335 478 1489 545 ﬁliis,
1513 484 1569 534 et
1598 475 1873 537 transivit
1978 490 2079 529 sus
2112 482 2197 533 est
2227 479 2427 551 itaque
2457 482 2556 539 illo
2587 482 2681 541 die
2714 484 2866 541 Esau
2890 481 3112 547 itinere,
3141 499 3261 554 quo
3289 487 3527 539 venerat
3550 482 3613 538 in

203 566 430 622 vadum
461 565 722 623 Jaboch.
753 565 1175 639 Traductisque
1206 569 1486 624 omnibus
1515 582 1652 640 quas
1698 565 1777 623 ad
1805 580 1869 619 se
1980 563 2121 619 Seir.
2148 568 2210 619 Et
2232 566 2411 623 Jacob
2437 570 2595 624 venit
2620 570 2679 624 in
2709 570 2952 626 Socoth:
2980 569 3080 624 ubi
3109 570 3398 637 aediﬁcata
3426 572 3611 637 domo

206 654 607 727 pertinebant,
640 655 862 710 mansit
898 655 1060 711 solus
1096 677 1106 714 :
1150 661 1208 713 et
1234 673 1368 713 ecce
1395 657 1480 712 vir
1524 654 1863 713 luctabatur
1976 656 2030 709 et
2053 653 2185 717 fixis
2222 658 2501 725 tentoriis,
2542 659 2982 731 appellavitque
3017 674 3238 725 nomen
3280 659 3392 725 loci
3435 661 3610 731 illius,

204 760 346 800 cum
372 758 444 798 eo
467 758 659 815 usque
680 745 1000 811 mane.Qui
1023 761 1159 801 cum
1178 746 1401 802 videret
1416 745 1581 817 quod
1601 760 1738 801 eum
1757 758 1867 799 su-.

206 848 421 905 perare
442 848 562 901 non
586 837 821 905 posset,
849 834 1038 904 tetigit
1078 850 1323 891 nervum
1367 834 1609 892 femoris
1637 834 1787 903 ejus,
1811 835 1867 899 at

208 922 412 979 statim
433 922 741 987 emarcuit.
766 923 1030 995 Dixitque
1059 924 1136 979 ad
1153 940 1319 980 eum:
1348 925 1576 979 Dimitte
1604 938 1716 987 me,
1737 922 1865 991 jam

204 1010 371 1067 enim
396 1010 664 1067 ascendit
690 1026 929 1067 aurora.
954 1012 1285 1084 Respondit
1313 1032 1325 1068 :
1351 1013 1477 1069 Non
1494 1012 1787 1068 dimittam
1810 1014 1863 1070 te

204 1100 321 1155 nisi
354 1100 731 1165 benedixeris
760 1100 925 1156 mihi.
970 1102 1061 1157 Ait
1085 1118 1227 1173 ergo
1266 1120 1278 1158 :
1322 1101 1493 1169 Quod
1518 1105 1608 1158 est
1640 1115 1862 1157 nomen

206 1188 355 1244 tibi?
374 1188 739 1259 Respondit:
766 1190 970 1246 Jacob.
991 1194 1062 1247 At
1087 1190 1204 1257 ille,
1233 1195 1626 1263 Nequaquam
1649 1189 1859 1261 inquit,

199 1276 394 1333 Jacob
415 1277 811 1349 appellabitur
853 1293 1075 1335 nomen
1112 1284 1306 1345 tuum,
1332 1280 1437 1335 sed
1467 1277 1648 1334 Israel
1677 1296 1690 1334 :
1716 1292 1858 1349 quo-

202 1366 377 1421 niam
392 1365 445 1421 si
459 1370 659 1423 contra
670 1367 854 1423 Deum
870 1366 1036 1423 fortis
1052 1367 1233 1433 fuisti,
1268 1371 1493 1440 quanto
1509 1367 1701 1437 magis
1725 1380 1861 1431 con:

204 1457 303 1508 tra
325 1453 598 1511 homines
624 1455 975 1525 prmvalebis
992 1457 1019 1511 ?
1051 1456 1433 1527 Interorgavit
1461 1470 1600 1510 eum
1627 1454 1810 1510 Jacob
1840 1469 1853 1509 ς

203 1540 311 1596 Dic
339 1541 507 1611 mihi,
533 1558 656 1613 quo
679 1544 1001 1615 appellaris
1034 1546 1275 1601 nomine
1294 1545 1321 1599 ?
1342 1544 1669 1616 Respondit
1697 1560 1709 1599 ε
1745 1542 1859 1599 Cur

198 1630 423 1701 quaeris
442 1645 666 1687 nomen
691 1647 917 1697 meum,
940 1633 1106 1705 quod
1131 1638 1222 1689 est
1254 1633 1524 1689 mirabile
1543 1631 1571 1687 7
1592 1636 1658 1688 Et
1681 1632 1861 1689 bene-.-

198 1718 347 1774 dixit
362 1719 415 1773 ci
434 1719 495 1774 in
512 1720 731 1776 eodem
746 1720 899 1777 loco.
923 1723 1287 1793 Vocavitque
1311 1722 1491 1777 Jacob
1508 1737 1729 1777 nomen
1745 1721 1859 1779 loci
1895 1724 1939 1782 Β

196 1806 360 1862 illius
391 1809 677 1875 Phanuel,
698 1809 903 1865 dicens
938 1827 948 1864 :
984 1810 1120 1866 Vidi
1152 1810 1470 1866 Dominum
1497 1811 1645 1867 facie
1670 1813 1749 1868 ad
1774 1813 1860 1869 fa,-

197 1896 378 1957 ciem,
406 1902 459 1953 et
477 1898 650 1954 salva
674 1899 831 1955 facta
858 1903 945 1954 est
970 1900 1173 1962 anima
1205 1915 1357 1955 mea.
1387 1901 1675 1971 Ortusque
1697 1906 1783 1958 est
1803 1904 1857 1959 ei

194 1985 400 2040 statim
425 1986 534 2051 sol,
553 1991 880 2060 postquam
901 1993 1276 2057 trangressus
1293 1991 1378 2043 est
1401 1989 1665 2044 Phanuel
1689 2008 1701 2042 :
1726 1990 1856 2061 ipse

188 2088 338 2130 vero
355 2074 740 2133 claudicabat
757 2078 926 2149 pede.
953 2080 1144 2142 Quam
1158 2078 1237 2133 ob
1260 2092 1506 2133 causam
1524 2094 1645 2133 non
1663 2095 1857 2138 eomes

186 2162 617 2223 duntnervum
638 2165 741 2221 ﬁlii
766 2166 964 2231 Israel,
993 2167 1093 2238 qui
1116 2166 1405 2222 emarcuit
1424 2167 1485 2221 in
1518 2166 1743 2223 femore
1762 2170 1856 2224 Ja.

187 2250 331 2315 cob,
375 2268 573 2326 usque
613 2253 673 2309 in
709 2258 1065 2324 praesentem
1084 2254 1277 2309 diem:
1309 2268 1378 2309 eo
1412 2254 1576 2325 quod
1610 2254 1855 2324 tetigerit

188 2356 452 2398 nervum
500 2341 741 2398 femoris
771 2344 924 2412 ejus,
952 2347 1007 2398 et
1054 2342 1446 2415 obstupuerit.
1470 2343 1631 2414 (Cap.
1651 2346 1852 2415 xxxnt)

190 2432 430 2485 Levans
461 2437 657 2486 autem
678 2432 860 2495 Iacob
885 2431 1111 2501 oculos,
1141 2430 1289 2497 vidit
1307 2431 1643 2487 venientem
1672 2434 1847 2497 Esau,

188 2522 247 2574 et
271 2534 411 2574 eum
435 2533 510 2574 eo
526 2519 1000 2590 quadringentos
1018 2520 1177 2575 viros
1195 2536 1211 2572 ι
1234 2518 1545 2590 divisitque
1561 2519 1715 2576 ﬁlios
1737 2520 1851 2576 Lim

187 2612 247 2663 et
267 2607 507 2677 Rachel,
523 2608 963 2679 ambarumque
976 2607 1333 2663 famularum
1354 2624 1365 2663 :
1384 2608 1651 2680 etposuit
1663 2612 1850 2665 utram

186 2711 311 2767 que
340 2696 648 2766 ancillam,
683 2701 738 2752 et
766 2695 982 2752 liberos
999 2711 1205 2753 earum
1235 2696 1295 2753 in
1326 2697 1651 2769 principio:
1684 2696 1848 2753 Liam

185 2799 351 2846 vero.
383 2790 437 2841 et
456 2784 618 2843 ﬁlios
639 2785 791 2855 ejus,
814 2786 875 2841 in
898 2786 1161 2842 secundo
1190 2785 1321 2843 loco
1354 2803 1372 2842 ι
1413 2785 1627 2844 Rachel
1652 2788 1849 2843 autem

185 2878 246 2928 et
278 2874 499 2945 Ioseph
544 2874 930 2929 novissimos.
975 2877 1039 2929 Et
1066 2874 1193 2945 ipse
1235 2874 1642 2946 progrediens,
1674 2872 1845 2943 175

184 2962 467 3020 adoravit
484 2977 706 3033 pronus
722 2963 784 3018 in
807 2966 1022 3018 terram
1044 2963 1275 3032 septies,
1293 2962 1484 3019 donec
1519 2960 1850 3034 appropina

182 3054 409 3123 quaret
429 3049 609 3107 frater
637 3050 789 3119 ejus.
813 3052 1061 3107 Currens
1082 3050 1279 3122 itaque
1300 3053 1452 3109 Esau
1472 3049 1712 3107 obviam
1735 3047 1850 3108 fra-
1878 3064 1920 3120 (ς

182 3138 265 3197 tri
298 3153 427 3203 suo,
460 3138 841 3210 amplexatus
872 3144 959 3195 est
988 3155 1124 3197 eum
1172 3157 1183 3194 ἱ
1219 3140 1589 3211 strigeusque
1628 3137 1848 3197 collum

183 3230 338 3299 ejus,
370 3231 427 3285 et
454 3228 766 3295 osculans,
802 3228 1002 3285 ﬂevit.
1050 3229 1393 3299 Levatisque
1436 3226 1645 3291 oculis,
1698 3226 1848 3285 vidit

185 3318 473 3374 mulieres
496 3321 552 3373 et
567 3318 855 3387 parvulos
876 3332 1102 3383 earum,
1126 3322 1183 3373 et
1199 3317 1280 3373 ait
1299 3335 1317 3374 ι
1342 3316 1492 3381 Quid
1514 3316 1623 3372 sibi
1641 3315 1850 3381 volunt

190 3407 279 3465 isti
301 3408 330 3463 τ
352 3411 410 3462 et
460 3407 509 3462 si
542 3406 621 3463 ad
670 3410 725 3461 te
757 3405 1088 3477 pertineant
1137 3407 1165 3465 ?
1200 3404 1523 3477 Respondit
1553 3424 1572 3460 ι
1612 3402 1851 3462 Parvuli

189 3501 349 3557 sunt.
370 3511 531 3570 quos
552 3495 801 3551 donavit
831 3493 979 3550 mihi
999 3497 1150 3551 Deus
1172 3510 1344 3563 servo
1382 3497 1504 3550 tuo.
1526 3494 1591 3551 Et
1637 3506 1851 3564 appre-

189 3588 559 3658 piuquantes
593 3583 825 3640 ancillis
865 3587 920 3639 et
953 3582 1059 3639 ﬁlii
1096 3598 1325 3651 earum,
1368 3580 1662 3653 incurvati
1692 3582 1846 3638 sunt.

190 3675 455 3730 Accessit
468 3686 719 3746 quoque
738 3671 838 3727 Lia
855 3686 991 3727 cum
1010 3671 1207 3743 pueris
1224 3671 1348 3728 suis
1382 3688 1395 3725 :
1417 3673 1630 3726 etcum
1648 3670 1851 3727 simili.

194 3767 281 3818 ter
302 3762 678 3825 aderassent,
711 3759 957 3817 extremi
985 3759 1204 3831 Joseph
1235 3762 1287 3817 et
1320 3758 1537 3825 Rachel
1562 3758 1849 3815 adcreve-

190 3854 349 3906 runt.
399 3849 681 3921 Dixitque
705 3847 859 3904 Esau
902 3865 915 3905 :
969 3848 1257 3915 Oumnam
1302 3852 1441 3904 sunt
1469 3846 1593 3915 istas
1636 3850 1846 3903 turmas

186 3954 345 4011 quas
379 3938 623 3995 obviam
642 3935 831 3995 habui
852 3934 880 3989 ?
894 3935 1246 4007 Respondit:
1277 3936 1348 3993 Ut
1366 3934 1694 3993 invenirem
1714 3949 1847 4005 gra.

186 4029 335 4085 tiam
354 4041 559 4085 coram
582 4024 834 4085 domino
875 4039 1029 4083 meo.
1051 4025 1121 4081 At
1143 4022 1236 4081 ille
1252 4022 1335 4083 illi
1353 4023 1433 4083 ait
1457 4039 1468 4076 :
1495 4022 1693 4081 Habeo
1710 4022 1847 4093 plne

178 4118 355 4183 rima
372 4114 547 4183 frater
562 4114 787 4183 mi.sint
802 4117 904 4173 tua
920 4112 1047 4173 tibi.
1070 4111 1342 4183 Dixitque
1364 4109 1549 4179 Jaeob
1572 4131 1585 4165 :
1602 4110 1725 4169 Noli
1742 4111 1841 4175 ita,

184 4200 458 4261 obsecro
477 4217 488 4259 ;
510 4201 609 4259 sed
634 4202 689 4259 ai
710 4201 907 4267 inveni
926 4200 1177 4270 gratiam
1199 4200 1258 4260 in
1280 4197 1466 4259 oculis
1485 4196 1620 4262 tuis,
1640 4197 1843 4268 accipe

182 4304 249 4344 ω
262 4288 620 4351 unuscalum
635 4288 705 4351 de
721 4289 1005 4351 manibus
1022 4288 1198 4350 meis:
1220 4287 1302 4349 sic
1322 4285 1484 4349 enim
1504 4284 1625 4345 vidi
1641 4284 1843 4347 faciem

1978 741 2209 809 Socoth,
2234 744 2295 801 id
2319 750 2424 812 est,
2451 747 2854 811 tabernacula.
2888 747 3299 820 Transivitque
3326 747 3386 813 in
3413 749 3614 815 Salem

1975 828 2183 895 urbem
2199 833 2753 908 Sichimorumauee
2773 840 2859 897 est
2874 836 2935 901 in.
2953 841 3107 901 terra
3122 837 3427 903 Chanaan,
3458 840 3615 908 vestr

1971 932 2155 988 quam
2180 936 2450 983 reversus
2470 928 2559 981 est
2585 926 2659 983 de
2680 926 3099 996 Mesopotamia
3117 925 3299 996 Syrias
3324 942 3336 991 ;
3362 928 3418 991 et
3436 922 3613 989 habiv

1970 1007 2287 1079 taViijuxta
2306 1012 2614 1083 oppidum.
2652 1016 2917 1087 Emitque
2955 1018 3187 1086 partem
3220 1012 3348 1081 agri
3396 1011 3459 1075 in
3491 1026 3615 1082 qua

1968 1092 2178 1159 ﬁxerat
2220 1099 2605 1163 tabernacula
2644 1118 2681 1163 a
2710 1103 2843 1165 ﬁliis
2888 1104 3103 1165 Homer
3140 1100 3324 1172 patris
3358 1099 3611 1165 Siciliam.

1968 1188 2205 1249 centum
2235 1190 2422 1258 agnis,
2462 1192 2523 1249 Et
2552 1194 2744 1257 erecto
2775 1190 2857 1246 ibi
2886 1189 3073 1257 altari,
3106 1187 3401 1254 invocavit
3438 1200 3613 1259 ευριπ

1966 1269 2111 1339 illud
2135 1273 2525 1339 fortissimum
2551 1278 2738 1337 Deum
2761 1278 2955 1343 Israel.
2986 1288 3053 1348 1y.
3074 1278 3280 1341 Amen.

2647 1384 2936 1451 Hymnus.

2248 1483 2405 1541 Deus
2430 1490 2660 1544 creator
2687 1489 2980 1553 omnium,

2180 1574 2348 1628 Lucis
2377 1579 2583 1632 auctor
2608 1581 2663 1632 et
2686 1576 2823 1643 dici,

2180 1660 2470 1718 Perlustra
2499 1664 2683 1720 corda
2710 1664 3005 1731 omnium,

2180 1750 2315 1805 Iesu
2343 1750 2518 1816 bone,
2560 1752 2848 1807 ﬁdelium.

2252 1836 2533 1894 Lucescat
2569 1839 2982 1896 habitaculum

2176 1927 2383 1993 Tuum,
2410 1928 2651 1997 Christe,
2692 1928 3037 1999 hospitium,

2176 2015 2516 2086 Nostrmque
2544 2020 2761 2072 tectum
2792 2017 3009 2072 animus

2174 2102 2550 2171 Figmentum
2573 2108 2687 2159 tua:
2718 2104 2994 2160 dexterae.

2244 2193 2366 2247 Tuo
2392 2208 2600 2249 cruore
2630 2196 2892 2266 proprio,

2175 2280 2303 2357 Quo
2333 2279 2457 2351 ipse
2496 2285 2931 2338 commercatus
2957 2296 3039 2349 es,

2176 2368 2455 2424 Lucratus
2480 2370 2597 2425 Deo
2625 2370 2860 2425 animas

2170 2457 2291 2511 Tua
2316 2461 2506 2513 morte
2538 2459 2830 2514 ultronea.

2244 2546 2492 2600 Laetetur
2511 2561 2649 2601 caro
2672 2547 2922 2616 fragilis,

2173 2631 2475 2703 Simulque
2506 2638 2561 2687 et
2589 2635 2773 2689 homo
2803 2634 3068 2695 interior,

2167 2718 2386 2775 Vicisse
2402 2720 2592 2775 noctis
2621 2720 2896 2777 tenebras

2168 2806 2451 2863 Perennis
2475 2807 2627 2862 lucis
2667 2808 2911 2863 lumine.

2242 2894 2363 2949 Diei
2393 2896 2573 2966 hujus
2601 2897 2791 2967 gratia

2168 2983 2458 3050 Concede,
2495 2985 2620 3040 sine
2647 2985 2891 3040 crimine

2170 3072 2449 3128 Custodia
2475 3077 2765 3145 perpetua

2173 3161 2463 3216 Fruamur
2491 3165 2612 3231 tua,
2635 3161 2903 3217 Domine.

2244 3250 2364 3305 Deo
2388 3249 2545 3305 Patri
2573 3249 2646 3306 sit
2677 3249 2884 3320 gloria,

2173 3336 2431 3407 Ejusque
2470 3337 2578 3393 soli
2618 3337 2780 3405 Filio,

2174 3426 2389 3480 Sancto
2420 3423 2597 3481 simul
2626 3424 2931 3489 Paraclito,

2170 3516 2233 3571 In
2273 3512 2635 3585 sempiterna
2660 3512 2897 3569 saecula.

2240 3622 2449 3687 Amen.

2026 3724 2419 3805 Supplicatio.
2449 3725 2719 3789 Oremus.

2030 3822 2325 3897 Capitula.
2357 3820 2771 3889 Emittelucem
2800 3822 2964 3887 tuam
2992 3822 3048 3887 et
3075 3818 3384 3888 veritatem
3413 3820 3600 3887 tuam.

1958 3910 2203 3977 Domine
2218 3912 2372 3973 Deus
2390 3913 2589 3977 noster
2615 3912 2703 3973 :ut
2718 3908 2999 3981 splendor
3020 3907 3347 3975 divinitatis
3372 3910 3488 3973 tum
3511 3920 3604 3971 ca-

1953 3998 2197 4069 liginem
2213 3998 2425 4065 mentis
2440 4000 2654 4054 nostris
2672 3990 2933 4065 enubilet
2954 4013 2969 4065 ;
2989 4001 3195 4065 etvera
3210 3994 3599 4064 humanitatis

1953 4084 2764 4159 assumptio,humanigeneris
2778 4082 3601 4165 sitmanifestaredcrnptiomt,

1952 4175 2099 4243 dum
2111 4190 2282 4241 verus
2300 4176 2455 4239 Deus
2468 4190 2760 4246 verusque
2776 4174 3031 4237 homo’iu
3043 4172 3217 4239 nobis
3229 4188 3297 4237 ac
3311 4187 3414 4245 pro
3429 4169 3603 4237 nobis

1953 4262 2301 4333 ostenderis,
2317 4278 2468 4336 opus
2496 4266 2665 4327 tuum
2678 4262 3107 4331 omnipotentis.
3124 4260 3421 4332 eripietab
3432 4258 3600 4325 hoste

178 4348 379 4441 tuam.
408 4348 583 4448 quasi
607 4348 853 4441 viderim
887 4348 1118 4467 rulth
1145 4348 1241 4437 Dei
1280 4392 1292 4437 ε
1326 4348 1450 4435 esto
1472 4373 1620 4467 milii
1646 4373 1845 4467 prope

1967 4350 2221 4467 zagtivos
2246 4370 2260 4420 ;
2302 4356 2358 4419 et
2382 4351 2634 4419 enutriet
2653 4349 3204 4423 miserieordiejetn
3230 4348 3595 4431 redemptos.

178 4468 326 4531 tius,
357 4470 412 4523 et
438 4466 679 4537 suscipe
704 4465 1184 4528 benedictionem
1224 4480 1409 4535 quam
1440 4462 1606 4525 attuli
1638 4462 1761 4526 tibi,
1788 4466 1846 4527 et

175 4568 376 4626 uuam
396 4553 643 4617 donavit
659 4555 802 4615 mihi
820 4558 969 4615 Deus
987 4552 1252 4615 tribuens
1273 4552 1501 4615 exenia.
1536 4551 1639 4609 Vix
1671 4551 1845 4613 fratre

176 4642 575 4713 compelleute
593 4644 949 4713 suscipiens,
974 4642 1056 4703 ait
1078 4652 1094 4702 :
1126 4640 1478 4703 Gradiamur
1496 4639 1694 4703 simul,
1716 4654 1817 4707 ero
1832 4669 1846 4691 ς

176 4747 300 4802 que
330 4732 528 4793 socius
576 4732 803 4799 itineris
842 4731 943 4793 tui.
979 4730 1250 4800 Dixitque
1293 4727 1470 4793 latio!)
1502 4745 1518 4791 ἐ
1552 4727 1711 4791 Νοεῑὶ
1740 4727 1844 4787 do.-

182 4820 343 4883 Iniae
369 4821 473 4883 mi.
507 4818 679 4891 quod
708 4817 993 4890 parvulos
1021 4817 1278 4881 habeam
1310 4820 1562 4881 teneros,
1594 4820 1649 4879 et
1681 4830 1839 4879 oves.

180 4914 235 4962 et
260 4909 447 4964 boves
465 4909 670 4975 fmtas,
690 4923 925 4975 mecum
948 4924 959 4962 :
980 4922 1131 4978 quas
1166 4905 1214 4967 si
1233 4904 1368 4977 plus
1390 4905 1449 4967 ia
1466 4903 1840 4969 ambulando

178 4994 691 5062 fecerelaborare,
727 4995 1053 5059 morientur
1084 5008 1202 5060 una
1233 4993 1327 5059 die,
1356 4992 1551 5057 cuncti
1582 5006 1825 5061 greges.

178 5085 475 5149 Prmeedat
489 5084 777 5147 dominus
795 5099 964 5148 meus
984 5088 1119 5147 ante
1143 5096 1381 5145 servum
1400 5095 1577 5145 suum
1610 5096 1621 5136 :
1647 5083 1704 5134 et
1725 5094 1836 5148 ego

175 5186 393 5243 Sequar
412 5172 716 5244 paulatim
738 5172 981 5241 vestigia
1002 5171 1309 5240 eiuasieut
1329 5168 1534 5233 videro
1552 5165 1833 5236 parvulos

172 5275 341 5317 meos
370 5277 571 5333 posse,
607 5260 802 5328 donec
832 5260 1067 5326 veniam
1092 5258 1169 5319 ml
1194 5256 1511 5323 dominum
1544 5270 1746 5321 laeum.
1774 5254 1833 5322 in

171 5350 314 5413 Scit.
353 5348 690 5421 Respondit
714 5350 895 5411 Esau;
923 5348 1035 5411 0ro
1062 5350 1136 5411 te,
1158 5350 1220 5399 ut
1243 5345 1317 5399 de
1343 5342 1568 5415 populo
1588 5342 1692 5415 qui
1712 5358 1828 5409 me-

166 5454 313 5499 cum
334 5444 441 5507 est,
470 5438 693 5502 saltem
710 5436 855 5502 socii
882 5438 1228 5501 remaneant
1249 5434 1379 5499 vitae
1410 5436 1543 5499 tuee-
1574 5434 1702 5499 Non
1719 5434 1827 5500 est.

167 5526 392 5597 inquit,
432 5539 683 5582 necesse
705 5523 846 5579 :hoc
860 5538 1049 5579 unum
1069 5524 1301 5591 tantum
1314 5520 1575 5593 indigeo,
1602 5518 1830 5587 utinves

2024 4441 2192 4507 Peter
2222 4445 2441 4507 poster.-

2024 4547 2257 4614 Lauda,
2296 4546 2559 4614 Miserere
2577 4545 2771 4615 nobis,
2804 4544 3077 4612 Domine.
3111 4545 3184 4609 Β,
3203 4542 3469 4611 Miserere.
3486 4554 3594 4605 nev

1953 4633 2070 4703 bis.
2108 4634 2170 4701 V.
2200 4634 2289 4702 Ad
2319 4638 2371 4691 te
2395 4634 2665 4701 levamus
2694 4632 2902 4699 oeulos
2940 4636 3193 4699 uestros.
3234 4628 3595 4703 quihehitas

1952 4721 2013 4779 in
2042 4722 2223 4789 scalis.
2257 4723 2321 4791 Ρ.
2356 4721 2657 4790 Miserere.
2706 4721 2766 4787 ir.
2799 4720 3007 4789 Gloria.
3042 4724 3100 4787 et
3130 4721 3342 4788 honor.
3388 4718 3460 4785 Ρ,
3503 4715 3601 4781 Mi—

1954 4825 2148 4871 SBI‘BI‘B
2161 4852 2174 4865 .

2022 4900 2245 4967 Oratio.
2280 4900 2368 4967 Ad
2400 4904 2453 4967 te
2480 4898 2745 4969 Domine.
2780 4897 2985 4967 oculos
3015 4900 3250 4966 nostros
3290 4895 3598 4966 erigimus.

1948 5003 2130 5059 quem
2151 4990 2212 5058 in
2241 4988 2577 5057 caelestibus
2611 4992 2777 5055 terrae
2796 4986 3137 5055 machinam
3170 4985 3378 5054 Virtute
3411 4987 3602 5059 conti:-

1948 5091 2085 5145 ners
2111 5076 2387 5145 fatemur-
2415 5077 2677 5143 Miserere
2704 5076 2881 5144 igitur
2899 5074 3086 5141 nostri
3117 5075 3390 5146 Domine.
3430 5076 3603 5143 misee

1944 5180 2091 5233 rere.
2118 5170 2174 5231 et
2202 5164 2457 5235 peccatis
2484 5164 2721 5231 nostris,
2764 5179 2869 5235 pro
2898 5164 3121 5237 quibus
3172 5170 3224 5231 te
3255 5164 3593 5231 metuimus,

1943 5268 2162 5325 parce;
2203 5258 2265 5317 ut
2302 5256 2713 5325 contemptum
2762 5258 3032 5321 nostrum
3065 5256 3278 5326 pietate
3319 5243 3590 5315 elementi

1944 5340 2262 5411 respicias;
2301 5346 2357 5397 et
2394 5357 2429 5407 ιι
2470 5340 2665 5397 delicti
2693 5342 3017 5415 obprobrio
3053 5343 3293 5407 dextera
3331 5350 3441 5391 nos
3474 5338 3585 5389 tum

1944 5428 2171 5495 virtutis
2198 5426 2436 5499 eripias-
2471 5439 2534 5500 Ii.
2567 5430 2777 5500 Amen.

2018 5517 2127 5587 Per
2152 5516 2646 5589 miserimmis-
