4102 6176
453 280 561 336 319

1063 394 1160 450 Ad
1195 389 1475 447 Tertiam.

876 482 1331 542 Proverbiorum
1356 476 1524 549 (Cap.
1558 476 1674 539 xv).

522 591 590 651 Ity.
624 580 744 634 Deo
769 574 1009 646 gratias.

526 650 654 733 Fili,
679 666 790 721 Cor
814 660 1092 734 sapientis
1128 656 1341 731 quaerit
1368 653 1702 712 doctrinam
1735 668 1748 707 :
1773 654 1832 707 et
1869 666 1936 707 os
1962 650 2101 707 stul-

452 760 649 815 torum
661 748 1472 827 pasciturimperitia.0mnes
1488 743 1610 798 dies
1620 739 2061 813 pauperis,mali
2082 758 2095 793 :

454 859 663 901 secura
677 856 846 898 mens
868 839 1031 911 quasi
1042 840 1185 910 juge
1202 829 1763 891 convivium.Melius
1782 834 1867 886 est
1879 844 2097 901 parum

455 948 593 990 cum
614 932 823 987 timore
838 927 1289 998 Domini,quam
1307 919 1570 979 thesauri
1582 918 1785 988 magni
1797 916 2099 973 insatiabi-

452 1022 561 1078 les.
599 1019 801 1075 Melius
823 1022 910 1072 est
936 1014 1139 1072 vocari
1169 1013 1247 1069 ad
1263 1012 1423 1069 olera
1452 1025 1589 1065 cum
1613 1008 2098 1077 charitate,quam

456 1109 537 1165 ad
560 1106 809 1163 vitulum
823 1105 1163 1175 saginatum
1180 1117 1318 1157 cum
1335 1099 1475 1156 odio
1489 1142 1501 1153 .
1522 1097 1621 1153 Vir
1633 1096 1955 1152 iracundus
1967 1110 2100 1167 pro-

454 1199 630 1252 vocat
650 1194 810 1249 rixas
840 1210 853 1247 :
873 1192 975 1265 qui
996 1191 1225 1263 patiens
1243 1195 1350 1258 est,
1372 1188 1544 1258 176
1568 1184 1799 1255 mitigat
1813 1186 2097 1240 extentas.

454 1288 566 1341 Iter
592 1282 899 1355 pigrorum
919 1281 1097 1354 quasi
1118 1294 1288 1351 sepes
1309 1277 1618 1349 spinarum
1654 1293 1666 1329 :
1690 1274 1787 1329 via
1803 1274 2102 1344 justorum

455 1371 689 1443 absque
709 1368 1089 1426 oﬁ‘endiculo.
1110 1364 1286 1421 Filius
1305 1364 1543 1436 sapiens
1563 1362 1822 1417 laetiﬁcat
1836 1365 2066 1432 patrem
2083 1380 2101 1416 :

457 1463 513 1515 et
541 1458 749 1514 stultus
760 1458 943 1512 homo
960 1452 1471 1526 despicit‘matrem
1494 1449 1945 1507 suam.Stultitia
1961 1464 2105 1519 gau-

459 1547 627 1603 dium
661 1545 842 1601 stulto
878 1561 889 1599 :
923 1549 979 1600 et
1002 1544 1091 1599 vir
1112 1542 1378 1614 prudens
1400 1540 1615 1610 diriget
1663 1553 1905 1607 gressus
1938 1553 2101 1594 suos.

460 1635 834 1706 Dissipantur
856 1632 1234 1701 cogitationes
1255 1629 1360 1685 ubi
1383 1644 1507 1685 non
1523 1632 1611 1683 est
1631 1627 1978 1683 consilium:
1998 1624 2101 1682 ubi

1707 255 2153 316 BREVIABIUM
2192 254 2585 313 GOTHICUM.

2131 383 2179 438 A
2208 382 2362 448 veni,
2404 380 2639 437 mittam
2669 379 2723 435 te
2750 376 2830 434 ad
2865 389 2988 431 eos.
3035 373 3163 438 Quo
3192 369 3612 442 respondente,
3638 369 3859 429 Praesto

3746 246 3846 302 320

2210 487 2365 537 sum,
2386 470 2468 527 ait
2502 486 2513 523 :
2542 467 2721 537 Vade,
2743 463 2940 522 etvide
2972 462 3021 517 si
3041 463 3256 516 cuncta
3283 474 3566 531 prospera
3590 458 3711 516 sint
3724 475 3862 531 erga

2204 560 2416 617 fratres
2432 562 2578 622 tuos,
2598 560 2655 613 et
2666 569 2883 628 pecora
2906 568 2919 607 :
2943 555 2999 607 et
3012 548 3285 606 renuntia
3298 546 3612 619 mihiquid
3626 553 3860 619 agatur.

2206 648 2412 704 Missus
2441 645 2516 701 de
2536 643 2695 700 Valle
2717 641 2975 711 Hebron,
3014 637 3174 695 venit
3199 636 3259 691 in
3293 635 3531 692 Sichem
3563 654 3576 691 :
3608 636 3863 695 invenit-

2204 753 2321 810 que
2347 751 2485 792 eum
2505 734 2595 789 vir
2614 735 2909 790 errantem
2931 729 2991 784 in
3014 742 3178 799 agro,
3206 731 3262 782 et
3287 726 3679 795 interrogavit
3708 727 3859 799 quid

2204 828 2510 898 quaereret.
2543 822 2727 879 Atille
2755 817 3067 893 respondit
3098 835 3110 871 :
3143 818 3371 872 Fratres
3393 830 3562 871 meos
3594 832 3807 888 quaero
3843 834 3854 871 :

2205 912 2404 970 indica
2432 912 2578 968 mihi
2616 910 2723 966 ubi
2749 911 2997 981 pascant
3034 920 3266 977 greges.
3320 902 3593 977 Dixitque
3632 904 3687 960 ei
3716 904 3809 960 vir
3845 928 3854 958 ε

2204 1004 2590 1058 Recesserunt
2616 999 2690 1054 de
2714 997 2847 1053 loco
2875 996 2991 1051 isto
3025 1013 3038 1050 :
3067 992 3270 1050 audivi
3296 996 3494 1049 autem
3527 1008 3630 1049 eos
3656 993 3858 1048 dicen-

2206 1094 2292 1147 tes
2320 1102 2336 1150 :
2364 1093 2583 1145 Eamus
2603 1088 2663 1143 in
2685 1085 2978 1143 Dothaim.
2998 1082 3257 1138 Perrexit
3272 1081 3462 1153 itaque
3476 1082 3694 1155 Ioseph
3717 1086 3860 1154 post

2206 1179 2416 1235 fratres
2455 1192 2622 1242 suos,
2653 1179 2708 1231 et
2745 1173 2965 1230 invenit
2997 1187 3099 1228 eos
3134 1171 3197 1226 in
3237 1170 3529 1226 Dothaim.
3564 1171 3673 1237 Qui
3711 1188 3861 1227 cum

2208 1267 2497 1323 vidissent
2521 1281 2659 1321 eum
2688 1262 2918 1336 procul,
2950 1265 3277 1331 antequam
3298 1258 3603 1315 accederet
3620 1260 3701 1316 ad
3733 1276 3861 1326 eos,

2210 1355 2619 1426 cogitaverunt
2630 1352 2797 1408 illum
2808 1349 3077 1407 occidere
3096 1366 3108 1403 :
3127 1351 3184 1404 et
3197 1352 3405 1403 mutuo
3423 1346 3862 1418 loquebantur:

2210 1446 2354 1499 Ecce
2379 1441 2705 1498 somniator
2742 1438 2937 1496 venit:
2981 1436 3196 1501 venite,
3229 1435 3578 1492 occidamus
3608 1451 3767 1505 eum,
3811 1441 3869 1492 et

2210 1531 2510 1588 mittamus
2538 1530 2599 1585 in
2629 1528 2949 1585 cisternam
2967 1528 3229 1581 veterem
3253 1541 3265 1579 :
3296 1523 3866 1595 dicemusque,Fera

2211 1620 2476 1692 pessima
2496 1616 2805 1675 devoravit
2826 1630 2963 1672 eum
2993 1630 3007 1669 :
3038 1616 3095 1670 et
3121 1617 3260 1668 tunc
3286 1610 3603 1684 apparebit
3620 1611 3765 1683 quid
3782 1610 3869 1667 illi

457 1738 599 1778 vero
618 1699 818 1793 plures
850 1699 989 1776 sunt
1008 1718 1345 1782 consiliarii,
1362 1717 1817 1773 conﬁrmantur.
1856 1718 2106 1771 Laetatur
2136 1730 2181 1785 Β
2212 1708 2441 1781 prosint
2461 1706 2696 1764 somnia
2721 1720 2847 1760 sua.
2873 1702 3356 1793 Audiens-autem
3378 1700 3508 1755 haec
3531 1699 3757 1793 Ruben,
3779 1701 3869 1755 ni-

460 1811 644 1867 homo
659 1810 721 1864 in
740 1808 1032 1864 sententia
1047 1807 1164 1864 oris
1188 1807 1279 1862 sui
1300 1823 1311 1860 :
1337 1810 1393 1861 et
1410 1820 1607 1861 sermo
1628 1807 2001 1877 opportunus
2020 1807 2107 1860 est

460 1897 977 1970 optimus.Semita
991 1897 1123 1952 vitae
1151 1910 1329 1967 super
1344 1894 1663 1959 eruditum,
1689 1899 1752 1948 ut
1763 1892 2016 1948 declinet
2030 1891 2104 1948 de

460 1986 690 2042 inferno
707 1985 1325 2040 novissimo.Domum
1342 1982 1736 2055 superborum
1758 1980 2105 2036 demolietur

460 2074 746 2130 Dominus
775 2092 788 2129 :
823 2078 880 2129 et
891 2073 1098 2128 ﬁrmos
1122 2072 1295 2128 faciet
1320 2072 1604 2127 terminos
1629 2069 1845 2125 viduae.
1865 2068 2105 2124 Abomi-

462 2164 625 2220 natio
656 2162 891 2217 Domini
923 2161 1310 2231 cogitationes
1356 2159 1532 2215 malas
1566 2174 1578 2212 ε
1612 2162 1670 2214 et
1697 2173 1884 2230 purus
1910 2172 2104 2212 sermo

460 2250 900 2324 pulcherrimus
930 2249 1267 2307 ﬁrmabitur
1287 2248 1365 2303 ab
1394 2263 1486 2304 eo.
1518 2246 1838 2304 Conturbat
1854 2245 2105 2300 domum

463 2354 637 2397 suam
656 2339 761 2412 qui
790 2338 1055 2410 sequitur
1090 2337 1405 2394 avaritiam
1451 2335 1552 2406 qui
1586 2339 1787 2391 autem
1817 2333 1940 2390 odit
1979 2349 2109 2389 mu-

461 2443 625 2492 nera,
658 2426 831 2484 vivet.
861 2430 966 2482 Per
990 2426 1463 2482 misericordiam
1486 2428 1544 2480 et
1566 2423 1749 2480 ﬁdem
1777 2426 2107 2495 purgantur

461 2522 736 2588 peccata:
760 2531 866 2586 per
882 2515 1156 2571 timorem
1177 2520 1376 2569 autem
1395 2513 1627 2569 Domini
1638 2511 1894 2567 declinat
1910 2510 2106 2567 omnis

463 2620 500 2662 a
515 2604 698 2660 malo.
721 2606 876 2659 Mens
890 2604 1032 2673 justi
1044 2601 1433 2657 meditabitur
1450 2600 1852 2656 obedientiam
1877 2616 1890 2653 :
1916 2615 1982 2655 os
1996 2600 2105 2654 im-

462 2692 697 2762 piorum
722 2691 1013 2746 redundat
1042 2706 1078 2745 a
1093 2689 1493 2759 malis.Longe
1506 2693 1593 2744 est
1606 2688 1891 2743 Dominus
1911 2687 2107 2743 abim-

460 2778 579 2850 piis
613 2796 626 2834 :
660 2780 717 2834 et
752 2778 1051 2834 orationes
1070 2778 1371 2848 justorum
1410 2776 1706 2833 exaudiet.
1738 2788 1802 2847 1p.
1825 2779 2033 2834 Amen.

798 2866 993 2922 Lectio
1017 2865 1160 2922 libri
1187 2866 1424 2922 Genesis
1447 2865 1611 2936 (Cap.
1649 2869 1761 2932 37).

535 2957 655 3010 Deo
681 2955 920 3023 gratias.

2212 1796 2702 1854 tebaturliberare
2723 1810 2864 1849 eum
2875 1792 2949 1847 de
2966 1790 3249 1847 manibus
3271 1805 3501 1856 eorum,
3517 1788 3826 1845 etdicebat
3850 1806 3861 1843 :

2212 1888 2339 1943 Non
2350 1885 2770 1942 interﬁciamus
2784 1882 3051 1938 animam
3063 1881 3114 1951 ej
3123 1895 3323 1947 us,nec
3336 1878 3714 1935 etl'undamus
3726 1893 3867 1934 san-

2211 1974 2454 2046 guinem
2486 1989 2501 2029 :
2530 1972 2635 2028 sed
2662 1971 2931 2043 projicite
2968 1985 3108 2025 eum
3137 1969 3199 2024 in
3228 1968 3546 2024 cisternam
3571 1972 3861 2038 veterem,

2211 2079 2347 2136 quae
2367 2067 2454 2119 est
2476 2063 2539 2117 in
2569 2060 2902 2125 solitudine,
2925 2073 3262 2130 manusque
3291 2061 3514 2113 vestras
3527 2062 3755 2113 servate
3777 2060 3867 2113 in-

2210 2152 2457 2209 noxias:
2497 2151 2612 2207 hoc
2636 2154 2835 2207 autem
2864 2148 3124 2215 dicebat,
3150 2146 3350 2203 volens
3381 2146 3607 2218 eripere
3627 2161 3769 2203 eum
3789 2147 3868 2203 de

2212 2240 2492 2297 manibus
2540 2255 2768 2305 eorum,
2814 2242 2872 2294 et
2908 2236 3157 2293 reddere
3188 2235 3493 2307 patrisuo.
3537 2234 3871 2292 Confestim

2212 2329 2387 2399 igitur
2415 2333 2481 2383 ut
2506 2328 2773 2400 pervenit
2800 2326 2879 2383 ad
2904 2325 3115 2381 fratres
3137 2340 3297 2388 suos,
3317 2323 3697 2381 nudaverunt
3723 2339 3871 2381 eum

2212 2418 2413 2474 tunica
2437 2416 2607 2473 talari
2635 2420 2693 2472 et
2711 2416 3002 2487 polymita
3030 2432 3043 2466 :
3071 2413 3483 2485 miseruntque
3512 2429 3652 2469 eum
3677 2413 3740 2468 in
3759 2414 3874 2469 cis-

2212 2510 2447 2563 ternam
2466 2510 2887 2576 veterem,quae
2899 2519 3023 2560 non
3042 2501 3307 2559 habebat
3317 2505 3636 2574 aquam.Et
3650 2502 3876 2559 seden-

2217 2600 2301 2653 tes
2314 2600 2380 2652 ut
2392 2595 2772 2651 comederent
2784 2608 3021 2664 panem,
3037 2592 3312 2647 viderunt
3328 2592 3657 2648 lsmaelitas
3680 2592 3877 2649 viato—

2212 2699 2307 2741 res
2334 2684 2534 2740 venire
2563 2684 2637 2739 de
2664 2682 2908 2751 Galaad,
2937 2686 2995 2737 et
3014 2680 3277 2737 camelos
3294 2695 3523 2747 eorum,
3556 2685 3872 2752 portantes

2213 2778 2505 2841 aromata,
2541 2778 2597 2829 et
2623 2774 2906 2839 resinam,
2933 2776 2988 2828 et
3018 2775 3239 2837 sacten,
3262 2771 3324 2825 in
3349 2773 3689 2842 Egyptum.
3707 2770 3878 2828 Dixit

2214 2877 2356 2932 ergo
2393 2861 2580 2918 Judas
2605 2860 2889 2917 fratribus
2931 2859 3096 2915 suis:
3135 2858 3282 2924 Quid
3319 2859 3492 2915 nobis
3537 2858 3791 2930 prodest
3826 2859 3876 2915 si

2213 2950 2607 3008 occiderimus
2624 2951 2865 3006 fratrem
2892 2952 3184 3014 nostrum,
3214 2951 3269 3002 et
3294 2947 3682 3003 celaverimus
3727 2963 3875 3004 san-

533 3045 597 3096 In
635 3041 746 3096 illis
763 3040 976 3095 diebus
1006 3042 1261 3113 ;Joseph
1292 3057 1430 3097 cum
1453 3041 1712 3097 sedecim
1738 3047 1895 3099 esset
1922 3058 2108 3101 anno-
2136 3080 2179 3137 C
2215 3039 2457 3110 guinem
2473 3037 2920 3111 ipsius?Melius
2937 3040 3025 3093 est
3040 3040 3102 3093 ut
3125 3037 3492 3092 venundetur
3522 3036 3870 3105 lsmaelitis,

462 3143 610 3198 rum,
641 3130 916 3200 pascebat
961 3144 1201 3201 gregem
1247 3146 1385 3185 cum
1431 3129 1707 3186 fratribus
1748 3132 1869 3188 suis
1909 3133 2106 3189 adhuc

462 3230 646 3288 puer:
681 3220 737 3271 et
765 3220 891 3273 erat
919 3233 1057 3273 cum
1093 3217 1230 3273 ﬁliis
1274 3217 1428 3273 Baiae
1471 3222 1529 3274 et
1569 3218 1801 3291 Zelphaa
1850 3236 2107 3277 uxorum

461 3305 645 3362 Patris
679 3306 810 3361 sui:
849 3306 1272 3378 accusavitque
1287 3306 1496 3364 fratres
1525 3323 1667 3364 suos
1698 3310 1860 3381 apud
1876 3314 2107 3383 patrem

462 3394 708 3451 crimine
738 3394 1023 3467 pessimo.
1044 3395 1224 3452 Israel
1245 3399 1448 3452 autem
1477 3396 1761 3468 diligebat
1779 3399 2000 3469 Joseph
2014 3415 2107 3455 su-

461 3498 563 3555 per
582 3498 793 3539 omnes
818 3483 972 3540 ﬁlios
996 3499 1157 3552 suos,
1180 3499 1252 3540 eo
1280 3484 1446 3556 quod
1466 3483 1529 3539 in
1560 3489 1856 3543 senectute
1875 3488 2108 3557 genuis-

463 3576 550 3627 set
569 3587 705 3626 eum
740 3588 751 3626 :
775 3571 911 3629 fecit
938 3572 989 3629 ei
1010 3574 1271 3630 tunicam
1301 3574 1674 3646 polymitam.
1700 3575 1980 3632 Videntes
2006 3592 2108 3633 au-

462 3662 582 3715 tem
597 3659 808 3715 fratres
821 3662 949 3733 ejus
960 3662 1125 3734 quod
1150 3679 1187 3719 a
1211 3667 1378 3735 patre
1396 3663 1531 3735 plus
1551 3663 1780 3719 cunctis
1791 3662 1928 3719 ﬁliis
1943 3680 2108 3721 ama-

461 3751 640 3813 retur,
668 3748 915 3806 oderant
937 3766 1095 3820 eum,
1110 3767 1218 3807 nec
1236 3756 1513 3823 poterant
1533 3753 1581 3808 ei
1597 3752 1931 3825 quidquam
1950 3755 2111 3826 paci-

462 3835 573 3891 ﬁce
606 3836 790 3908 loqui.
820 3837 1043 3893 Accidit
1079 3854 1322 3910 quoque
1357 3844 1422 3896 ut
1452 3840 1649 3895 visum
1689 3841 1990 3897 somnium
2023 3858 2111 3898 re-

462 3924 636 3980 ferret
661 3925 944 3982 fratribus
974 3925 1098 3981 suis
1135 3944 1148 3979 :
1175 3942 1310 3998 quae
1324 3943 1506 3985 causa
1522 3928 1768 4001 majoris
1788 3929 1913 3985 odii
1939 3931 2111 3987 semi-

462 4012 702 4069 narium
714 4013 846 4069 fuit.
873 4014 1143 4085 Dixitque
1157 4014 1234 4069 ad
1246 4029 1347 4069 eos
1364 4032 1377 4070 :
1396 4016 1606 4072 Audite
1624 4018 1928 4074 somnium
1944 4019 2111 4091 quod

462 4099 582 4155 vidi
619 4117 630 4156 :
664 4101 953 4157 Putabam
981 4101 1164 4173 ligare
1219 4117 1330 4157 nos
1361 4103 1702 4174 manipulos
1741 4106 1801 4160 in
1831 4122 2013 4177 agro:
2055 4110 2111 4163 et

463 4188 637 4259 quasi
666 4203 1022 4258 consurgere
1045 4188 1420 4260 manipulum
1442 4205 1667 4258 meum,
1694 4196 1752 4248 et
1785 4198 1956 4260 stare,
1983 4209 2111 4249 ves-

463 4280 707 4347 trosque
750 4277 1095 4348 manipulos
1135 4277 1586 4334 circumstantes
1636 4279 1888 4337 adorare
1919 4283 2110 4339 mani-

462 4364 673 4436 pulum
700 4364 1601 4437 meum.Responderuntfratres
1629 4368 1758 4439 ejus
1782 4387 1795 4425 :
1828 4370 2111 4443 Nunquid

465 4455 586 4508 Rex
608 4458 809 4509 noster
829 4453 943 4509 eris
962 4452 991 4508 ?
1019 4457 1121 4511 aut
1143 4454 1525 4528 subjiciemur
1544 4456 1756 4513 ditioni
1786 4464 1901 4514 tuae
1922 4460 1950 4513 ?
1977 4460 2110 4516 Haec

465 4556 607 4612 ergo
620 4558 807 4599 causa
836 4544 1207 4599 somniorum
1220 4548 1399 4616 atque
1419 4560 1788 4614 sermonum,
1808 4547 2043 4603 invidias
2055 4552 2111 4605 et

464 4629 585 4686 odii
609 4630 875 4688 fomitem
904 4633 1283 4689 ministravit.
1320 4632 1497 4689 Aliud
1521 4650 1763 4708 quoque
1789 4635 1937 4691 vidit
1953 4650 2110 4691 som-

464 4719 653 4789 nium,
684 4720 849 4792 quod
888 4736 1141 4778 narrans
1170 4721 1472 4793 fratribus,
1496 4723 1579 4780 ait
1607 4740 1619 4779 :
1659 4722 1785 4779 Vidi
1809 4738 1916 4796 per
1944 4738 2109 4780 som-

464 4806 656 4879 nium,
681 4810 855 4881 quasi
875 4809 1081 4881 solem,
1116 4816 1172 4867 et
1211 4810 1439 4883 lunam,
1482 4816 1538 4867 et
1571 4811 1764 4868 stellas
1802 4812 2104 4880 undecim,

464 4895 714 4953 adorare
742 4915 860 4957 me.
893 4900 1064 4965 Quod
1084 4916 1222 4956 cum
1253 4902 1406 4969 patri
1445 4916 1556 4957 suo
1578 4906 1635 4957 et
1653 4900 1934 4956 fratribus
1955 4906 2107 4959 retu-

463 4982 645 5051 lisset,
677 4986 1003 5059 increpavit
1043 5005 1181 5045 eum
1209 4994 1377 5061 pater
1406 5005 1571 5053 suus,
1617 4990 1673 5045 et
1718 4988 1868 5044 dixit
1906 5006 1919 5044 :
1951 4990 2107 5055 Quid

464 5072 575 5128 sibi
594 5072 843 5130 vulthoc
860 5077 1163 5133 somnium
1183 5078 1349 5147 quod
1360 5077 1557 5133 vidisti
1571 5078 1598 5133 ?
1615 5092 1762 5133 num
1784 5092 1896 5148 ego
1910 5083 1965 5133 et
1985 5093 2109 5134 ma-

464 5166 549 5218 ter
579 5167 678 5219 tua
717 5167 773 5219 et
794 5162 999 5220 fratres
1028 5166 1112 5220 tui
1131 5164 1516 5221 adorabimus
1546 5170 1601 5221 te
1634 5181 1816 5238 super
1843 5170 2061 5222 terram
2079 5169 2108 5223 ‘I

462 5251 811 5308 Invidebant
838 5253 891 5308 ei
918 5251 1097 5321 igitur
1121 5250 1329 5306 fratres
1360 5252 1450 5307 sui
1485 5273 1497 5306 :
1530 5258 1700 5325 pater
1720 5271 1860 5311 vero
1876 5271 2003 5311 rem
2025 5260 2108 5312 ta-

464 5340 613 5396 citus
638 5339 1068 5397 considerabat.
1095 5341 1360 5411 Cumque
1372 5340 1579 5399 fratres
1597 5343 1753 5400 illius
1775 5343 1838 5399 in
1857 5359 2108 5415 pascen—

463 5425 555 5481 dis
584 5429 865 5499 gregibus
894 5427 1077 5501 patris
1096 5431 1471 5485 morarentur
1493 5429 1556 5485 in
1585 5430 1838 5499 Sichem,
1857 5432 2007 5489 dixit
2030 5431 2107 5488 ad

466 5529 605 5572 eum
640 5518 822 5577 Israel
863 5535 875 5575 :
906 5520 1134 5577 Fratres
1158 5517 1244 5575 tui
1270 5521 1528 5591 pascunt
1550 5534 1689 5577 oves
1708 5521 1771 5578 in
1793 5519 2104 5579 Sichimis:

2215 3132 2272 3185 et
2289 3144 2505 3185 manus
2521 3131 2737 3183 nostrae
2748 3142 2871 3183 non
2882 3126 3228 3199 polluantur
3243 3142 3255 3181 :
3279 3125 3456 3181 frater
3467 3126 3628 3181 enim
3640 3129 3699 3182 et
3713 3142 3867 3184 caro

2213 3220 2418 3273 nostra
2446 3220 2550 3271 est.
2582 3216 3015 3288 Acquieverunt
3027 3214 3236 3271 fratres
3264 3213 3639 3270 sermonibus
3669 3213 3863 3271 illius.

2215 3307 2281 3360 Et
2303 3302 2797 3375 praetereuntibus
2822 3302 3154 3359 Madianitis
3177 3302 3869 3371 negotiatoribus,extra.-

2212 3392 2419 3449 hentes
2432 3408 2561 3448 eum
2574 3392 2648 3447 de
2675 3393 2947 3458 cisterna,
2980 3390 3381 3448 vendiderunt
3397 3406 3535 3446 eum
3549 3390 3873 3448 Ismaelitis

2212 3481 2422 3550 viginti
2452 3480 2745 3551 argenteis
2771 3500 2784 3534 :
2815 3481 2919 3553 qui
2936 3480 3235 3536 duxerunt
3262 3479 3477 3535 eumin
3515 3482 3873 3552 zEgyptum.

2213 3571 2625 3640 Reversusque
2638 3568 2845 3624 Ruben
2866 3568 2945 3624 ad
2974 3569 3317 3639 cisternam,
3346 3567 3876 3639 noninvenitpue-

2212 3674 2349 3714 rum
2379 3675 2392 3709 :
2407 3662 2462 3713 et
2484 3657 2681 3713 scissis
2696 3657 2961 3714 vestibus
2977 3672 3230 3729 pergens
3246 3656 3324 3713 ad
3341 3657 3550 3712 fratres
3569 3658 3833 3722 suos,ait
3858 3676 3875 3711 :

2215 3746 2367 3801 Puer
2376 3762 2498 3802 non
2514 3750 2901 3818 comparet,et
2910 3760 3019 3815 ego
3032 3745 3196 3818 quod
3214 3745 3315 3802 ibo
3327 3746 3355 3801 ?
3370 3744 3653 3801 Tulerunt
3664 3750 3877 3802 autem

2216 3834 2479 3891 tunicam
2499 3834 2648 3905 ejus,
2674 3839 2730 3891 et
2749 3834 2809 3890 in
2831 3834 3188 3905 sanguinem
3216 3833 3400 3899 haedi,
3427 3849 3613 3906 quem
3634 3833 3876 3891 occide-

2215 3929 2367 3990 rant,
2410 3924 2709 3981 tinxerunt
2739 3941 2755 3977 :
2781 3923 3074 3980 mittentes
3103 3923 3207 3995 qui
3244 3922 3463 3979 ferrent
3500 3923 3580 3979 ad
3604 3927 3871 3996 patrem,

2217 4019 2273 4072 et
2308 4014 2607 4070 dicerent:
2642 4016 2802 4070 Hanc
2842 4013 3218 4069 invenimus:
3251 4012 3387 4068 vide
3437 4016 3633 4069 utrum
3664 4015 3877 4071 tunica

2216 4103 2321 4159 ﬁlii
2349 4102 2434 4159 tui
2481 4103 2570 4168 sit,
2631 4117 2710 4158 an
2738 4118 2881 4159 non.
2913 4104 3101 4168 Quam
3122 4118 3262 4158 cum
3281 4102 3663 4174 cognovisset
3691 4104 3865 4174 177

2215 4196 2404 4265 pater,
2431 4191 2546 4249 ait:
2571 4191 2805 4248 Tunica
2831 4190 2936 4246 ﬁlii
2960 4190 3076 4246 mei
3092 4194 3199 4255 est,
3230 4190 3355 4246 fera
3382 4191 3647 4262 pessima
3668 4207 3876 4249 come-

2217 4280 2306 4336 dit
2332 4295 2489 4342 eum,
2520 4278 3029 4335 bestiadevoravit
3053 4279 3299 4351 Joseph.
3333 4278 3662 4352 Scissisque
3692 4281 3876 4337 vesti-

2217 4367 2355 4435 bus,
2389 4367 2626 4423 indutus
2655 4372 2745 4422 est
2782 4366 2991 4437 cilicio,
3014 4367 3225 4438 lugens
3255 4366 3446 4423 ﬁlium
3478 4383 3660 4424 suum
3677 4368 3874 4425 multo

2217 4459 2507 4527 tempore.
2546 4456 2927 4525 Congregatis
2948 4459 3151 4512 autem
3179 4455 3407 4511 cunctis
3431 4454 3635 4511 liberis
3658 4458 3791 4528 ejus
3808 4461 3879 4513 ut

2216 4543 2468 4601 lenirent
2493 4543 2762 4600 dolorem
2787 4545 2988 4615 patris,
3012 4545 3187 4600 nobis
3202 4543 3679 4601 consolationem
3710 4546 3868 4602 acci-

2216 4632 2490 4705 pere,sed
2505 4633 2585 4689 ait
2616 4650 2630 4688 :
2654 4633 3025 4690 Descendam
3046 4633 3125 4690 ad
3140 4632 3325 4689 ﬁlium
3358 4648 3554 4689 meum
3570 4632 3793 4706 lugens
3808 4635 3873 4690 in

2217 4722 2619 4779 infernum.Et
2646 4721 2746 4778 illo
2775 4726 3194 4794 perseverante
3218 4723 3277 4778 in
3322 4722 3485 4787 ﬂetu,
3522 4722 3869 4780 Madianitaa

2214 4810 2608 4867 vendiderunt
2633 4810 2855 4883 Ioseph
2893 4811 2954 4867 in
2974 4814 3230 4884 Egypto
3257 4810 3566 4883 Putiphari
3586 4811 3879 4869 eunucho

2217 4898 2544 4955 Pharaonis
2568 4899 2855 4969 magistro
2876 4899 3154 4956 militum.
3190 4909 3256 4969 ἢ.
3287 4903 3498 4955 Amen.

2287 4988 2637 5058 Antiphona
2663 4992 2711 5043 1.
2740 4989 3098 5046 Laudamini
3121 4989 3184 5045 in
3211 4988 3455 5045 nomine
3485 4991 3699 5046 sancto
3720 4990 3876 5061 ejus,

2214 5078 2441 5135 laetetur
2469 5093 2570 5134 cor
2588 5078 2980 5150 quaerentium
3005 5078 3348 5135 Dominum.
3366 5078 3657 5134 Psalmus.
3688 5095 3798 5135 (11v.

2290 5168 2519 5224 Oratio.
2546 5170 2861 5223 Narrantes
2881 5166 3185 5223 mirabilia
3208 5171 3330 5233 tua,
3357 5167 3628 5232 Domine,
3661 5170 3882 5223 sancto

2218 5258 2318 5311 tuo
2343 5254 2610 5310 laetemur
2638 5256 2699 5310 in
2720 5256 2963 5311 nomine
2995 5274 3007 5313 :
3033 5255 3113 5311 da
3149 5255 3323 5311 nobis
3352 5255 3744 5327 tequaerendi
3775 5269 3877 5313 so-

2215 5341 2561 5407 lertiam;et
2588 5343 2925 5399 inveniendi
2947 5343 3138 5400 tribue
3180 5343 3480 5412 efﬁciam;
3523 5348 3592 5399 ut
3641 5348 3699 5400 te
3744 5359 3886 5400 me-

2215 5444 2456 5486 reamur
2480 5429 2768 5502 aspicere,
2810 5436 2868 5490 et
2895 5431 3093 5490 vultus
3129 5431 3217 5490 tui
3242 5447 3477 5503 semper
3527 5434 3886 5491 ostensione

2218 5518 2503 5592 gaudere.
2515 5530 2581 5593 ﬁ.
2620 5521 2827 5580 Amen.
