4102 6176
482 281 588 350 323

555 413 841 471 Dominus
871 411 967 467 sit.
1001 421 1065 480 ἢ.
1097 411 1180 463 Et.

559 496 793 558 Lauda.
839 489 1292 570 Appropinquet
1321 489 1506 549 oratio
1549 505 1686 547 mea
1709 489 1769 544 in
1799 484 2124 570 conspectu

485 594 609 647 tuo.
646 567 909 644 Domine:
935 567 1006 642 Ρ.
1045 567 1219 640 intret
1262 573 1581 653 postulatio
1624 594 1760 634 mea
1790 589 1992 632 coram
2032 567 2118 637 te;

485 677 816 735 secundum
828 667 1081 732 verbum
1102 677 1270 729 tuum
1281 663 1515 726 viviﬁca
1528 685 1644 725 me.
1671 665 1729 727 ﬁ”.
1759 655 2123 742 Eructabunt

482 758 647 824 labia
673 781 808 822 mea
845 765 1161 836 hymnum,
1187 777 1324 816 cum
1349 757 1622 815 docueris
1646 770 1739 812 me
1745 745 2119 826 justiﬁcatio-

482 869 590 912 nes
620 858 773 912 tuas.
814 849 872 908 P.
898 844 1092 906 Intret.

1151 955 1445 1024 Hymnus.

729 1066 946 1117 Auctor
966 1059 1228 1122 luminis,
1255 1059 1426 1114 Filius
1459 1054 1728 1125 Virginis,

624 1150 908 1220 Paterque
938 1147 1148 1213 Matris,
1185 1145 1477 1217 Filiusque
1507 1142 1718 1212 Patris,

622 1237 730 1301 Qui
754 1251 914 1292 cceco
945 1232 1174 1290 sedenti
1201 1233 1418 1304 stipem
1437 1229 1658 1304 petenti

832 1326 1057 1380 Lumen
1083 1321 1321 1377 dedisti.

727 1411 1073 1482 Sedensque
1093 1425 1285 1465 cmcus
1304 1407 1561 1463 tenebris
1580 1420 1922 1478 oppressus,

619 1503 807 1566 Quem
832 1499 1100 1556 voluerat
1126 1498 1211 1553 sic
1237 1499 1577 1553 nasceretur
1606 1509 1822 1563 ocecus,

621 1593 685 1645 In
715 1604 898 1660 quem
925 1588 1112 1643 virtus
1131 1602 1242 1642 sua
1269 1585 1546 1641 omnibus
1562 1579 1940 1638 credentibus

830 1673 1353 1747 Comprobaretur.

724 1762 1071 1834 Gaudetque
1101 1773 1319 1828 cacus,
1351 1759 1575 1815 lumine
1594 1761 1852 1828 recepto,

622 1851 811 1916 Quem
840 1849 1124 1906 visitabat
1149 1847 1407 1905 Medicus
1435 1845 1716 1913 excelsus,

617 1941 667 1994 Α.
691 1941 858 1996 Patre
888 1938 1162 2005 dilectus,
1185 1941 1250 1992 ut
1278 1935 1615 1992 ablueretur

829 2026 1028 2086 Mundi
1054 2026 1354 2082 delictum.

721 2132 892 2189 Plebs
924 2129 1307 2188 Hebraaorum
1340 2128 1641 2201 simulque
1669 2126 1943 2182 dixerunt
1975 2140 1986 2178 :

615 2225 894 2279 Parentes
917 2221 1043 2293 ejus
1071 2220 1332 2282 veniant,
1365 2226 1470 2290 per
1511 2233 1660 2288 quos
1709 2213 2111 2287 quaesierunt:

615 2311 724 2378 Qui
755 2318 955 2367 emotis
983 2314 1074 2366 est
1095 2314 1295 2376 natus,
1324 2319 1360 2364 α
1388 2307 1559 2377 cujus
1584 2305 1790 2362 virtute
1817 2307 1906 2358 est

825 2392 1243 2456 Iniuminatus.

718 2499 994 2561 Parentes
1024 2507 1225 2559 autem
1242 2497 1625 2558 Hebmowm
1649 2497 1909 2555 fatentur
1939 2511 1952 2551 :

614 2584 696 2647 Ex
726 2595 892 2648 utero
914 2589 1120 2646 matris
1147 2597 1345 2644 caecus
1373 2585 1483 2643 fuit
1516 2589 1693 2642 natus
1721 2599 1732 2638 :

612 2672 872 2736 ditatem
896 2669 1099 2745 habet,
1125 2675 1327 2748 ipsum
1354 2675 1712 2744 interrogate
1741 2693 1756 2743 ;

822 2759 988 2821 Dicat
1011 2761 1318 2820 veritatem

713 2865 1036 2928 Conﬁtetur
1058 2878 1274 2936 caseus,
1313 2863 1412 2940 qui
1443 2860 1636 2923 fuerat
1665 2867 1944 2924 sanatus:

606 2950 697 3014 Ad
726 2970 824 3013 me
850 2958 1098 3014 accessit
1125 2957 1415 3028 Propheta
1434 2965 1713 3024 magnus,

607 3044 788 3115 Cujus
817 3044 1047 3110 virtute,
1078 3043 1274 3111 oeulo,
1295 3048 1350 3099 et
1373 3043 1551 3100 corde
1572 3055 1705 3098 sum

822 3131 1220 3189 Illuminatus.

709 3231 862 3294 Fecit
886 3237 990 3310 qui
1013 3233 1207 3293 lutum
1236 3235 1311 3291 de
1337 3238 1545 3290 sancto
1576 3238 1770 3306 sputo,

600 3321 859 3398 Tegmen
885 3326 1193 3384 oculorum
1214 3323 1384 3380 tinuit
1404 3337 1474 3380 ac
1504 3322 1646 3389 luto,

601 3410 786 3474 Jussit
811 3411 999 3472 laVari
1021 3413 1191 3480 Siloe,
1231 3409 1462 3484 piscina
1481 3421 1578 3469 me

819 3501 1191 3561 Clariﬁcavlt.

707 3607 900 3666 Gloria
936 3601 1103 3678 Patri,
1135 3605 1307 3666 Trin'o
1351 3607 1715 3682 sempiterna

597 3695 814 3769 Gloria,
845 3693 1092 3765 Christo,
1122 3697 1483 3772 Spirituique
1517 3703 1724 3755 sancto
1759 3711 1772 3754 :

600 3787 887 3846 Praedicet
907 3782 1147 3844 Trinum
1167 3783 1268 3860 pia
1283 3796 1428 3844 voce
1454 3795 1675 3844 nomen

810 3879 996 3935 Omne
1023 3891 1130 3949 per
1155 3887 1370 3933 aevum.

665 3961 874 4023 Amen.

521 4081 911 4152 Supplicatio.
939 4081 1188 4139 Oremus
1213 4080 1688 4152 Redemptorem.

522 4197 818 4263 Capitula.
851 4197 1072 4254 Christe
1099 4200 1272 4262 Deus,
1305 4195 1546 4252 luminis
1583 4210 1842 4267 perenne
1885 4196 2096 4268 princi-

447 4286 749 4358 pium,qui
766 4286 1088 4358 septimum
1118 4284 1236 4340 diei
1255 4279 1615 4340 curriculum
1630 4285 2094 4342 sanctiﬁcatione

447 4375 858 4446 potius,quam
891 4373 1235 4446 operatione
1253 4373 1485 4430 voluisti
1505 4383 1636 4428 esse
1659 4366 2089 4445 conﬁtendam,

446 4462 773 4534 quaerimus
804 4478 941 4520 ecce
972 4463 1187 4518 faciem
1208 4469 1395 4534 tuam,
1428 4459 1532 4518 sed
1561 4455 1926 4535 impedimur
1955 4473 2094 4521 con.

447 4550 709 4607 scientiae
731 4555 952 4606 nostrae
980 4549 1224 4607 tenebra
1243 4555 1528 4607 consueta
1551 4561 1869 4608 :conamur
1887 4545 2093 4608 adSur-

442 4653 600 4710 gere,
634 4640 740 4696 sed
770 4633 1096 4695 relabimur
1123 4633 1184 4694 in
1207 4649 1554 4709 maerorem;
1585 4650 1707 4696 non
1742 4651 1886 4711 ergo
1948 4641 2091 4714 abji-

441 4729 567 4785 cias
580 4729 632 4784 te
653 4727 1120 4801 quaarentes,qui
1139 4741 1262 4785 non
1280 4729 1681 4801 quaerentibus
1693 4739 1983 4802 apparere
2003 4727 2088 4786 di-

441 4819 657 4887 gnatus
686 4831 775 4874 es.
799 4819 944 4874 Ecce
973 4817 1205 4874 dierum
1229 4820 1574 4875 nostrorum
1596 4813 1863 4875 decimas
1881 4822 2086 4876 sancto

437 4909 540 4962 tuo
552 4906 770 4962 nomini
784 4907 1000 4962 annuis
1011 4908 1351 4964 recursibus
1363 4907 1758 4979 persolventes
1768 4906 2085 4978 ,septimum

434 5003 597 5049 nunc
635 5002 704 5049 ex
738 4994 883 5067 ipsis
905 4988 1154 5052 decimis
1166 4990 1705 5068 peregimusdiem;
1727 4993 1961 5065 daergo
1980 5011 2084 5054 no-

432 5077 527 5139 bis
552 5076 919 5154 adjutorium
964 5083 1025 5140 in
1051 5085 1233 5156 hujus
1261 5083 1550 5142 laboriosi
1577 5084 1803 5140 itineris
1842 5083 1939 5141 via
1959 5095 2080 5157 quo

430 5167 679 5229 inlibata
709 5165 818 5229 tibi
847 5173 1052 5229 nostra
1081 5168 1431 5228 dedicentur
1456 5169 1749 5246 obsequia
1785 5186 1798 5231 :
1827 5173 1892 5232 ut
1917 5173 2082 5232 labo~

428 5273 524 5316 res
552 5268 791 5318 nostros
821 5257 1042 5319 amoris
1069 5255 1154 5315 tui
1193 5255 1490 5317 desiderio
1510 5259 1756 5334 releves,
1790 5268 1845 5321 et
1886 5273 2081 5322 socor-

428 5349 594 5406 diam
620 5365 833 5406 sensus
856 5349 1044 5405 nostri
1071 5347 1301 5403 fervida
1331 5346 1792 5408 dilectionistute
1815 5349 2078 5412 ubertate

427 5442 757 5510 exuscites;
786 5441 850 5495 ut
873 5437 934 5493 in
955 5437 1010 5494 te
1051 5433 1172 5494 vita
1200 5441 1404 5493 nostra
1451 5451 1573 5495 non
1638 5437 1810 5515 1'79
1859 5438 2081 5502 habeat

428 5537 636 5588 casum
665 5527 772 5588 sed
797 5527 950 5588 ﬁdes
975 5523 1238 5591 inveniat
1264 5521 1600 5600 praemium.

1744 240 2197 330 BREVIARIUM
2238 247 2627 320 GOTHICUM.

2156 386 2204 442 A
2303 387 2469 442 Pater
2496 391 2717 444 noster.

2301 475 2634 532 Humilitate
2664 491 2771 532 vos
2787 473 3203 531 benedictioni.

2303 565 2588 619 Dominus
2613 565 2684 621 sit
2710 577 2946 636 semper
2968 559 3305 618 vobiscum.
3333 569 3395 630 11-.
3431 561 3495 615 Et
3527 569 3684 615 cum.

2301 650 3072 724 Benedit‘tioﬂmnipotens
3095 651 3247 704 Deus
3282 655 3389 719 per
3435 648 3888 704 observantiam

2228 738 2445 795 horum
2475 741 2707 796 dierum
2731 739 3004 812 puriﬁcet
3030 736 3214 795 corda
3242 741 3439 793 Vestra
3461 737 3538 793 ab
3565 738 3734 794 omni
3748 749 3890 794 con-

2232 825 2468 897 tagione
2493 830 2931 900 peccaminum.
2976 839 3038 898 11v.
3071 831 3279 882 Amen.
3317 827 3406 882 Sic
3434 835 3540 882 nos
3595 826 3657 882 in
3699 827 3884 882 servi-

2229 915 2350 972 tute
2399 923 2507 973 sua
2546 917 2770 973 timoris
2827 917 2916 972 sui
2953 915 3081 985 lege
3113 914 3501 985 constringat,
3547 919 3612 970 ut
3658 916 3888 972 amoris

2227 1005 2476 1074 praemio
2505 1006 2718 1061 foveat.
2755 1013 2814 1075 ἢ.
2851 999 3056 1059 Amen”.
3095 1005 3224 1069 Quo
3253 1001 3547 1059 desiderio
3591 1005 3886 1062 aiternita-

2231 1091 2300 1146 tis
2331 1091 2567 1148 labores
2600 1100 2828 1149 vestros
2858 1094 3096 1165 copiose
3126 1091 3420 1155 reficiens,
3445 1092 3608 1164 regni
3643 1094 3738 1149 sui
3771 1105 3886 1150 nos

2228 1177 2445 1237 efﬁciat
2470 1178 2806 1238 coheredes.
2842 1193 2903 1252 ne.
2929 1186 3138 1238 Amen.

2298 1271 2403 1324 Per
2431 1269 2925 1326 misericordiam.

2299 1357 2527 1413 Lauda.
2560 1357 2821 1427 Utinam,
2845 1359 3112 1422 Domine,
3139 1357 3467 1429 dignantUr
3506 1359 3620 1415 viae
3639 1363 3885 1425 nostrae,

2227 1444 2400 1500 P.Ad
2433 1446 3314 1518 Custodiendasjustiiicationes
3331 1446 3481 1503 tuas.
3508 1447 3567 1508 ν.
3587 1452 3889 1506 Ttmcnon

2226 1533 2581 1602 confundat,
2615 1535 2762 1592 dum
2788 1536 3046 1607 respicio
3096 1537 3158 1592 in
3179 1535 3384 1592 Omnia
3427 1537 3711 1594 mandata
3755 1543 3884 1594 tua.

2224 1622 2296 1678 P.
2319 1622 2401 1677 Ad
2433 1624 2943 1684 custodiendasﬁ’.
2977 1625 3188 1691 GIOria,
3215 1629 3270 1682 et
3290 1627 3505 1692 honor,
3539 1629 3653 1683 etc.
3689 1626 3759 1681 P.
3792 1627 3889 1683 Ad

2145 1714 2189 1780 ﬁ
2226 1711 2668 1769 Custodiendas.

2298 1800 2520 1857 Oratio.
2549 1801 2888 1871 Dirigantur
2913 1803 3022 1857 viae
3045 1799 3280 1869 ηοείιιίε,
3316 1803 3669 1874 Domine,ad
3687 1807 3887 1860 custo-

2225 1887 2477 1945 diendas
2496 1889 2948 1959 justiticationes
2983 1895 3112 1947 tuas
3140 1909 3151 1959 ;
3177 1895 3234 1948 et
3258 1892 3360 1963 qui
3412 1892 3560 1961 legis
3590 1895 3708 1948 tuae
3747 1894 3884 1948 niti-

2225 1985 2361 2031 mur
2395 1979 2751 2048 persCrutari
2782 1983 3027 2047 secreta,
3064 1983 3163 2036 tua
3185 1979 3433 2051 Equoque
3472 1981 3885 2052 perducantur

2226 2063 2305 2119 ad
2325 2066 2591 2136 praemia.
2620 2077 2686 2136 BI.
2717 2070 2925 2123 Amen.

2295 2149 2520 2209 Lauda.
2555 2149 2620 2210 lu
2638 2157 2756 2212 toto
2786 2155 2964 2212 corde
2995 2171 3132 2212 meo
3169 2156 3320 2212 Deus
3350 2157 3671 2228 exsquisivi
3698 2161 3783 2214 te:
3819 2161 3886 2214 P.

2223 2243 2304 2296 Ne
2333 2243 2584 2313 repellas
2616 2253 2713 2299 ine
2752 2245 3107 2300 amendatis
3134 2245 3268 2303 tuis.
3305 2244 3368 2305 ν.
3403 2249 3466 2300 in
3514 2243 3697 2302 Corde
3739 2262 3888 2303 meo

2224 2331 2511 2388 abscondi
2542 2331 2783 2404 eloquia
2822 2338 2955 2389 tua:
2986 2338 3049 2389 ut
3076 2349 3198 2389 non
3239 2345 3480 2406 peccem
3521 2335 3645 2391 tibi.
3693 2337 3759 2390 P.
3799 2338 3889 2392 Ne

2224 2419 2500 2491 repellas.
2536 2421 2596 2482 il.
2630 2419 2840 2490 Gloria,
2871 2426 2927 2478 et
2953 2422 3165 2486 honor,
3189 2425 3298 2478 etc.
3329 2423 3388 2479 Ρ.
3423 2417 3501 2479 Ne
3530 2423 3805 2495 repellas.

2297 2508 2526 2564 Oratio.
2567 2511 2631 2564 ln
2662 2508 2756 2565 via
2777 2511 3259 2567 testimoniorum
3291 2516 3554 2578 tuorum,
3602 2503 3887 2580 Domine,

2224 2595 2402 2667 quasi
2427 2596 2490 2652 in
2519 2589 2802 2654 Omnibus
2823 2598 3042 2654 divitiis
3070 2599 3464 2667 delectamur;
3489 2609 3688 2674 neque
3715 2601 3889 2658 enim

2223 2683 2552 2756 quicquam
2581 2685 2758 2742 nobis
2791 2687 3003 2743 decese
3031 2687 3354 2753 credimus,
3387 2699 3526 2745 cum
3575 2693 3627 2745 te
3669 2690 3892 2762 propi-

2223 2773 2373 2829 tium
2401 2774 2614 2831 adesse
2653 2776 3097 2847 cognoscimus.
3135 2787 3199 2848 te.
3223 2784 3426 2835 Amen.

2292 2862 2403 2918 Per
2431 2863 2920 2921 misericordiam.

2289 2951 2562 3008 Psalmus
2589 2969 2641 3008 L.
2679 2954 2848 3010 Totus
2879 2960 3008 3010 c‘um
3048 2955 3262 3025 Gloria,
3291 2959 3346 3013 et
3373 2955 3580 3019 horter,
3609 2961 3728 3013 etc.

2141 3063 2180 3123 ρ
2291 3040 2465 3112 Kyrie
2494 3041 2733 3100 eleison.
2780 3043 3030 3110 Christe,
3080 3044 3319 3100 eleison.
3372 3044 3562 3116 Kyrie,
3618 3045 3876 3104 eleison.

2217 3129 2328 3184 Sub
2344 3131 2575 3186 silentio
2607 3147 2619 3197 ;
2650 3133 2866 3188 Postea
2895 3131 3121 3190 Preces.

2286 3217 2504 3274 Preces.
2540 3219 2788 3276 Domine
2813 3217 3381 3280 misericordiarum‘.
3417 3225 3475 3278 Ρ.
3503 3221 3876 3280 Obliviscere

2213 3311 2457 3377 peccata
2476 3312 2698 3364 nostra.
2733 3320 2795 3380 Η.
2826 3310 2935 3375 Qui
2966 3312 3307 3383 pertingens
3345 3323 3382 3368 a
3403 3311 3525 3367 fine
3575 3312 3636 3367 in
3677 3311 3879 3370 ﬁnem

2213 3395 2455 3463 fortiter,
2486 3397 2756 3469 disponis
2776 3400 2982 3456 omnia
3005 3401 3283 3458 suaviter.
3299 3401 3360 3456 Ρ.
3397 3400 3778 3458 Obliviscere.
3803 3404 3875 3463 ἲν.

2216 3485 2327 3548 Qui
2353 3485 2413 3540 in
2435 3485 2618 3541 ﬁnem
2659 3489 2944 3560 temporis
2973 3496 3481 3546 commemoratae
3532 3491 3747 3559 nostri,
3790 3492 3880 3549 ad

2212 3573 2590 3629 redimendos
2605 3585 2728 3631 non
2758 3577 3132 3634 descendisti.
3158 3579 3217 3634 P.
3254 3579 3631 3636 Obliviscere.
3660 3579 3723 3640 ῒ.
3759 3581 3878 3645 Qui

2214 3669 2285 3717 ex
2311 3663 2507 3718 Marias
2535 3663 2786 3734 Virginis
2824 3670 2989 3722 utero
3032 3677 3138 3738 per
3192 3669 3549 3740 mysterium
3590 3668 3774 3726 nobis
3807 3684 3877 3725 es

2214 3751 2466 3821 genitus,
2500 3752 2561 3806 P.
2589 3752 2962 3810 Obliviscere.

2282 3857 2504 3915 Oratio.
2525 3852 2754 3916 Exaudi
2783 3860 3108 3917 orationem
3135 3861 3423 3920 nostram.
3453 3857 3563 3932 fol.
3597 3860 3719 3922 138.

2279 3963 2551 4037 Hymnus.
2585 3961 2813 4023 Eterne
2837 3982 3038 4025 rerum
3067 3962 3371 4027 Conditor.
3407 3969 3516 4040 fol.
3543 3975 3596 4027 3.

2278 4073 2502 4130 Oratio.
2530 4074 2772 4130 Domine
2794 4077 2949 4130 Deus
2963 4077 3129 4133 Pater
3145 4077 3867 4152 omnipotensinspirator

2204 4176 2470 4234 precum,
2507 4167 2676 4234 teque
2727 4163 3136 4220 invocantium
3186 4165 3356 4221 velox
3407 4165 3689 4236 auditor;
3727 4169 3863 4226 voci

2203 4256 2442 4318 nostrae,
2476 4253 3076 4320 oramus,clementitn
3100 4259 3217 4310 tute
3248 4271 3457 4312 aurem
3483 4271 3734 4329 appone
3760 4278 3774 4327 ;
3806 4263 3866 4315 et

2202 4343 2547 4395 nostrorum
2586 4339 2823 4395 vincula
2855 4342 3275 4413 peccaminum
3327 4343 3549 4415 potenti
3610 4345 3866 4404 misera-

2123 4420 2169 4475 D
2203 4428 2359 4486 tione
2385 4427 2672 4484 dissolve:
2704 4445 2774 4485 ac
2796 4429 2947 4486 sicut
2964 4446 3077 4488 nos
3108 4431 3401 4502 gallorum
3422 4433 3760 4491 canoribus
3781 4434 3866 4492 ad

2199 4517 2554 4573 matutinam
2593 4518 2849 4589 gratiam
2875 4535 3170 4591 provocas
3207 4537 3588 4594 consurgere,
3623 4528 3684 4580 et
3726 4540 3863 4597 pro-

2199 4606 2415 4678 phetali
2431 4607 2707 4663 vaticinio
2727 4608 2784 4663 in
2812 4608 3008 4664 lucem
3039 4610 3305 4679 gentium
3334 4613 3524 4666 unica:
3559 4611 3864 4685 Redemp-

2198 4696 2372 4752 tionis
2400 4701 2453 4752 te
2486 4698 2888 4768 prtenuntias;
2916 4697 2996 4754 ita
3014 4713 3196 4769 nunc,
3242 4699 3617 4756 initiantibus
3651 4702 3862 4772 nobis,

2194 4785 2407 4841 intuitu
2437 4801 2696 4858 superno
2719 4786 2938 4843 adsiste
2965 4808 2980 4843 :
3012 4787 3096 4843 sic
3123 4805 3476 4861 quaesumus
3517 4789 3864 4848 famulatus

2192 4873 2377 4929 nostri
2405 4879 2542 4931 vota
2574 4875 2887 4948 suscipias,
2913 4879 2978 4933 ut
3001 4876 3081 4933 ad
3109 4876 3306 4934 lucem
3331 4877 3481 4934 lucis
3507 4879 3870 4938 abundanti

2192 4977 2304 5019 nos
2341 4963 2754 5020 misericordia
2782 4964 3154 5023 sublevando
3185 4967 3503 5038 perducas.
3539 4979 3608 5040 ﬂ.
3631 4970 3864 5026 Amen.

2262 5055 2366 5108 Per
2381 5053 2876 5111 misericordiam.

2259 5160 2613 5228 Antiphona
2643 5164 2690 5214 1.
2721 5160 2967 5216 Domine
2987 5161 3136 5232 quid
3168 5161 3546 5234 multiplicati
3571 5168 3720 5220 sunt
3744 5165 3869 5236 qui

2188 5247 2474 5304 tribulam
2499 5265 2596 5304 me
2623 5250 2650 5304 ‘I
2681 5251 2764 5306 Tu
2793 5254 2996 5307 autem.
3024 5250 3276 5308 Domine
3305 5257 3616 5324 susceptor
3647 5269 3859 5313 meus.

2187 5337 2460 5392 Psatmus
2491 5353 2569 5394 ut.

2256 5443 2593 5511 Antiphona
2623 5445 2675 5502 2.
2721 5448 2880 5504 Lava
2913 5457 3012 5503 me
3050 5446 3132 5504 ab
3180 5447 3470 5520 injustitia
3511 5463 3690 5507 mea:
3724 5454 3784 5507 et
3815 5464 3870 5514 ι

2186 5534 2431 5603 peccato
2457 5540 2598 5594 meo
2617 5536 2848 5596 munda
2863 5543 2981 5604 me,
3010 5537 3282 5596 Domine.
3307 5533 3596 5597 Psalmus
3628 5553 3691 5601 ι..
