  <div class='ocr_page' id='page_1' title='image "/cluster/home/n/w/nwhite01/storage/ocr_20150623/86/hvd.32044054758909/170.png"; bbox 0 0 4102 6176; ppageno 0'>
   <div class='ocr_carea' id='block_1_1' title="bbox 1344 198 3598 293">
    <p class='ocr_par' dir='ltr' id='par_1_1' title="bbox 1344 198 3598 293">
     <span class='ocr_line' id='line_1_1' title="bbox 1344 198 3598 293; baseline 0.017 -38"><span class='ocrx_word' id='word_1_1' title='bbox 1344 198 1698 257; x_wconf 86' lang='lat' dir='ltr'><strong>DOMINICA</strong></span> <span class='ocrx_word' id='word_1_2' title='bbox 1734 201 1781 256; x_wconf 88' lang='lat' dir='ltr'><strong>II</strong></span> <span class='ocrx_word' id='word_1_3' title='bbox 1822 200 2429 277; x_wconf 68' lang='lat' dir='ltr'><strong>QUADRAGESIME.</strong></span> <span class='ocrx_word' id='word_1_4' title='bbox 3490 236 3598 293; x_wconf 88' lang='lat'><strong>330</strong></span> 
     </span>
    </p>
   </div>
   <div class='ocr_carea' id='block_1_2' title="bbox 1862 328 3568 423">
    <p class='ocr_par' dir='ltr' id='par_1_2' title="bbox 1862 328 3568 423">
     <span class='ocr_line' id='line_1_2' title="bbox 1862 328 3568 423; baseline 0.022 -40"><span class='ocrx_word' id='word_1_5' title='bbox 1862 328 1911 385; x_wconf 87' lang='lat' dir='ltr'><strong>A</strong></span> <span class='ocrx_word' id='word_1_6' title='bbox 1946 331 2203 423; x_wconf 84' lang='lat' dir='ltr'><strong>salutare</strong></span> <span class='ocrx_word' id='word_1_7' title='bbox 2228 344 2419 407; x_wconf 93' lang='lat' dir='ltr'><strong>tuum,</strong></span> <span class='ocrx_word' id='word_1_8' title='bbox 2452 346 2509 400; x_wconf 92' lang='lat' dir='ltr'><strong>et</strong></span> <span class='ocrx_word' id='word_1_9' title='bbox 2536 344 2843 420; x_wconf 86' lang='lat' dir='ltr'><strong>eloquium</strong></span> <span class='ocrx_word' id='word_1_10' title='bbox 2874 352 3062 407; x_wconf 91' lang='lat' dir='ltr'><strong>tuum.</strong></span> <span class='ocrx_word' id='word_1_11' title='bbox 3095 354 3166 410; x_wconf 88' lang='lat' dir='ltr'><strong>P.</strong></span> <span class='ocrx_word' id='word_1_12' title='bbox 3191 356 3358 423; x_wconf 82' lang='lat' dir='ltr'>Quia.</span> <span class='ocrx_word' id='word_1_13' title='bbox 3380 357 3568 421; x_wconf 60' lang='lat'><strong>17.610</strong></span> 
     </span>
    </p>
   </div>
   <div class='ocr_carea' id='block_1_3' title="bbox 1942 420 2524 496">
    <p class='ocr_par' dir='ltr' id='par_1_3' title="bbox 1942 420 2524 496">
     <span class='ocr_line' id='line_1_3' title="bbox 1942 420 2524 496; baseline 0.024 -22"><span class='ocrx_word' id='word_1_14' title='bbox 1942 420 2051 490; x_wconf 89' lang='lat' dir='ltr'><strong>ria,</strong></span> <span class='ocrx_word' id='word_1_15' title='bbox 2074 427 2131 480; x_wconf 89' lang='lat' dir='ltr'><strong>et</strong></span> <span class='ocrx_word' id='word_1_16' title='bbox 2156 425 2367 496; x_wconf 88' lang='lat' dir='ltr'><strong>honor,</strong></span> <span class='ocrx_word' id='word_1_17' title='bbox 2415 435 2524 488; x_wconf 89' lang='lat' dir='ltr'><strong>etc.</strong></span> 
     </span>
    </p>
   </div>
   <div class='ocr_carea' id='block_1_4' title="bbox 2017 509 3589 608">
    <p class='ocr_par' dir='ltr' id='par_1_4' title="bbox 2017 509 3589 608">
     <span class='ocr_line' id='line_1_4' title="bbox 2017 509 3589 608; baseline 0.019 -42"><span class='ocrx_word' id='word_1_18' title='bbox 2017 509 2238 582; x_wconf 73' lang='lat' dir='ltr'><strong>Oratio,</strong></span> <span class='ocrx_word' id='word_1_19' title='bbox 2285 516 2407 576; x_wconf 92' lang='lat' dir='ltr'><strong>Tua</strong></span> <span class='ocrx_word' id='word_1_20' title='bbox 2447 535 2629 593; x_wconf 82' lang='lat' dir='ltr'><strong>super</strong></span> <span class='ocrx_word' id='word_1_21' title='bbox 2678 538 2790 579; x_wconf 91' lang='lat' dir='ltr'><strong>nos</strong></span> <span class='ocrx_word' id='word_1_22' title='bbox 2841 524 3269 601; x_wconf 83' lang='lat' dir='ltr'><strong>misericordia,</strong></span> <span class='ocrx_word' id='word_1_23' title='bbox 3316 533 3589 608; x_wconf 88' lang='lat' dir='ltr'><strong>Domine,</strong></span> 
     </span>
    </p>
   </div>
   <div class='ocr_carea' id='block_1_5' title="bbox 1944 596 3591 686">
    <p class='ocr_par' dir='ltr' id='par_1_5' title="bbox 1944 596 3591 686">
     <span class='ocr_line' id='line_1_5' title="bbox 1944 596 3591 686; baseline 0.017 -33"><span class='ocrx_word' id='word_1_24' title='bbox 1944 596 2090 655; x_wconf 89' lang='lat' dir='ltr'><strong>dum</strong></span> <span class='ocrx_word' id='word_1_25' title='bbox 2127 617 2434 674; x_wconf 82' lang='lat' dir='ltr'><strong>rogamus,</strong></span> <span class='ocrx_word' id='word_1_26' title='bbox 2483 609 2793 668; x_wconf 82' lang='lat' dir='ltr'><strong>adveniat:</strong></span> <span class='ocrx_word' id='word_1_27' title='bbox 2842 616 3131 686; x_wconf 90' lang='lat' dir='ltr'><strong>tuumque</strong></span> <span class='ocrx_word' id='word_1_28' title='bbox 3189 596 3444 679; x_wconf 82' lang='lat' dir='ltr'><strong>salutare</strong></span> <span class='ocrx_word' id='word_1_29' title='bbox 3487 596 3591 682; x_wconf 76' lang='lat' dir='ltr'><strong>cor</strong></span> 
     </span>
    </p>
   </div>
   <div class='ocr_carea' id='block_1_6' title="bbox 1944 691 3590 770">
    <p class='ocr_par' dir='ltr' id='par_1_6' title="bbox 1944 691 3590 770">
     <span class='ocr_line' id='line_1_6' title="bbox 1944 691 3590 770; baseline 0.016 -29"><span class='ocrx_word' id='word_1_30' title='bbox 1944 691 2212 747; x_wconf 88' lang='lat' dir='ltr'><strong>nostrum</strong></span> <span class='ocrx_word' id='word_1_31' title='bbox 2244 692 2578 767; x_wconf 90' lang='lat' dir='ltr'><strong>eloquatur,</strong></span> <span class='ocrx_word' id='word_1_32' title='bbox 2601 702 2660 755; x_wconf 92' lang='lat' dir='ltr'><strong>et</strong></span> <span class='ocrx_word' id='word_1_33' title='bbox 2674 700 2924 758; x_wconf 83' lang='lat' dir='ltr'><strong>eruditio</strong></span> <span class='ocrx_word' id='word_1_34' title='bbox 2944 707 3174 760; x_wconf 86' lang='lat' dir='ltr'><strong>mentes</strong></span> <span class='ocrx_word' id='word_1_35' title='bbox 3192 712 3430 765; x_wconf 87' lang='lat' dir='ltr'><strong>nostras</strong></span> <span class='ocrx_word' id='word_1_36' title='bbox 3450 726 3590 770; x_wconf 88' lang='lat' dir='ltr'><strong>enu-</strong></span> 
     </span>
    </p>
   </div>
   <div class='ocr_carea' id='block_1_7' title="bbox 1944 774 3590 867">
    <p class='ocr_par' dir='ltr' id='par_1_7' title="bbox 1944 774 3590 867">
     <span class='ocr_line' id='line_1_7' title="bbox 1944 774 3590 867; baseline 0.015 -38"><span class='ocrx_word' id='word_1_37' title='bbox 1944 774 2104 831; x_wconf 89' lang='lat' dir='ltr'><strong>triat:</strong></span> <span class='ocrx_word' id='word_1_38' title='bbox 2146 785 2202 835; x_wconf 89' lang='lat' dir='ltr'><strong>ut</strong></span> <span class='ocrx_word' id='word_1_39' title='bbox 2230 781 2333 853; x_wconf 92' lang='lat' dir='ltr'><strong>qui</strong></span> <span class='ocrx_word' id='word_1_40' title='bbox 2358 784 2419 839; x_wconf 93' lang='lat' dir='ltr'><strong>in</strong></span> <span class='ocrx_word' id='word_1_41' title='bbox 2450 786 2563 841; x_wconf 82' lang='lat' dir='ltr'><strong>tuis</strong></span> <span class='ocrx_word' id='word_1_42' title='bbox 2585 803 2895 859; x_wconf 85' lang='lat' dir='ltr'><strong>speramus</strong></span> <span class='ocrx_word' id='word_1_43' title='bbox 2927 790 3326 861; x_wconf 88' lang='lat' dir='ltr'><strong>sermonibus,</strong></span> <span class='ocrx_word' id='word_1_44' title='bbox 3344 794 3459 851; x_wconf 87' lang='lat' dir='ltr'><strong>tuis</strong></span> <span class='ocrx_word' id='word_1_45' title='bbox 3484 812 3590 867; x_wconf 87' lang='lat' dir='ltr'><strong>per</strong></span> 
     </span>
    </p>
   </div>
   <div class='ocr_carea' id='block_1_8' title="bbox 1940 865 3591 954">
    <p class='ocr_par' dir='ltr' id='par_1_8' title="bbox 1940 865 3591 954">
     <span class='ocr_line' id='line_1_8' title="bbox 1940 865 3591 954; baseline 0.014 -36"><span class='ocrx_word' id='word_1_46' title='bbox 1940 865 2146 922; x_wconf 86' lang='lat' dir='ltr'><strong>omnia</strong></span> <span class='ocrx_word' id='word_1_47' title='bbox 2161 870 2907 933; x_wconf 89' lang='lat' dir='ltr'><strong>consolemurvirtutibus:</strong></span> <span class='ocrx_word' id='word_1_48' title='bbox 2937 895 3007 935; x_wconf 92' lang='lat' dir='ltr'><strong>ac</strong></span> <span class='ocrx_word' id='word_1_49' title='bbox 3040 879 3187 937; x_wconf 92' lang='lat' dir='ltr'><strong>dum</strong></span> <span class='ocrx_word' id='word_1_50' title='bbox 3221 897 3357 954; x_wconf 87' lang='lat' dir='ltr'><strong>spes</strong></span> <span class='ocrx_word' id='word_1_51' title='bbox 3380 865 3591 941; x_wconf 68' lang='lat' dir='ltr'><strong>nostra.</strong></span> 
     </span>
    </p>
   </div>
   <div class='ocr_carea' id='block_1_9' title="bbox 1938 950 3587 1042">
    <p class='ocr_par' dir='ltr' id='par_1_9' title="bbox 1938 950 3587 1042">
     <span class='ocr_line' id='line_1_9' title="bbox 1938 950 3587 1042; baseline 0.015 -37"><span class='ocrx_word' id='word_1_52' title='bbox 1938 950 1997 1042; x_wconf 72' lang='lat' dir='ltr'><strong>in</strong></span> <span class='ocrx_word' id='word_1_53' title='bbox 2034 956 2088 1008; x_wconf 90' lang='lat' dir='ltr'><strong>te</strong></span> <span class='ocrx_word' id='word_1_54' title='bbox 2123 955 2410 1027; x_wconf 83' lang='lat' dir='ltr'><strong>dirigitur,</strong></span> <span class='ocrx_word' id='word_1_55' title='bbox 2444 964 2569 1034; x_wconf 90' lang='lat' dir='ltr'><strong>spei</strong></span> <span class='ocrx_word' id='word_1_56' title='bbox 2598 964 2787 1036; x_wconf 87' lang='lat' dir='ltr'><strong>ipsius</strong></span> <span class='ocrx_word' id='word_1_57' title='bbox 2816 981 2854 1023; x_wconf 88' lang='lat' dir='ltr'><strong>a</strong></span> <span class='ocrx_word' id='word_1_58' title='bbox 2884 970 2938 1023; x_wconf 92' lang='lat' dir='ltr'><strong>te</strong></span> <span class='ocrx_word' id='word_1_59' title='bbox 2962 967 3136 1026; x_wconf 90' lang='lat' dir='ltr'><strong>nobis</strong></span> <span class='ocrx_word' id='word_1_60' title='bbox 3156 950 3357 1042; x_wconf 75' lang='lat' dir='ltr'><strong>petitio</strong></span> <span class='ocrx_word' id='word_1_61' title='bbox 3374 987 3587 1031; x_wconf 87' lang='lat' dir='ltr'><strong>conce-</strong></span> 
     </span>
    </p>
   </div>
   <div class='ocr_carea' id='block_1_10' title="bbox 1936 1040 2472 1113">
    <p class='ocr_par' dir='ltr' id='par_1_10' title="bbox 1936 1040 2472 1113">
     <span class='ocr_line' id='line_1_10' title="bbox 1936 1040 2472 1113; baseline 0.021 -18"><span class='ocrx_word' id='word_1_62' title='bbox 1936 1040 2129 1099; x_wconf 83' lang='lat' dir='ltr'><strong>datur.</strong></span> <span class='ocrx_word' id='word_1_63' title='bbox 2164 1055 2233 1113; x_wconf 65' lang='grc' dir='ltr'><strong>Βε.</strong></span> <span class='ocrx_word' id='word_1_64' title='bbox 2263 1048 2472 1106; x_wconf 83' lang='lat' dir='ltr'><strong>Amen.</strong></span> 
     </span>
    </p>
   </div>
   <div class='ocr_carea' id='block_1_11' title="bbox 2008 1132 2640 1199">
    <p class='ocr_par' dir='ltr' id='par_1_11' title="bbox 2008 1132 2640 1199">
     <span class='ocr_line' id='line_1_11' title="bbox 2008 1132 2640 1199; baseline 0.024 -16"><span class='ocrx_word' id='word_1_65' title='bbox 2008 1132 2113 1185; x_wconf 88' lang='lat' dir='ltr'><strong>Per</strong></span> <span class='ocrx_word' id='word_1_66' title='bbox 2150 1133 2640 1199; x_wconf 89' lang='lat' dir='ltr'><strong>misericordiam.</strong></span> 
     </span>
    </p>
   </div>
   <div class='ocr_carea' id='block_1_12' title="bbox 2007 1220 3586 1305">
    <p class='ocr_par' dir='ltr' id='par_1_12' title="bbox 2007 1220 3586 1305">
     <span class='ocr_line' id='line_1_12' title="bbox 2007 1220 3586 1305; baseline 0.013 -32"><span class='ocrx_word' id='word_1_67' title='bbox 2007 1220 2215 1278; x_wconf 83' lang='lat' dir='ltr'><strong>Lauda</strong></span> <span class='ocrx_word' id='word_1_68' title='bbox 2238 1227 2293 1281; x_wconf 90' lang='lat'><strong>3.</strong></span> <span class='ocrx_word' id='word_1_69' title='bbox 2320 1224 2525 1283; x_wconf 82' lang='lat' dir='ltr'><strong>Veniat</strong></span> <span class='ocrx_word' id='word_1_70' title='bbox 2552 1245 2733 1301; x_wconf 88' lang='lat' dir='ltr'><strong>super</strong></span> <span class='ocrx_word' id='word_1_71' title='bbox 2755 1232 3586 1305; x_wconf 88' lang='lat' dir='ltr'><strong>nos,Domine,misericordia</strong></span> 
     </span>
    </p>
   </div>
   <div class='ocr_carea' id='block_1_13' title="bbox 1936 1308 3585 1394">
    <p class='ocr_par' dir='ltr' id='par_1_13' title="bbox 1936 1308 3585 1394">
     <span class='ocr_line' id='line_1_13' title="bbox 1936 1308 3585 1394; baseline 0.012 -34"><span class='ocrx_word' id='word_1_72' title='bbox 1936 1308 2037 1362; x_wconf 88' lang='lat' dir='ltr'><strong>tua</strong></span> <span class='ocrx_word' id='word_1_73' title='bbox 2069 1324 2081 1361; x_wconf 93' lang='lat'><strong>:</strong></span> <span class='ocrx_word' id='word_1_74' title='bbox 2115 1311 2190 1365; x_wconf 93' lang='lat' dir='ltr'><strong>P.</strong></span> <span class='ocrx_word' id='word_1_75' title='bbox 2250 1313 2515 1371; x_wconf 90' lang='lat' dir='ltr'><strong>Salutare</strong></span> <span class='ocrx_word' id='word_1_76' title='bbox 2563 1320 2754 1384; x_wconf 90' lang='lat' dir='ltr'><strong>tuum,</strong></span> <span class='ocrx_word' id='word_1_77' title='bbox 2795 1324 2853 1376; x_wconf 88' lang='lat' dir='ltr'><strong>et</strong></span> <span class='ocrx_word' id='word_1_78' title='bbox 2870 1320 3176 1394; x_wconf 89' lang='lat' dir='ltr'><strong>eloquium</strong></span> <span class='ocrx_word' id='word_1_79' title='bbox 3209 1328 3398 1380; x_wconf 90' lang='lat' dir='ltr'><strong>tuum.</strong></span> <span class='ocrx_word' id='word_1_80' title='bbox 3424 1324 3486 1385; x_wconf 68' lang='lat'><strong>)7.</strong></span> <span class='ocrx_word' id='word_1_81' title='bbox 3518 1326 3585 1380; x_wconf 88' lang='lat' dir='ltr'><strong>Et</strong></span> 
     </span>
    </p>
   </div>
   <div class='ocr_carea' id='block_1_14' title="bbox 1934 1397 3584 1485">
    <p class='ocr_par' dir='ltr' id='par_1_14' title="bbox 1934 1397 3584 1485">
     <span class='ocr_line' id='line_1_14' title="bbox 1934 1397 3584 1485; baseline 0.012 -36"><span class='ocrx_word' id='word_1_82' title='bbox 1934 1397 2311 1467; x_wconf 86' lang='lat' dir='ltr'><strong>respondebo</strong></span> <span class='ocrx_word' id='word_1_83' title='bbox 2345 1404 2847 1475; x_wconf 76' lang='lat' dir='ltr'><strong>exprobrantibus</strong></span> <span class='ocrx_word' id='word_1_84' title='bbox 2899 1410 3045 1465; x_wconf 92' lang='lat' dir='ltr'><strong>mihi</strong></span> <span class='ocrx_word' id='word_1_85' title='bbox 3089 1412 3391 1469; x_wconf 84' lang='lat' dir='ltr'><strong>verbum:</strong></span> <span class='ocrx_word' id='word_1_86' title='bbox 3439 1414 3584 1485; x_wconf 88' lang='lat' dir='ltr'><strong>quia</strong></span> 
     </span>
    </p>
   </div>
   <div class='ocr_carea' id='block_1_15' title="bbox 1937 1486 3573 1565">
    <p class='ocr_par' dir='ltr' id='par_1_15' title="bbox 1937 1486 3573 1565">
     <span class='ocr_line' id='line_1_15' title="bbox 1937 1486 3573 1565; baseline 0.012 -28"><span class='ocrx_word' id='word_1_87' title='bbox 1937 1486 2170 1555; x_wconf 88' lang='lat' dir='ltr'><strong>speravi</strong></span> <span class='ocrx_word' id='word_1_88' title='bbox 2194 1486 2255 1542; x_wconf 94' lang='lat' dir='ltr'><strong>in</strong></span> <span class='ocrx_word' id='word_1_89' title='bbox 2285 1492 2667 1549; x_wconf 89' lang='lat' dir='ltr'><strong>sermonibus</strong></span> <span class='ocrx_word' id='word_1_90' title='bbox 2699 1495 2900 1557; x_wconf 65' lang='lat' dir='ltr'><strong>tuis.)7.</strong></span> <span class='ocrx_word' id='word_1_91' title='bbox 2922 1497 3134 1565; x_wconf 89' lang='lat' dir='ltr'><strong>Gloria,</strong></span> <span class='ocrx_word' id='word_1_92' title='bbox 3154 1504 3211 1556; x_wconf 91' lang='lat' dir='ltr'><strong>et</strong></span> <span class='ocrx_word' id='word_1_93' title='bbox 3226 1500 3440 1565; x_wconf 86' lang='lat' dir='ltr'><strong>honor,</strong></span> <span class='ocrx_word' id='word_1_94' title='bbox 3456 1505 3573 1557; x_wconf 89' lang='lat' dir='ltr'><strong>etc.</strong></span> 
     </span>
    </p>
   </div>
   <div class='ocr_carea' id='block_1_16' title="bbox 2006 1574 3579 1654">
    <p class='ocr_par' dir='ltr' id='par_1_16' title="bbox 2006 1574 3579 1654">
     <span class='ocr_line' id='line_1_16' title="bbox 2006 1574 3579 1654; baseline 0.011 -25"><span class='ocrx_word' id='word_1_95' title='bbox 2006 1574 2219 1632; x_wconf 81' lang='lat' dir='ltr'><strong>Oratio.</strong></span> <span class='ocrx_word' id='word_1_96' title='bbox 2254 1579 2458 1636; x_wconf 87' lang='lat' dir='ltr'><strong>Veniat</strong></span> <span class='ocrx_word' id='word_1_97' title='bbox 2473 1598 2650 1654; x_wconf 93' lang='lat' dir='ltr'><strong>super</strong></span> <span class='ocrx_word' id='word_1_98' title='bbox 2669 1598 2800 1651; x_wconf 90' lang='lat' dir='ltr'><strong>nos,</strong></span> <span class='ocrx_word' id='word_1_99' title='bbox 2816 1586 3349 1654; x_wconf 87' lang='lat' dir='ltr'><strong>Domine,salutare</strong></span> <span class='ocrx_word' id='word_1_100' title='bbox 3375 1595 3579 1646; x_wconf 88' lang='lat' dir='ltr'><strong>tuum:</strong></span> 
     </span>
    </p>
   </div>
   <div class='ocr_carea' id='block_1_17' title="bbox 1850 1664 3586 1747">
    <p class='ocr_par' dir='ltr' id='par_1_17' title="bbox 1850 1664 3586 1747">
     <span class='ocr_line' id='line_1_17' title="bbox 1850 1664 3586 1747; baseline 0.011 -32"><span class='ocrx_word' id='word_1_101' title='bbox 1850 1677 1893 1733; x_wconf 69' lang='grc' dir='ltr'>Β</span> <span class='ocrx_word' id='word_1_102' title='bbox 1935 1664 1997 1717; x_wconf 90' lang='lat' dir='ltr'><strong>ut</strong></span> <span class='ocrx_word' id='word_1_103' title='bbox 2035 1678 2105 1718; x_wconf 82' lang='lat' dir='ltr'><strong>ex</strong></span> <span class='ocrx_word' id='word_1_104' title='bbox 2148 1680 2248 1721; x_wconf 92' lang='lat' dir='ltr'><strong>ore</strong></span> <span class='ocrx_word' id='word_1_105' title='bbox 2281 1673 2483 1724; x_wconf 91' lang='lat' dir='ltr'><strong>nostro</strong></span> <span class='ocrx_word' id='word_1_106' title='bbox 2513 1671 2774 1728; x_wconf 87' lang='lat' dir='ltr'><strong>veritatis</strong></span> <span class='ocrx_word' id='word_1_107' title='bbox 2804 1689 3141 1747; x_wconf 89' lang='lat' dir='ltr'><strong>numquam</strong></span> <span class='ocrx_word' id='word_1_108' title='bbox 3169 1676 3418 1747; x_wconf 54' lang='lat' dir='ltr'><strong>;decidat</strong></span> <span class='ocrx_word' id='word_1_109' title='bbox 3448 1693 3586 1734; x_wconf 87' lang='lat' dir='ltr'><strong>ver-</strong></span> 
     </span>
    </p>
   </div>
   <div class='ocr_carea' id='block_1_18' title="bbox 1930 1748 3578 1835">
    <p class='ocr_par' dir='ltr' id='par_1_18' title="bbox 1930 1748 3578 1835">
     <span class='ocr_line' id='line_1_18' title="bbox 1930 1748 3578 1835; baseline 0.011 -31"><span class='ocrx_word' id='word_1_110' title='bbox 1930 1748 2109 1821; x_wconf 85' lang='lat' dir='ltr'><strong>bum;</strong></span> <span class='ocrx_word' id='word_1_111' title='bbox 2165 1769 2274 1810; x_wconf 91' lang='lat' dir='ltr'><strong>nec</strong></span> <span class='ocrx_word' id='word_1_112' title='bbox 2313 1756 2754 1816; x_wconf 90' lang='lat' dir='ltr'><strong>confundamur</strong></span> <span class='ocrx_word' id='word_1_113' title='bbox 2796 1761 3015 1835; x_wconf 91' lang='lat' dir='ltr'><strong>eloquii</strong></span> <span class='ocrx_word' id='word_1_114' title='bbox 3064 1764 3405 1821; x_wconf 91' lang='lat' dir='ltr'><strong>testimonio</strong></span> <span class='ocrx_word' id='word_1_115' title='bbox 3452 1764 3578 1831; x_wconf 88' lang='lat' dir='ltr'><strong>tui;</strong></span> 
     </span>
    </p>
   </div>
   <div class='ocr_carea' id='block_1_19' title="bbox 1929 1838 3577 1923">
    <p class='ocr_par' dir='ltr' id='par_1_19' title="bbox 1929 1838 3577 1923">
     <span class='ocr_line' id='line_1_19' title="bbox 1929 1838 3577 1923; baseline 0.011 -32"><span class='ocrx_word' id='word_1_116' title='bbox 1929 1838 2035 1893; x_wconf 90' lang='lat' dir='ltr'><strong>sed</strong></span> <span class='ocrx_word' id='word_1_117' title='bbox 2064 1840 2243 1897; x_wconf 89' lang='lat' dir='ltr'><strong>libere</strong></span> <span class='ocrx_word' id='word_1_118' title='bbox 2267 1842 2563 1902; x_wconf 86' lang='lat' dir='ltr'><strong>fateamur</strong></span> <span class='ocrx_word' id='word_1_119' title='bbox 2597 1854 2713 1904; x_wconf 72' lang='lat' dir='ltr'><strong>tute</strong></span> <span class='ocrx_word' id='word_1_120' title='bbox 2741 1848 2889 1920; x_wconf 82' lang='lat' dir='ltr'><strong>legis</strong></span> <span class='ocrx_word' id='word_1_121' title='bbox 2919 1850 3198 1923; x_wconf 86' lang='lat' dir='ltr'><strong>insignia.</strong></span> <span class='ocrx_word' id='word_1_122' title='bbox 3232 1863 3303 1921; x_wconf 56' lang='lat' dir='ltr'><strong>ne.</strong></span> <span class='ocrx_word' id='word_1_123' title='bbox 3364 1854 3577 1909; x_wconf 83' lang='lat' dir='ltr'><strong>Amen.</strong></span> 
     </span>
    </p>
   </div>
   <div class='ocr_carea' id='block_1_20' title="bbox 1998 1928 2614 1991">
    <p class='ocr_par' dir='ltr' id='par_1_20' title="bbox 1998 1928 2614 1991">
     <span class='ocr_line' id='line_1_20' title="bbox 1998 1928 2614 1991; baseline 0.016 -9"><span class='ocrx_word' id='word_1_124' title='bbox 1998 1928 2102 1983; x_wconf 91' lang='lat' dir='ltr'><strong>Per</strong></span> <span class='ocrx_word' id='word_1_125' title='bbox 2124 1930 2614 1991; x_wconf 91' lang='lat' dir='ltr'><strong>misericordiam.</strong></span> 
     </span>
    </p>
   </div>
   <div class='ocr_carea' id='block_1_21' title="bbox 1998 2018 3570 2100">
    <p class='ocr_par' dir='ltr' id='par_1_21' title="bbox 1998 2018 3570 2100">
     <span class='ocr_line' id='line_1_21' title="bbox 1998 2018 3570 2100; baseline 0.011 -30"><span class='ocrx_word' id='word_1_126' title='bbox 1998 2018 2205 2074; x_wconf 83' lang='lat' dir='ltr'><strong>Lauda</strong></span> <span class='ocrx_word' id='word_1_127' title='bbox 2226 2023 2277 2074; x_wconf 83' lang='grc'><em>4.</em></span> <span class='ocrx_word' id='word_1_128' title='bbox 2306 2024 2513 2079; x_wconf 81' lang='lat' dir='ltr'><strong>Averte</strong></span> <span class='ocrx_word' id='word_1_129' title='bbox 2543 2024 2747 2081; x_wconf 89' lang='lat' dir='ltr'><strong>oculos</strong></span> <span class='ocrx_word' id='word_1_130' title='bbox 2779 2042 2966 2093; x_wconf 89' lang='lat' dir='ltr'><strong>meos,</strong></span> <span class='ocrx_word' id='word_1_131' title='bbox 2994 2043 3070 2083; x_wconf 93' lang='lat' dir='ltr'><strong>ne</strong></span> <span class='ocrx_word' id='word_1_132' title='bbox 3098 2027 3342 2084; x_wconf 86' lang='lat' dir='ltr'><strong>videant</strong></span> <span class='ocrx_word' id='word_1_133' title='bbox 3399 2028 3570 2100; x_wconf 79' lang='lat'><strong>183</strong></span> 
     </span>
    </p>
   </div>
   <div class='ocr_carea' id='block_1_22' title="bbox 1923 2107 3574 2183">
    <p class='ocr_par' dir='ltr' id='par_1_22' title="bbox 1923 2107 3574 2183">
     <span class='ocr_line' id='line_1_22' title="bbox 1923 2107 3574 2183; baseline 0.011 -28"><span class='ocrx_word' id='word_1_134' title='bbox 1923 2107 2280 2162; x_wconf 87' lang='lat' dir='ltr'><strong>vanitatem:</strong></span> <span class='ocrx_word' id='word_1_135' title='bbox 2310 2110 2381 2164; x_wconf 82' lang='lat' dir='ltr'><strong>P.</strong></span> <span class='ocrx_word' id='word_1_136' title='bbox 2414 2111 2557 2167; x_wconf 89' lang='lat' dir='ltr'><strong>Etin</strong></span> <span class='ocrx_word' id='word_1_137' title='bbox 2583 2114 2680 2169; x_wconf 88' lang='lat' dir='ltr'><strong>via</strong></span> <span class='ocrx_word' id='word_1_138' title='bbox 2728 2118 2828 2170; x_wconf 89' lang='lat' dir='ltr'><strong>tua</strong></span> <span class='ocrx_word' id='word_1_139' title='bbox 2855 2115 3093 2172; x_wconf 86' lang='lat' dir='ltr'><strong>viviﬁca</strong></span> <span class='ocrx_word' id='word_1_140' title='bbox 3124 2130 3240 2183; x_wconf 88' lang='lat' dir='ltr'><strong>me,</strong></span> <span class='ocrx_word' id='word_1_141' title='bbox 3298 2115 3574 2173; x_wconf 87' lang='lat' dir='ltr'><strong>Domine.</strong></span> 
     </span>
    </p>
   </div>
   <div class='ocr_carea' id='block_1_23' title="bbox 1920 2191 3575 2274">
    <p class='ocr_par' dir='ltr' id='par_1_23' title="bbox 1920 2191 3575 2274">
     <span class='ocr_line' id='line_1_23' title="bbox 1920 2191 3575 2274; baseline 0.007 -24"><span class='ocrx_word' id='word_1_142' title='bbox 1920 2191 1981 2250; x_wconf 55' lang='grc' dir='ltr'><strong>ἢν.</strong></span> <span class='ocrx_word' id='word_1_143' title='bbox 2013 2193 2229 2263; x_wconf 84' lang='lat' dir='ltr'><strong>Legem</strong></span> <span class='ocrx_word' id='word_1_144' title='bbox 2259 2213 2415 2269; x_wconf 91' lang='lat' dir='ltr'><strong>pone</strong></span> <span class='ocrx_word' id='word_1_145' title='bbox 2438 2200 2582 2255; x_wconf 94' lang='lat' dir='ltr'><strong>mihi</strong></span> <span class='ocrx_word' id='word_1_146' title='bbox 2610 2201 2857 2259; x_wconf 90' lang='lat' dir='ltr'><strong>Domine</strong></span> <span class='ocrx_word' id='word_1_147' title='bbox 2882 2204 3045 2260; x_wconf 91' lang='lat' dir='ltr'><strong>viam</strong></span> <span class='ocrx_word' id='word_1_148' title='bbox 3077 2204 3575 2274; x_wconf 86' lang='lat' dir='ltr'><strong>justiﬁcationum</strong></span> 
     </span>
    </p>
   </div>
   <div class='ocr_carea' id='block_1_24' title="bbox 1919 2284 3567 2365">
    <p class='ocr_par' dir='ltr' id='par_1_24' title="bbox 1919 2284 3567 2365">
     <span class='ocr_line' id='line_1_24' title="bbox 1919 2284 3567 2365; baseline 0.012 -30"><span class='ocrx_word' id='word_1_149' title='bbox 1919 2284 2197 2343; x_wconf 89' lang='lat' dir='ltr'><strong>tuarum:</strong></span> <span class='ocrx_word' id='word_1_150' title='bbox 2232 2292 2288 2342; x_wconf 93' lang='lat' dir='ltr'><strong>et</strong></span> <span class='ocrx_word' id='word_1_151' title='bbox 2307 2288 2619 2360; x_wconf 85' lang='lat' dir='ltr'><strong>exquiram</strong></span> <span class='ocrx_word' id='word_1_152' title='bbox 2650 2305 2786 2347; x_wconf 87' lang='lat' dir='ltr'><strong>eam</strong></span> <span class='ocrx_word' id='word_1_153' title='bbox 2843 2308 3091 2365; x_wconf 84' lang='lat' dir='ltr'><strong>semper.</strong></span> <span class='ocrx_word' id='word_1_154' title='bbox 3122 2293 3193 2348; x_wconf 92' lang='lat' dir='ltr'><strong>P.</strong></span> <span class='ocrx_word' id='word_1_155' title='bbox 3246 2295 3311 2349; x_wconf 89' lang='lat' dir='ltr'><strong>Et</strong></span> <span class='ocrx_word' id='word_1_156' title='bbox 3352 2292 3415 2349; x_wconf 87' lang='lat' dir='ltr'><strong>in</strong></span> <span class='ocrx_word' id='word_1_157' title='bbox 3444 2295 3567 2356; x_wconf 86' lang='lat' dir='ltr'><strong>via.</strong></span> 
     </span>
    </p>
   </div>
   <div class='ocr_carea' id='block_1_25' title="bbox 390 316 1139 376">
    <p class='ocr_par' dir='ltr' id='par_1_25' title="bbox 390 316 1139 376">
     <span class='ocr_line' id='line_1_25' title="bbox 390 316 1139 376; baseline 0.005 -4"><span class='ocrx_word' id='word_1_158' title='bbox 390 319 655 373; x_wconf 91' lang='lat' dir='ltr'><strong>Somnus</strong></span> <span class='ocrx_word' id='word_1_159' title='bbox 684 316 908 374; x_wconf 83' lang='lat' dir='ltr'><strong>relaxet</strong></span> <span class='ocrx_word' id='word_1_160' title='bbox 931 320 1139 376; x_wconf 90' lang='lat' dir='ltr'><strong>otium.</strong></span> 
     </span>
    </p>
   </div>
   <div class='ocr_carea' id='block_1_26' title="bbox 462 406 1225 468">
    <p class='ocr_par' dir='ltr' id='par_1_26' title="bbox 462 406 1225 468">
     <span class='ocr_line' id='line_1_26' title="bbox 462 406 1225 468; baseline 0.007 -6"><span class='ocrx_word' id='word_1_161' title='bbox 462 409 536 462; x_wconf 88' lang='lat' dir='ltr'><strong>Te</strong></span> <span class='ocrx_word' id='word_1_162' title='bbox 564 406 758 463; x_wconf 90' lang='lat' dir='ltr'><strong>noctis</strong></span> <span class='ocrx_word' id='word_1_163' title='bbox 786 407 938 464; x_wconf 89' lang='lat' dir='ltr'><strong>inter</strong></span> <span class='ocrx_word' id='word_1_164' title='bbox 966 409 1225 468; x_wconf 60' lang='lat' dir='ltr'><strong>horrida:</strong></span> 
     </span>
    </p>
   </div>
   <div class='ocr_carea' id='block_1_27' title="bbox 390 499 1301 573">
    <p class='ocr_par' dir='ltr' id='par_1_27' title="bbox 390 499 1301 573">
     <span class='ocr_line' id='line_1_27' title="bbox 390 499 1301 573; baseline 0.004 -20"><span class='ocrx_word' id='word_1_165' title='bbox 390 499 639 567; x_wconf 84' lang='lat' dir='ltr'><strong>Tempus</strong></span> <span class='ocrx_word' id='word_1_166' title='bbox 660 511 1000 568; x_wconf 90' lang='lat' dir='ltr'><strong>precamur,</strong></span> <span class='ocrx_word' id='word_1_167' title='bbox 1040 504 1103 556; x_wconf 90' lang='lat' dir='ltr'><strong>ut</strong></span> <span class='ocrx_word' id='word_1_168' title='bbox 1124 515 1301 573; x_wconf 89' lang='lat' dir='ltr'><strong>sopor</strong></span> 
     </span>
    </p>
   </div>
   <div class='ocr_carea' id='block_1_28' title="bbox 389 584 1334 662">
    <p class='ocr_par' dir='ltr' id='par_1_28' title="bbox 389 584 1334 662">
     <span class='ocr_line' id='line_1_28' title="bbox 389 584 1334 662; baseline 0.007 -23"><span class='ocrx_word' id='word_1_169' title='bbox 389 587 645 640; x_wconf 85' lang='lat' dir='ltr'><strong>Mentem</strong></span> <span class='ocrx_word' id='word_1_170' title='bbox 678 584 826 641; x_wconf 92' lang='lat' dir='ltr'><strong>dum</strong></span> <span class='ocrx_word' id='word_1_171' title='bbox 848 586 1067 644; x_wconf 85' lang='lat' dir='ltr'><strong>fessam</strong></span> <span class='ocrx_word' id='word_1_172' title='bbox 1099 588 1334 662; x_wconf 88' lang='lat' dir='ltr'><strong>detinet,</strong></span> 
     </span>
    </p>
   </div>
   <div class='ocr_carea' id='block_1_29' title="bbox 393 673 1053 733">
    <p class='ocr_par' dir='ltr' id='par_1_29' title="bbox 393 673 1053 733">
     <span class='ocr_line' id='line_1_29' title="bbox 393 673 1053 733; baseline 0.003 -4"><span class='ocrx_word' id='word_1_173' title='bbox 393 673 552 730; x_wconf 81' lang='lat' dir='ltr'><strong>Fidei</strong></span> <span class='ocrx_word' id='word_1_174' title='bbox 583 674 686 729; x_wconf 87' lang='lat' dir='ltr'><strong>lux</strong></span> <span class='ocrx_word' id='word_1_175' title='bbox 719 674 1053 733; x_wconf 91' lang='lat' dir='ltr'><strong>inluminet.</strong></span> 
     </span>
    </p>
   </div>
   <div class='ocr_carea' id='block_1_30' title="bbox 464 764 1201 825">
    <p class='ocr_par' dir='ltr' id='par_1_30' title="bbox 464 764 1201 825">
     <span class='ocr_line' id='line_1_30' title="bbox 464 764 1201 825; baseline 0.007 -6"><span class='ocrx_word' id='word_1_176' title='bbox 464 764 656 819; x_wconf 82' lang='lat' dir='ltr'><strong>Hostis</strong></span> <span class='ocrx_word' id='word_1_177' title='bbox 686 780 761 820; x_wconf 89' lang='lat' dir='ltr'><strong>ne</strong></span> <span class='ocrx_word' id='word_1_178' title='bbox 788 765 972 822; x_wconf 78' lang='lat' dir='ltr'><strong>fallax</strong></span> <span class='ocrx_word' id='word_1_179' title='bbox 998 766 1201 825; x_wconf 91' lang='lat' dir='ltr'><strong>incitet</strong></span> 
     </span>
    </p>
   </div>
   <div class='ocr_carea' id='block_1_31' title="bbox 394 852 1195 925">
    <p class='ocr_par' dir='ltr' id='par_1_31' title="bbox 394 852 1195 925">
     <span class='ocr_line' id='line_1_31' title="bbox 394 852 1195 925; baseline 0.006 -18"><span class='ocrx_word' id='word_1_180' title='bbox 394 852 655 908; x_wconf 84' lang='lat' dir='ltr'><strong>Lascivis</strong></span> <span class='ocrx_word' id='word_1_181' title='bbox 711 870 921 911; x_wconf 89' lang='lat' dir='ltr'><strong>curam</strong></span> <span class='ocrx_word' id='word_1_182' title='bbox 956 857 1195 925; x_wconf 86' lang='lat' dir='ltr'><strong>gaudiis</strong></span> 
     </span>
    </p>
   </div>
   <div class='ocr_carea' id='block_1_32' title="bbox 390 942 1239 1004">
    <p class='ocr_par' dir='ltr' id='par_1_32' title="bbox 390 942 1239 1004">
     <span class='ocr_line' id='line_1_32' title="bbox 390 942 1239 1004; baseline 0.006 -6"><span class='ocrx_word' id='word_1_183' title='bbox 390 942 689 998; x_wconf 90' lang='lat' dir='ltr'><strong>Secretam</strong></span> <span class='ocrx_word' id='word_1_184' title='bbox 722 944 911 999; x_wconf 91' lang='lat' dir='ltr'><strong>noctis</strong></span> <span class='ocrx_word' id='word_1_185' title='bbox 938 945 1239 1004; x_wconf 88' lang='lat' dir='ltr'><strong>advocans</strong></span> 
     </span>
    </p>
   </div>
   <div class='ocr_carea' id='block_1_33' title="bbox 386 1029 1260 1106">
    <p class='ocr_par' dir='ltr' id='par_1_33' title="bbox 386 1029 1260 1106">
     <span class='ocr_line' id='line_1_33' title="bbox 386 1029 1260 1106; baseline 0.008 -22"><span class='ocrx_word' id='word_1_186' title='bbox 386 1029 648 1085; x_wconf 86' lang='lat' dir='ltr'><strong>Blandus</strong></span> <span class='ocrx_word' id='word_1_187' title='bbox 680 1031 740 1086; x_wconf 90' lang='lat' dir='ltr'><strong>in</strong></span> <span class='ocrx_word' id='word_1_188' title='bbox 771 1037 951 1087; x_wconf 85' lang='lat' dir='ltr'><strong>aestus</strong></span> <span class='ocrx_word' id='word_1_189' title='bbox 970 1035 1260 1106; x_wconf 91' lang='lat' dir='ltr'><strong>corporis.</strong></span> 
     </span>
    </p>
   </div>
   <div class='ocr_carea' id='block_1_34' title="bbox 457 1118 1217 1191">
    <p class='ocr_par' dir='ltr' id='par_1_34' title="bbox 457 1118 1217 1191">
     <span class='ocr_line' id='line_1_34' title="bbox 457 1118 1217 1191; baseline 0.003 -16"><span class='ocrx_word' id='word_1_190' title='bbox 457 1118 755 1191; x_wconf 88' lang='lat' dir='ltr'><strong>Subrepat</strong></span> <span class='ocrx_word' id='word_1_191' title='bbox 791 1120 991 1177; x_wconf 90' lang='lat' dir='ltr'><strong>nullus</strong></span> <span class='ocrx_word' id='word_1_192' title='bbox 1012 1126 1217 1180; x_wconf 88' lang='lat' dir='ltr'><strong>sensui</strong></span> 
     </span>
    </p>
   </div>
   <div class='ocr_carea' id='block_1_35' title="bbox 378 1207 1064 1281">
    <p class='ocr_par' dir='ltr' id='par_1_35' title="bbox 378 1207 1064 1281">
     <span class='ocr_line' id='line_1_35' title="bbox 378 1207 1064 1281; baseline 0.006 -19"><span class='ocrx_word' id='word_1_193' title='bbox 378 1208 601 1263; x_wconf 84' lang='lat' dir='ltr'><strong>Horror</strong></span> <span class='ocrx_word' id='word_1_194' title='bbox 627 1207 857 1265; x_wconf 87' lang='lat' dir='ltr'><strong>timoris</strong></span> <span class='ocrx_word' id='word_1_195' title='bbox 883 1211 1064 1281; x_wconf 80' lang='lat' dir='ltr'><strong>anxii,</strong></span> 
     </span>
    </p>
   </div>
   <div class='ocr_carea' id='block_1_36' title="bbox 385 1296 1104 1356">
    <p class='ocr_par' dir='ltr' id='par_1_36' title="bbox 385 1296 1104 1356">
     <span class='ocr_line' id='line_1_36' title="bbox 385 1296 1104 1356; baseline 0.01 -7"><span class='ocrx_word' id='word_1_196' title='bbox 385 1296 619 1352; x_wconf 86' lang='lat' dir='ltr'><strong>lnludat</strong></span> <span class='ocrx_word' id='word_1_197' title='bbox 646 1296 812 1354; x_wconf 90' lang='lat' dir='ltr'><strong>nulla</strong></span> <span class='ocrx_word' id='word_1_198' title='bbox 840 1302 1104 1356; x_wconf 88' lang='lat' dir='ltr'><strong>mentem</strong></span> 
     </span>
    </p>
   </div>
   <div class='ocr_carea' id='block_1_37' title="bbox 388 1382 1029 1455">
    <p class='ocr_par' dir='ltr' id='par_1_37' title="bbox 388 1382 1029 1455">
     <span class='ocr_line' id='line_1_37' title="bbox 388 1382 1029 1455; baseline 0.008 -17"><span class='ocrx_word' id='word_1_199' title='bbox 388 1382 579 1439; x_wconf 82' lang='lat' dir='ltr'><strong>Fallax</strong></span> <span class='ocrx_word' id='word_1_200' title='bbox 606 1384 809 1455; x_wconf 85' lang='lat' dir='ltr'><strong>imago</strong></span> <span class='ocrx_word' id='word_1_201' title='bbox 840 1386 1029 1443; x_wconf 93' lang='lat' dir='ltr'><strong>visus.</strong></span> 
     </span>
    </p>
   </div>
   <div class='ocr_carea' id='block_1_38' title="bbox 457 1472 1301 1546">
    <p class='ocr_par' dir='ltr' id='par_1_38' title="bbox 457 1472 1301 1546">
     <span class='ocr_line' id='line_1_38' title="bbox 457 1472 1301 1546; baseline 0.009 -19"><span class='ocrx_word' id='word_1_202' title='bbox 457 1472 570 1527; x_wconf 91' lang='lat' dir='ltr'><strong>Sed</strong></span> <span class='ocrx_word' id='word_1_203' title='bbox 596 1488 735 1529; x_wconf 92' lang='lat' dir='ltr'><strong>cum</strong></span> <span class='ocrx_word' id='word_1_204' title='bbox 757 1474 1060 1546; x_wconf 88' lang='lat' dir='ltr'><strong>profunda</strong></span> <span class='ocrx_word' id='word_1_205' title='bbox 1080 1478 1301 1535; x_wconf 84' lang='lat' dir='ltr'><strong>vexerit</strong></span> 
     </span>
    </p>
   </div>
   <div class='ocr_carea' id='block_1_39' title="bbox 380 1562 1256 1635">
    <p class='ocr_par' dir='ltr' id='par_1_39' title="bbox 380 1562 1256 1635">
     <span class='ocr_line' id='line_1_39' title="bbox 380 1562 1256 1635; baseline 0.008 -19"><span class='ocrx_word' id='word_1_206' title='bbox 380 1562 663 1629; x_wconf 88' lang='lat' dir='ltr'><strong>Somnus,</strong></span> <span class='ocrx_word' id='word_1_207' title='bbox 697 1580 978 1619; x_wconf 89' lang='lat' dir='ltr'><strong>curarum</strong></span> <span class='ocrx_word' id='word_1_208' title='bbox 1002 1568 1256 1635; x_wconf 91' lang='lat' dir='ltr'><strong>nescius,</strong></span> 
     </span>
    </p>
   </div>
   <div class='ocr_carea' id='block_1_40' title="bbox 378 1648 1277 1722">
    <p class='ocr_par' dir='ltr' id='par_1_40' title="bbox 378 1648 1277 1722">
     <span class='ocr_line' id='line_1_40' title="bbox 378 1648 1277 1722; baseline 0.01 -20"><span class='ocrx_word' id='word_1_209' title='bbox 378 1648 550 1703; x_wconf 77' lang='lat' dir='ltr'><strong>Fides</strong></span> <span class='ocrx_word' id='word_1_210' title='bbox 577 1666 963 1722; x_wconf 85' lang='lat' dir='ltr'><strong>nequaquam</strong></span> <span class='ocrx_word' id='word_1_211' title='bbox 997 1652 1277 1721; x_wconf 86' lang='lat' dir='ltr'><strong>dormiat,</strong></span> 
     </span>
    </p>
   </div>
   <div class='ocr_carea' id='block_1_41' title="bbox 375 1737 1204 1810">
    <p class='ocr_par' dir='ltr' id='par_1_41' title="bbox 375 1737 1204 1810">
     <span class='ocr_line' id='line_1_41' title="bbox 375 1737 1204 1810; baseline 0.011 -22"><span class='ocrx_word' id='word_1_212' title='bbox 375 1737 659 1810; x_wconf 82' lang='lat' dir='ltr'><strong>Vigilque</strong></span> <span class='ocrx_word' id='word_1_213' title='bbox 688 1755 899 1796; x_wconf 89' lang='lat' dir='ltr'><strong>sensus</strong></span> <span class='ocrx_word' id='word_1_214' title='bbox 931 1742 1204 1799; x_wconf 88' lang='lat' dir='ltr'><strong>somniet.</strong></span> 
     </span>
    </p>
   </div>
   <div class='ocr_carea' id='block_1_42' title="bbox 448 1828 1085 1900">
    <p class='ocr_par' dir='ltr' id='par_1_42' title="bbox 448 1828 1085 1900">
     <span class='ocr_line' id='line_1_42' title="bbox 448 1828 1085 1900; baseline 0.013 -19"><span class='ocrx_word' id='word_1_215' title='bbox 448 1828 569 1883; x_wconf 92' lang='lat' dir='ltr'><strong>Deo</strong></span> <span class='ocrx_word' id='word_1_216' title='bbox 600 1831 751 1884; x_wconf 87' lang='lat' dir='ltr'><strong>Patri</strong></span> <span class='ocrx_word' id='word_1_217' title='bbox 784 1831 856 1887; x_wconf 93' lang='lat' dir='ltr'><strong>sit</strong></span> <span class='ocrx_word' id='word_1_218' title='bbox 876 1832 1085 1900; x_wconf 84' lang='lat' dir='ltr'><strong>gloria,</strong></span> 
     </span>
    </p>
   </div>
   <div class='ocr_carea' id='block_1_43' title="bbox 378 1916 967 1990">
    <p class='ocr_par' dir='ltr' id='par_1_43' title="bbox 378 1916 967 1990">
     <span class='ocr_line' id='line_1_43' title="bbox 378 1916 967 1990; baseline 0.012 -21"><span class='ocrx_word' id='word_1_219' title='bbox 378 1916 432 1986; x_wconf 86' lang='lat' dir='ltr'><strong>Ej</strong></span> <span class='ocrx_word' id='word_1_220' title='bbox 443 1932 635 1989; x_wconf 87' lang='lat' dir='ltr'><strong>usque</strong></span> <span class='ocrx_word' id='word_1_221' title='bbox 659 1918 767 1974; x_wconf 92' lang='lat' dir='ltr'><strong>soli</strong></span> <span class='ocrx_word' id='word_1_222' title='bbox 803 1919 967 1990; x_wconf 89' lang='lat' dir='ltr'><strong>Filio,</strong></span> 
     </span>
    </p>
   </div>
   <div class='ocr_carea' id='block_1_44' title="bbox 372 2005 1125 2076">
    <p class='ocr_par' dir='ltr' id='par_1_44' title="bbox 372 2005 1125 2076">
     <span class='ocr_line' id='line_1_44' title="bbox 372 2005 1125 2076; baseline 0.007 -16"><span class='ocrx_word' id='word_1_223' title='bbox 372 2005 593 2060; x_wconf 91' lang='lat' dir='ltr'><strong>Sancto</strong></span> <span class='ocrx_word' id='word_1_224' title='bbox 616 2006 796 2062; x_wconf 88' lang='lat' dir='ltr'><strong>simul</strong></span> <span class='ocrx_word' id='word_1_225' title='bbox 824 2008 1125 2076; x_wconf 87' lang='lat' dir='ltr'><strong>Paraclito,</strong></span> 
     </span>
    </p>
   </div>
   <div class='ocr_carea' id='block_1_45' title="bbox 368 2094 1099 2165">
    <p class='ocr_par' dir='ltr' id='par_1_45' title="bbox 368 2094 1099 2165">
     <span class='ocr_line' id='line_1_45' title="bbox 368 2094 1099 2165; baseline 0.005 -19"><span class='ocrx_word' id='word_1_226' title='bbox 368 2094 432 2148; x_wconf 93' lang='lat' dir='ltr'><strong>ln</strong></span> <span class='ocrx_word' id='word_1_227' title='bbox 460 2094 833 2165; x_wconf 87' lang='lat' dir='ltr'><strong>sempiterna</strong></span> <span class='ocrx_word' id='word_1_228' title='bbox 863 2097 1099 2152; x_wconf 77' lang='lat' dir='ltr'><strong>saecula.</strong></span> 
     </span>
    </p>
   </div>
   <div class='ocr_carea' id='block_1_46' title="bbox 434 2188 620 2237">
    <p class='ocr_par' dir='ltr' id='par_1_46' title="bbox 434 2188 620 2237">
     <span class='ocr_line' id='line_1_46' title="bbox 434 2188 620 2237; baseline 0 0"><span class='ocrx_word' id='word_1_229' title='bbox 434 2188 620 2237; x_wconf 79' lang='lat' dir='ltr'><strong>Amen</strong></span> 
     </span>
    </p>
   </div>
   <div class='ocr_carea' id='block_1_47' title="bbox 221 2272 945 2340">
    <p class='ocr_par' dir='ltr' id='par_1_47' title="bbox 221 2272 945 2340">
     <span class='ocr_line' id='line_1_47' title="bbox 221 2272 945 2340; baseline 0.003 -13"><span class='ocrx_word' id='word_1_230' title='bbox 221 2272 641 2340; x_wconf 79' lang='lat' dir='ltr'><strong>Supplicatio.</strong></span> <span class='ocrx_word' id='word_1_231' title='bbox 674 2274 945 2330; x_wconf 89' lang='lat' dir='ltr'><strong>Oremus.</strong></span> 
     </span>
    </p>
   </div>
   <div class='ocr_carea' id='block_1_48' title="bbox 212 2377 1814 2453">
    <p class='ocr_par' dir='ltr' id='par_1_48' title="bbox 212 2377 1814 2453">
     <span class='ocr_line' id='line_1_48' title="bbox 212 2377 1814 2453; baseline 0.007 -21"><span class='ocrx_word' id='word_1_232' title='bbox 212 2377 530 2445; x_wconf 80' lang='lat' dir='ltr'><strong>Capitula.</strong></span> <span class='ocrx_word' id='word_1_233' title='bbox 552 2380 1037 2453; x_wconf 71' lang='lat' dir='ltr'><strong>Jesuprteceptor</strong></span> <span class='ocrx_word' id='word_1_234' title='bbox 1056 2398 1299 2440; x_wconf 92' lang='lat' dir='ltr'><strong>occurre</strong></span> <span class='ocrx_word' id='word_1_235' title='bbox 1310 2385 1485 2441; x_wconf 90' lang='lat' dir='ltr'><strong>nobis</strong></span> <span class='ocrx_word' id='word_1_236' title='bbox 1498 2386 1814 2443; x_wconf 90' lang='lat' dir='ltr'><strong>ambulan-</strong></span> 
     </span>
    </p>
   </div>
   <div class='ocr_carea' id='block_1_49' title="bbox 142 2466 1816 2546">
    <p class='ocr_par' dir='ltr' id='par_1_49' title="bbox 142 2466 1816 2546">
     <span class='ocr_line' id='line_1_49' title="bbox 142 2466 1816 2546; baseline 0.008 -27"><span class='ocrx_word' id='word_1_237' title='bbox 142 2466 303 2520; x_wconf 86' lang='lat' dir='ltr'><strong>tibus</strong></span> <span class='ocrx_word' id='word_1_238' title='bbox 331 2466 523 2531; x_wconf 91' lang='lat' dir='ltr'><strong>viam,</strong></span> <span class='ocrx_word' id='word_1_239' title='bbox 569 2468 951 2540; x_wconf 90' lang='lat' dir='ltr'><strong>cupientibus</strong></span> <span class='ocrx_word' id='word_1_240' title='bbox 993 2473 1298 2543; x_wconf 87' lang='lat' dir='ltr'><strong>pervenire</strong></span> <span class='ocrx_word' id='word_1_241' title='bbox 1316 2474 1396 2529; x_wconf 90' lang='lat' dir='ltr'><strong>ad</strong></span> <span class='ocrx_word' id='word_1_242' title='bbox 1418 2476 1711 2546; x_wconf 84' lang='lat' dir='ltr'><strong>patriam;</strong></span> <span class='ocrx_word' id='word_1_243' title='bbox 1749 2481 1816 2533; x_wconf 93' lang='lat' dir='ltr'><strong>ut</strong></span> 
     </span>
    </p>
   </div>
   <div class='ocr_carea' id='block_1_50' title="bbox 142 2554 1811 2626">
    <p class='ocr_par' dir='ltr' id='par_1_50' title="bbox 142 2554 1811 2626">
     <span class='ocr_line' id='line_1_50' title="bbox 142 2554 1811 2626; baseline 0.008 -18"><span class='ocrx_word' id='word_1_244' title='bbox 142 2554 532 2626; x_wconf 75' lang='lat' dir='ltr'><strong>praecedente</strong></span> <span class='ocrx_word' id='word_1_245' title='bbox 554 2556 689 2612; x_wconf 90' lang='lat' dir='ltr'><strong>luce</strong></span> <span class='ocrx_word' id='word_1_246' title='bbox 713 2563 835 2623; x_wconf 90' lang='lat' dir='ltr'><strong>tua,</strong></span> <span class='ocrx_word' id='word_1_247' title='bbox 872 2560 1252 2618; x_wconf 86' lang='lat' dir='ltr'><strong>ambulemus</strong></span> <span class='ocrx_word' id='word_1_248' title='bbox 1282 2562 1343 2617; x_wconf 92' lang='lat' dir='ltr'><strong>in</strong></span> <span class='ocrx_word' id='word_1_249' title='bbox 1362 2564 1521 2619; x_wconf 89' lang='lat' dir='ltr'><strong>viam</strong></span> <span class='ocrx_word' id='word_1_250' title='bbox 1565 2571 1811 2624; x_wconf 91' lang='lat' dir='ltr'><strong>rectam.</strong></span> 
     </span>
    </p>
   </div>
   <div class='ocr_carea' id='block_1_51' title="bbox 146 2644 1811 2725">
    <p class='ocr_par' dir='ltr' id='par_1_51' title="bbox 146 2644 1811 2725">
     <span class='ocr_line' id='line_1_51' title="bbox 146 2644 1811 2725; baseline 0.008 -28"><span class='ocrx_word' id='word_1_251' title='bbox 146 2660 258 2698; x_wconf 88' lang='lat' dir='ltr'><strong>nec</strong></span> <span class='ocrx_word' id='word_1_252' title='bbox 270 2644 706 2701; x_wconf 90' lang='lat' dir='ltr'><strong>oberremusin</strong></span> <span class='ocrx_word' id='word_1_253' title='bbox 721 2648 1028 2704; x_wconf 89' lang='lat' dir='ltr'><strong>tenebram</strong></span> <span class='ocrx_word' id='word_1_254' title='bbox 1048 2650 1215 2705; x_wconf 90' lang='lat' dir='ltr'><strong>istius</strong></span> <span class='ocrx_word' id='word_1_255' title='bbox 1228 2652 1415 2708; x_wconf 90' lang='lat' dir='ltr'><strong>noctis</strong></span> <span class='ocrx_word' id='word_1_256' title='bbox 1428 2653 1811 2725; x_wconf 90' lang='lat' dir='ltr'><strong>horrendam,</strong></span> 
     </span>
    </p>
   </div>
   <div class='ocr_carea' id='block_1_52' title="bbox 150 2733 1820 2807">
    <p class='ocr_par' dir='ltr' id='par_1_52' title="bbox 150 2733 1820 2807">
     <span class='ocr_line' id='line_1_52' title="bbox 150 2733 1820 2807; baseline 0.008 -23"><span class='ocrx_word' id='word_1_257' title='bbox 150 2737 201 2785; x_wconf 89' lang='lat' dir='ltr'><strong>te</strong></span> <span class='ocrx_word' id='word_1_258' title='bbox 234 2733 295 2785; x_wconf 80' lang='lat' dir='ltr'><strong>in</strong></span> <span class='ocrx_word' id='word_1_259' title='bbox 326 2733 507 2787; x_wconf 90' lang='lat' dir='ltr'><strong>nobis</strong></span> <span class='ocrx_word' id='word_1_260' title='bbox 534 2733 796 2801; x_wconf 91' lang='lat' dir='ltr'><strong>lucente,</strong></span> <span class='ocrx_word' id='word_1_261' title='bbox 852 2737 955 2807; x_wconf 89' lang='lat' dir='ltr'><strong>qui</strong></span> <span class='ocrx_word' id='word_1_262' title='bbox 982 2753 1045 2792; x_wconf 93' lang='lat' dir='ltr'><strong>es</strong></span> <span class='ocrx_word' id='word_1_263' title='bbox 1073 2738 1185 2803; x_wconf 91' lang='lat' dir='ltr'><strong>via,</strong></span> <span class='ocrx_word' id='word_1_264' title='bbox 1231 2739 1448 2795; x_wconf 90' lang='lat' dir='ltr'><strong>veritas</strong></span> <span class='ocrx_word' id='word_1_265' title='bbox 1475 2742 1669 2798; x_wconf 90' lang='lat' dir='ltr'><strong>etvita</strong></span> <span class='ocrx_word' id='word_1_266' title='bbox 1698 2762 1710 2800; x_wconf 91' lang='lat'><strong>:</strong></span> <span class='ocrx_word' id='word_1_267' title='bbox 1739 2742 1820 2797; x_wconf 91' lang='lat' dir='ltr'><strong>da</strong></span> 
     </span>
    </p>
   </div>
   <div class='ocr_carea' id='block_1_53' title="bbox 146 2821 1820 2887">
    <p class='ocr_par' dir='ltr' id='par_1_53' title="bbox 146 2821 1820 2887">
     <span class='ocr_line' id='line_1_53' title="bbox 146 2821 1820 2887; baseline 0.007 -14"><span class='ocrx_word' id='word_1_268' title='bbox 146 2821 330 2887; x_wconf 82' lang='lat' dir='ltr'><strong>igitur</strong></span> <span class='ocrx_word' id='word_1_269' title='bbox 357 2822 531 2876; x_wconf 90' lang='lat' dir='ltr'><strong>nobis</strong></span> <span class='ocrx_word' id='word_1_270' title='bbox 558 2828 622 2876; x_wconf 87' lang='lat' dir='ltr'><strong>ut</strong></span> <span class='ocrx_word' id='word_1_271' title='bbox 654 2822 809 2878; x_wconf 90' lang='lat' dir='ltr'><strong>sicut</strong></span> <span class='ocrx_word' id='word_1_272' title='bbox 857 2841 1051 2881; x_wconf 69' lang='lat' dir='ltr'><strong>caecus</strong></span> <span class='ocrx_word' id='word_1_273' title='bbox 1101 2826 1195 2882; x_wconf 91' lang='lat' dir='ltr'><strong>ille</strong></span> <span class='ocrx_word' id='word_1_274' title='bbox 1245 2828 1618 2885; x_wconf 89' lang='lat' dir='ltr'><strong>confessione</strong></span> <span class='ocrx_word' id='word_1_275' title='bbox 1664 2845 1820 2886; x_wconf 72' lang='lat' dir='ltr'><strong>verte</strong></span> 
     </span>
    </p>
   </div>
   <div class='ocr_carea' id='block_1_54' title="bbox 145 2909 1821 2974">
    <p class='ocr_par' dir='ltr' id='par_1_54' title="bbox 145 2909 1821 2974">
     <span class='ocr_line' id='line_1_54' title="bbox 145 2909 1821 2974; baseline 0.007 -12"><span class='ocrx_word' id='word_1_276' title='bbox 145 2909 525 2965; x_wconf 83' lang='lat' dir='ltr'><strong>credulitatis</strong></span> <span class='ocrx_word' id='word_1_277' title='bbox 556 2910 821 2967; x_wconf 90' lang='lat' dir='ltr'><strong>obtinuit</strong></span> <span class='ocrx_word' id='word_1_278' title='bbox 847 2912 1074 2969; x_wconf 92' lang='lat' dir='ltr'><strong>donum</strong></span> <span class='ocrx_word' id='word_1_279' title='bbox 1093 2914 1337 2971; x_wconf 70' lang='lat' dir='ltr'><strong>indultae</strong></span> <span class='ocrx_word' id='word_1_280' title='bbox 1359 2916 1689 2974; x_wconf 81' lang='lat' dir='ltr'><strong>salutiszita</strong></span> <span class='ocrx_word' id='word_1_281' title='bbox 1710 2935 1821 2974; x_wconf 89' lang='lat' dir='ltr'><strong>nos</strong></span> 
     </span>
    </p>
   </div>
   <div class='ocr_carea' id='block_1_55' title="bbox 1920 2368 2695 2447">
    <p class='ocr_par' dir='ltr' id='par_1_55' title="bbox 1920 2368 2695 2447">
     <span class='ocr_line' id='line_1_55' title="bbox 1920 2368 2695 2447; baseline 0.012 -20"><span class='ocrx_word' id='word_1_282' title='bbox 1920 2368 1980 2427; x_wconf 56' lang='grc' dir='ltr'><strong>ἲν.</strong></span> <span class='ocrx_word' id='word_1_283' title='bbox 2007 2370 2219 2439; x_wconf 90' lang='lat' dir='ltr'><strong>Gloria,</strong></span> <span class='ocrx_word' id='word_1_284' title='bbox 2253 2379 2307 2431; x_wconf 89' lang='lat' dir='ltr'><strong>et</strong></span> <span class='ocrx_word' id='word_1_285' title='bbox 2340 2375 2552 2444; x_wconf 92' lang='lat' dir='ltr'><strong>honor,</strong></span> <span class='ocrx_word' id='word_1_286' title='bbox 2580 2382 2695 2447; x_wconf 77' lang='lat' dir='ltr'><strong>etc,</strong></span> 
     </span>
    </p>
   </div>
   <div class='ocr_carea' id='block_1_56' title="bbox 1996 2460 3582 2540">
    <p class='ocr_par' dir='ltr' id='par_1_56' title="bbox 1996 2460 3582 2540">
     <span class='ocr_line' id='line_1_56' title="bbox 1996 2460 3582 2540; baseline 0.008 -25"><span class='ocrx_word' id='word_1_287' title='bbox 1996 2460 2216 2518; x_wconf 78' lang='lat' dir='ltr'><strong>Oratio.</strong></span> <span class='ocrx_word' id='word_1_288' title='bbox 2251 2464 2458 2519; x_wconf 87' lang='lat' dir='ltr'><strong>Averte</strong></span> <span class='ocrx_word' id='word_1_289' title='bbox 2498 2466 2705 2523; x_wconf 91' lang='lat' dir='ltr'><strong>oculos</strong></span> <span class='ocrx_word' id='word_1_290' title='bbox 2736 2472 2995 2536; x_wconf 92' lang='lat' dir='ltr'><strong>nostros,</strong></span> <span class='ocrx_word' id='word_1_291' title='bbox 3042 2469 3314 2540; x_wconf 91' lang='lat' dir='ltr'><strong>Domine,</strong></span> <span class='ocrx_word' id='word_1_292' title='bbox 3373 2486 3447 2527; x_wconf 89' lang='lat' dir='ltr'><strong>ne</strong></span> <span class='ocrx_word' id='word_1_293' title='bbox 3498 2471 3582 2527; x_wconf 88' lang='lat' dir='ltr'><strong>vi-</strong></span> 
     </span>
    </p>
   </div>
   <div class='ocr_carea' id='block_1_57' title="bbox 1924 2544 3584 2616">
    <p class='ocr_par' dir='ltr' id='par_1_57' title="bbox 1924 2544 3584 2616">
     <span class='ocr_line' id='line_1_57' title="bbox 1924 2544 3584 2616; baseline 0.01 -16"><span class='ocrx_word' id='word_1_294' title='bbox 1924 2544 2439 2607; x_wconf 90' lang='lat' dir='ltr'><strong>deantvanitatem</strong></span> <span class='ocrx_word' id='word_1_295' title='bbox 2466 2570 2479 2607; x_wconf 94' lang='lat'><strong>:</strong></span> <span class='ocrx_word' id='word_1_296' title='bbox 2505 2558 2559 2608; x_wconf 90' lang='lat' dir='ltr'><strong>et</strong></span> <span class='ocrx_word' id='word_1_297' title='bbox 2580 2554 2641 2609; x_wconf 94' lang='lat' dir='ltr'><strong>in</strong></span> <span class='ocrx_word' id='word_1_298' title='bbox 2657 2555 2758 2610; x_wconf 91' lang='lat' dir='ltr'><strong>via</strong></span> <span class='ocrx_word' id='word_1_299' title='bbox 2789 2560 2889 2610; x_wconf 92' lang='lat' dir='ltr'><strong>tua</strong></span> <span class='ocrx_word' id='word_1_300' title='bbox 2910 2557 3145 2614; x_wconf 85' lang='lat' dir='ltr'><strong>viviﬁca</strong></span> <span class='ocrx_word' id='word_1_301' title='bbox 3173 2574 3318 2613; x_wconf 90' lang='lat' dir='ltr'><strong>nos:</strong></span> <span class='ocrx_word' id='word_1_302' title='bbox 3343 2559 3435 2615; x_wconf 87' lang='lat' dir='ltr'><strong>fac</strong></span> <span class='ocrx_word' id='word_1_303' title='bbox 3475 2574 3584 2616; x_wconf 89' lang='lat' dir='ltr'><strong>nos</strong></span> 
     </span>
    </p>
   </div>
   <div class='ocr_carea' id='block_1_58' title="bbox 1926 2633 3474 2714">
    <p class='ocr_par' dir='ltr' id='par_1_58' title="bbox 1926 2633 3474 2714">
     <span class='ocr_line' id='line_1_58' title="bbox 1926 2633 3474 2714; baseline 0.008 -27"><span class='ocrx_word' id='word_1_304' title='bbox 1926 2633 2093 2688; x_wconf 92' lang='lat' dir='ltr'><strong>odire</strong></span> <span class='ocrx_word' id='word_1_305' title='bbox 2118 2636 2425 2705; x_wconf 62' lang='lat' dir='ltr'><strong>saeculum,</strong></span> <span class='ocrx_word' id='word_1_306' title='bbox 2461 2644 2518 2693; x_wconf 91' lang='lat' dir='ltr'><strong>et</strong></span> <span class='ocrx_word' id='word_1_307' title='bbox 2543 2640 2783 2711; x_wconf 84' lang='lat' dir='ltr'><strong>diligere</strong></span> <span class='ocrx_word' id='word_1_308' title='bbox 2810 2642 3129 2698; x_wconf 90' lang='lat' dir='ltr'><strong>Christum.</strong></span> <span class='ocrx_word' id='word_1_309' title='bbox 3163 2655 3227 2714; x_wconf 71' lang='grc' dir='ltr'><strong>Βτ.</strong></span> <span class='ocrx_word' id='word_1_310' title='bbox 3263 2646 3474 2702; x_wconf 86' lang='lat' dir='ltr'><strong>Amen.</strong></span> 
     </span>
    </p>
   </div>
   <div class='ocr_carea' id='block_1_59' title="bbox 2002 2722 2619 2782">
    <p class='ocr_par' dir='ltr' id='par_1_59' title="bbox 2002 2722 2619 2782">
     <span class='ocr_line' id='line_1_59' title="bbox 2002 2722 2619 2782; baseline 0.011 -7"><span class='ocrx_word' id='word_1_311' title='bbox 2002 2722 2111 2777; x_wconf 80' lang='lat' dir='ltr'><strong>Per</strong></span> <span class='ocrx_word' id='word_1_312' title='bbox 2129 2724 2619 2782; x_wconf 87' lang='lat' dir='ltr'><strong>misericordiam.</strong></span> 
     </span>
    </p>
   </div>
   <div class='ocr_carea' id='block_1_60' title="bbox 2007 2812 3268 2885">
    <p class='ocr_par' dir='ltr' id='par_1_60' title="bbox 2007 2812 3268 2885">
     <span class='ocr_line' id='line_1_60' title="bbox 2007 2812 3268 2885; baseline 0.007 -20"><span class='ocrx_word' id='word_1_313' title='bbox 2007 2812 2271 2867; x_wconf 82' lang='lat' dir='ltr'><strong>Psalmus</strong></span> <span class='ocrx_word' id='word_1_314' title='bbox 2298 2829 2330 2867; x_wconf 92' lang='lat' dir='ltr'>L</span> <span class='ocrx_word' id='word_1_315' title='bbox 2361 2820 2514 2869; x_wconf 85' lang='lat' dir='ltr'><strong>totus</strong></span> <span class='ocrx_word' id='word_1_316' title='bbox 2555 2831 2685 2871; x_wconf 88' lang='lat' dir='ltr'><strong>cum</strong></span> <span class='ocrx_word' id='word_1_317' title='bbox 2712 2814 2912 2872; x_wconf 90' lang='lat' dir='ltr'><strong>Gloria</strong></span> <span class='ocrx_word' id='word_1_318' title='bbox 2951 2818 3124 2885; x_wconf 90' lang='lat' dir='ltr'><strong>Patri,</strong></span> <span class='ocrx_word' id='word_1_319' title='bbox 3152 2824 3268 2875; x_wconf 89' lang='lat' dir='ltr'><strong>etc.</strong></span> 
     </span>
    </p>
   </div>
   <div class='ocr_carea' id='block_1_61' title="bbox 2006 2900 3584 2978">
    <p class='ocr_par' dir='ltr' id='par_1_61' title="bbox 2006 2900 3584 2978">
     <span class='ocr_line' id='line_1_61' title="bbox 2006 2900 3584 2978; baseline 0.005 -21"><span class='ocrx_word' id='word_1_320' title='bbox 2006 2900 2476 2971; x_wconf 87' lang='lat' dir='ltr'><strong>Kyrie,eleison.</strong></span> <span class='ocrx_word' id='word_1_321' title='bbox 2512 2902 2757 2971; x_wconf 88' lang='lat' dir='ltr'><strong>Christe,</strong></span> <span class='ocrx_word' id='word_1_322' title='bbox 2797 2904 3045 2961; x_wconf 91' lang='lat' dir='ltr'><strong>eleison.</strong></span> <span class='ocrx_word' id='word_1_323' title='bbox 3096 2906 3296 2978; x_wconf 85' lang='lat' dir='ltr'><strong>Kyrie,</strong></span> <span class='ocrx_word' id='word_1_324' title='bbox 3342 2906 3584 2965; x_wconf 89' lang='lat' dir='ltr'><strong>eleison.</strong></span> 
     </span>
    </p>
   </div>
   <div class='ocr_carea' id='block_1_62' title="bbox 141 2987 2358 3079">
    <p class='ocr_par' dir='ltr' id='par_1_62' title="bbox 141 2987 2358 3079">
     <span class='ocr_line' id='line_1_62' title="bbox 141 2987 2358 3079; baseline 0.008 -29"><span class='ocrx_word' id='word_1_325' title='bbox 141 2996 569 3067; x_wconf 82' lang='lat' dir='ltr'><strong>adipiscamur</strong></span> <span class='ocrx_word' id='word_1_326' title='bbox 595 3000 658 3054; x_wconf 90' lang='lat' dir='ltr'><strong>in</strong></span> <span class='ocrx_word' id='word_1_327' title='bbox 688 3000 816 3056; x_wconf 90' lang='lat' dir='ltr'><strong>istis</strong></span> <span class='ocrx_word' id='word_1_328' title='bbox 852 3002 1048 3058; x_wconf 89' lang='lat' dir='ltr'><strong>verbis</strong></span> <span class='ocrx_word' id='word_1_329' title='bbox 1063 3003 1339 3060; x_wconf 89' lang='lat' dir='ltr'><strong>effectum</strong></span> <span class='ocrx_word' id='word_1_330' title='bbox 1379 3006 1492 3077; x_wconf 69' lang='lat' dir='ltr'><strong>pia:</strong></span> <span class='ocrx_word' id='word_1_331' title='bbox 1524 3006 1821 3079; x_wconf 87' lang='lat' dir='ltr'><strong>petitionis</strong></span> <span class='ocrx_word' id='word_1_332' title='bbox 1852 2997 1897 3057; x_wconf 69' lang='grc' dir='ltr'>α</span> <span class='ocrx_word' id='word_1_333' title='bbox 1935 2987 2101 3079; x_wconf 41' lang='lat' dir='ltr'><strong>Pater</strong></span> <span class='ocrx_word' id='word_1_334' title='bbox 2138 2994 2358 3047; x_wconf 60' lang='grc' dir='ltr'><strong>Ποδίθτο</strong></span> 
     </span>
    </p>
   </div>
   <div class='ocr_carea' id='block_1_63' title="bbox 144 3091 1822 3164">
    <p class='ocr_par' dir='ltr' id='par_1_63' title="bbox 144 3091 1822 3164">
     <span class='ocr_line' id='line_1_63' title="bbox 144 3091 1822 3164; baseline 0.01 -24"><span class='ocrx_word' id='word_1_335' title='bbox 144 3102 297 3141; x_wconf 90' lang='lat' dir='ltr'><strong>cum</strong></span> <span class='ocrx_word' id='word_1_336' title='bbox 317 3104 385 3143; x_wconf 86' lang='lat' dir='ltr'><strong>ea</strong></span> <span class='ocrx_word' id='word_1_337' title='bbox 404 3106 540 3161; x_wconf 70' lang='lat' dir='ltr'><strong>qua:</strong></span> <span class='ocrx_word' id='word_1_338' title='bbox 563 3106 681 3145; x_wconf 89' lang='lat' dir='ltr'><strong>nos</strong></span> <span class='ocrx_word' id='word_1_339' title='bbox 712 3091 1554 3164; x_wconf 86' lang='lat' dir='ltr'><strong>docuisti,proclamaverimus</strong></span> <span class='ocrx_word' id='word_1_340' title='bbox 1576 3112 1606 3152; x_wconf 93' lang='lat' dir='ltr'><strong>e</strong></span> <span class='ocrx_word' id='word_1_341' title='bbox 1627 3097 1822 3157; x_wconf 91' lang='lat' dir='ltr'><strong>terris:</strong></span> 
     </span>
    </p>
   </div>
   <div class='ocr_carea' id='block_1_64' title="bbox 226 3175 645 3235">
    <p class='ocr_par' dir='ltr' id='par_1_64' title="bbox 226 3175 645 3235">
     <span class='ocr_line' id='line_1_64' title="bbox 226 3175 645 3235; baseline 0.014 -7"><span class='ocrx_word' id='word_1_342' title='bbox 226 3175 393 3231; x_wconf 85' lang='lat' dir='ltr'><strong>Pater</strong></span> <span class='ocrx_word' id='word_1_343' title='bbox 409 3184 645 3235; x_wconf 86' lang='lat' dir='ltr'><strong>noster.</strong></span> 
     </span>
    </p>
   </div>
   <div class='ocr_carea' id='block_1_65' title="bbox 2005 3078 3587 3145">
    <p class='ocr_par' dir='ltr' id='par_1_65' title="bbox 2005 3078 3587 3145">
     <span class='ocr_line' id='line_1_65' title="bbox 2005 3078 3587 3145; baseline 0.005 -13"><span class='ocrx_word' id='word_1_344' title='bbox 2005 3078 2229 3135; x_wconf 83' lang='lat' dir='ltr'><strong>Preces.</strong></span> <span class='ocrx_word' id='word_1_345' title='bbox 2255 3082 2486 3145; x_wconf 87' lang='lat' dir='ltr'><strong>Averte,</strong></span> <span class='ocrx_word' id='word_1_346' title='bbox 2518 3082 2788 3140; x_wconf 90' lang='lat' dir='ltr'><strong>Domine.</strong></span> <span class='ocrx_word' id='word_1_347' title='bbox 2824 3082 2888 3137; x_wconf 82' lang='grc' dir='ltr'><strong>Ρ.</strong></span> <span class='ocrx_word' id='word_1_348' title='bbox 2948 3084 3105 3140; x_wconf 91' lang='lat' dir='ltr'><strong>lram</strong></span> <span class='ocrx_word' id='word_1_349' title='bbox 3127 3087 3292 3140; x_wconf 81' lang='lat' dir='ltr'><strong>tuam</strong></span> <span class='ocrx_word' id='word_1_350' title='bbox 3318 3100 3355 3140; x_wconf 90' lang='lat' dir='ltr'><strong>a</strong></span> <span class='ocrx_word' id='word_1_351' title='bbox 3389 3083 3587 3140; x_wconf 92' lang='lat' dir='ltr'><strong>nobis.</strong></span> 
     </span>
    </p>
   </div>
   <div class='ocr_carea' id='block_1_66' title="bbox 1934 3166 3587 3241">
    <p class='ocr_par' dir='ltr' id='par_1_66' title="bbox 1934 3166 3587 3241">
     <span class='ocr_line' id='line_1_66' title="bbox 1934 3166 3587 3241; baseline 0.005 -21"><span class='ocrx_word' id='word_1_352' title='bbox 1934 3166 1995 3227; x_wconf 62' lang='lat' dir='ltr'><strong>ir.</strong></span> <span class='ocrx_word' id='word_1_353' title='bbox 2036 3167 2203 3222; x_wconf 82' lang='lat' dir='ltr'><strong>Adsit</strong></span> <span class='ocrx_word' id='word_1_354' title='bbox 2225 3167 2402 3223; x_wconf 91' lang='lat' dir='ltr'><strong>nobis</strong></span> <span class='ocrx_word' id='word_1_355' title='bbox 2429 3168 2831 3241; x_wconf 86' lang='lat' dir='ltr'><strong>potentiatua,</strong></span> <span class='ocrx_word' id='word_1_356' title='bbox 2886 3171 3153 3229; x_wconf 90' lang='lat' dir='ltr'><strong>Domine.</strong></span> <span class='ocrx_word' id='word_1_357' title='bbox 3198 3172 3262 3230; x_wconf 88' lang='lat' dir='ltr'><strong>P.</strong></span> <span class='ocrx_word' id='word_1_358' title='bbox 3313 3176 3489 3229; x_wconf 88' lang='lat' dir='ltr'><strong>Iram.</strong></span> <span class='ocrx_word' id='word_1_359' title='bbox 3523 3172 3587 3232; x_wconf 53' lang='grc' dir='ltr'><strong>ἢν.</strong></span> 
     </span>
    </p>
   </div>
   <div class='ocr_carea' id='block_1_67' title="bbox 1937 3255 3583 3323">
    <p class='ocr_par' dir='ltr' id='par_1_67' title="bbox 1937 3255 3583 3323">
     <span class='ocr_line' id='line_1_67' title="bbox 1937 3255 3583 3323; baseline 0.003 -13"><span class='ocrx_word' id='word_1_360' title='bbox 1937 3255 2205 3323; x_wconf 91' lang='lat' dir='ltr'><strong>Benedic,</strong></span> <span class='ocrx_word' id='word_1_361' title='bbox 2230 3256 2474 3314; x_wconf 89' lang='lat' dir='ltr'><strong>Domine</strong></span> <span class='ocrx_word' id='word_1_362' title='bbox 2526 3258 2913 3315; x_wconf 87' lang='lat' dir='ltr'><strong>hereditatem</strong></span> <span class='ocrx_word' id='word_1_363' title='bbox 2961 3265 3147 3316; x_wconf 90' lang='lat' dir='ltr'><strong>tuam.</strong></span> <span class='ocrx_word' id='word_1_364' title='bbox 3198 3262 3264 3314; x_wconf 84' lang='grc' dir='ltr'><em>Ρ.</em></span> <span class='ocrx_word' id='word_1_365' title='bbox 3324 3260 3583 3319; x_wconf 62' lang='lat' dir='ltr'><strong>lramJi’.</strong></span> 
     </span>
    </p>
   </div>
   <div class='ocr_carea' id='block_1_68' title="bbox 1937 3344 3583 3416">
    <p class='ocr_par' dir='ltr' id='par_1_68' title="bbox 1937 3344 3583 3416">
     <span class='ocr_line' id='line_1_68' title="bbox 1937 3344 3583 3416; baseline 0.001 -15"><span class='ocrx_word' id='word_1_366' title='bbox 1937 3344 2205 3401; x_wconf 87' lang='lat' dir='ltr'><strong>Concede</strong></span> <span class='ocrx_word' id='word_1_367' title='bbox 2231 3361 2445 3416; x_wconf 92' lang='lat' dir='ltr'><strong>pacem</strong></span> <span class='ocrx_word' id='word_1_368' title='bbox 2475 3348 2746 3403; x_wconf 79' lang='lat' dir='ltr'><strong>Ecclesiae</strong></span> <span class='ocrx_word' id='word_1_369' title='bbox 2780 3354 2915 3416; x_wconf 60' lang='lat' dir='ltr'><strong>ture,</strong></span> <span class='ocrx_word' id='word_1_370' title='bbox 2963 3348 3226 3403; x_wconf 90' lang='lat' dir='ltr'><strong>Domine.</strong></span> <span class='ocrx_word' id='word_1_371' title='bbox 3246 3347 3308 3401; x_wconf 92' lang='lat' dir='ltr'><strong>P.</strong></span> <span class='ocrx_word' id='word_1_372' title='bbox 3350 3349 3583 3402; x_wconf 89' lang='lat' dir='ltr'><strong>Averte.</strong></span> 
     </span>
    </p>
   </div>
   <div class='ocr_carea' id='block_1_69' title="bbox 2006 3434 3582 3504">
    <p class='ocr_par' dir='ltr' id='par_1_69' title="bbox 2006 3434 3582 3504">
     <span class='ocr_line' id='line_1_69' title="bbox 2006 3434 3582 3504; baseline -0.001 -15"><span class='ocrx_word' id='word_1_373' title='bbox 2006 3434 2226 3491; x_wconf 80' lang='lat' dir='ltr'><strong>Oratio.</strong></span> <span class='ocrx_word' id='word_1_374' title='bbox 2253 3439 2480 3501; x_wconf 78' lang='lat' dir='ltr'><strong>Averte.</strong></span> <span class='ocrx_word' id='word_1_375' title='bbox 2517 3435 2781 3501; x_wconf 90' lang='lat' dir='ltr'><strong>Domine,</strong></span> <span class='ocrx_word' id='word_1_376' title='bbox 2817 3436 3027 3491; x_wconf 86' lang='lat' dir='ltr'><strong>faciem</strong></span> <span class='ocrx_word' id='word_1_377' title='bbox 3070 3440 3234 3490; x_wconf 89' lang='lat' dir='ltr'><strong>tuam</strong></span> <span class='ocrx_word' id='word_1_378' title='bbox 3261 3449 3297 3489; x_wconf 89' lang='lat' dir='ltr'><strong>a</strong></span> <span class='ocrx_word' id='word_1_379' title='bbox 3328 3434 3582 3504; x_wconf 89' lang='lat' dir='ltr'><strong>peccatis</strong></span> 
     </span>
    </p>
   </div>
   <div class='ocr_carea' id='block_1_70' title="bbox 1933 3522 3587 3590">
    <p class='ocr_par' dir='ltr' id='par_1_70' title="bbox 1933 3522 3587 3590">
     <span class='ocr_line' id='line_1_70' title="bbox 1933 3522 3587 3590; baseline 0.001 -13"><span class='ocrx_word' id='word_1_380' title='bbox 1933 3524 2191 3590; x_wconf 88' lang='lat' dir='ltr'><strong>nostris;</strong></span> <span class='ocrx_word' id='word_1_381' title='bbox 2225 3528 2279 3581; x_wconf 86' lang='lat' dir='ltr'><strong>et</strong></span> <span class='ocrx_word' id='word_1_382' title='bbox 2306 3539 2549 3580; x_wconf 92' lang='lat' dir='ltr'><strong>omnem</strong></span> <span class='ocrx_word' id='word_1_383' title='bbox 2588 3524 2741 3579; x_wconf 90' lang='lat' dir='ltr'><strong>iram</strong></span> <span class='ocrx_word' id='word_1_384' title='bbox 2767 3537 2835 3579; x_wconf 91' lang='lat' dir='ltr'><strong>ac</strong></span> <span class='ocrx_word' id='word_1_385' title='bbox 2867 3523 3129 3578; x_wconf 90' lang='lat' dir='ltr'><strong>furorem</strong></span> <span class='ocrx_word' id='word_1_386' title='bbox 3150 3527 3319 3578; x_wconf 92' lang='lat' dir='ltr'><strong>tuum</strong></span> <span class='ocrx_word' id='word_1_387' title='bbox 3350 3538 3388 3580; x_wconf 89' lang='lat' dir='ltr'><strong>a</strong></span> <span class='ocrx_word' id='word_1_388' title='bbox 3415 3522 3587 3579; x_wconf 86' lang='lat' dir='ltr'><strong>nobis</strong></span> 
     </span>
    </p>
   </div>
   <div class='ocr_carea' id='block_1_71' title="bbox 1930 3611 3586 3685">
    <p class='ocr_par' dir='ltr' id='par_1_71' title="bbox 1930 3611 3586 3685">
     <span class='ocr_line' id='line_1_71' title="bbox 1930 3611 3586 3685; baseline 0.001 -18"><span class='ocrx_word' id='word_1_389' title='bbox 1930 3628 2200 3672; x_wconf 90' lang='lat' dir='ltr'><strong>remove:</strong></span> <span class='ocrx_word' id='word_1_390' title='bbox 2260 3614 2529 3669; x_wconf 59' lang='lat' dir='ltr'><strong>Ecclesia;</strong></span> <span class='ocrx_word' id='word_1_391' title='bbox 2555 3618 2667 3669; x_wconf 67' lang='lat' dir='ltr'><strong>tuae</strong></span> <span class='ocrx_word' id='word_1_392' title='bbox 2698 3628 2909 3685; x_wconf 90' lang='lat' dir='ltr'><strong>pacem</strong></span> <span class='ocrx_word' id='word_1_393' title='bbox 2936 3611 3233 3680; x_wconf 88' lang='lat' dir='ltr'><strong>concede;</strong></span> <span class='ocrx_word' id='word_1_394' title='bbox 3274 3617 3331 3668; x_wconf 88' lang='lat' dir='ltr'><strong>et</strong></span> <span class='ocrx_word' id='word_1_395' title='bbox 3375 3627 3586 3668; x_wconf 91' lang='lat' dir='ltr'><strong>omnes</strong></span> 
     </span>
    </p>
   </div>
   <div class='ocr_carea' id='block_1_72' title="bbox 1934 3700 3586 3774">
    <p class='ocr_par' dir='ltr' id='par_1_72' title="bbox 1934 3700 3586 3774">
     <span class='ocr_line' id='line_1_72' title="bbox 1934 3700 3586 3774; baseline -0.001 -17"><span class='ocrx_word' id='word_1_396' title='bbox 1934 3702 2279 3774; x_wconf 88' lang='lat' dir='ltr'><strong>iniquitates</strong></span> <span class='ocrx_word' id='word_1_397' title='bbox 2304 3708 2537 3758; x_wconf 89' lang='lat' dir='ltr'><strong>nostras</strong></span> <span class='ocrx_word' id='word_1_398' title='bbox 2568 3702 2830 3758; x_wconf 92' lang='lat' dir='ltr'><strong>clemens</strong></span> <span class='ocrx_word' id='word_1_399' title='bbox 2856 3702 3014 3757; x_wconf 92' lang='lat' dir='ltr'><strong>dele:</strong></span> <span class='ocrx_word' id='word_1_400' title='bbox 3034 3716 3273 3758; x_wconf 88' lang='lat' dir='ltr'><strong>remove</strong></span> <span class='ocrx_word' id='word_1_401' title='bbox 3294 3701 3372 3757; x_wconf 91' lang='lat' dir='ltr'><strong>ab</strong></span> <span class='ocrx_word' id='word_1_402' title='bbox 3395 3700 3586 3758; x_wconf 84' lang='lat' dir='ltr'><strong>oculis</strong></span> 
     </span>
    </p>
   </div>
   <div class='ocr_carea' id='block_1_73' title="bbox 1932 3789 3583 3862">
    <p class='ocr_par' dir='ltr' id='par_1_73' title="bbox 1932 3789 3583 3862">
     <span class='ocr_line' id='line_1_73' title="bbox 1932 3789 3583 3862; baseline -0.001 -16"><span class='ocrx_word' id='word_1_403' title='bbox 1932 3791 2047 3846; x_wconf 91' lang='lat' dir='ltr'><strong>tuis</strong></span> <span class='ocrx_word' id='word_1_404' title='bbox 2099 3795 2439 3846; x_wconf 90' lang='lat' dir='ltr'><strong>nostrarum</strong></span> <span class='ocrx_word' id='word_1_405' title='bbox 2500 3789 2735 3846; x_wconf 90' lang='lat' dir='ltr'><strong>facinus</strong></span> <span class='ocrx_word' id='word_1_406' title='bbox 2785 3790 3189 3862; x_wconf 88' lang='lat' dir='ltr'><strong>voluptatum,</strong></span> <span class='ocrx_word' id='word_1_407' title='bbox 3244 3796 3583 3861; x_wconf 67' lang='lat' dir='ltr'><strong>nostraeque</strong></span> 
     </span>
    </p>
   </div>
   <div class='ocr_carea' id='block_1_74' title="bbox 1934 3878 3584 3952">
    <p class='ocr_par' dir='ltr' id='par_1_74' title="bbox 1934 3878 3584 3952">
     <span class='ocr_line' id='line_1_74' title="bbox 1934 3878 3584 3952; baseline -0.001 -17"><span class='ocrx_word' id='word_1_408' title='bbox 1934 3878 2292 3936; x_wconf 91' lang='lat' dir='ltr'><strong>confessioni</strong></span> <span class='ocrx_word' id='word_1_409' title='bbox 2324 3884 2493 3934; x_wconf 89' lang='lat' dir='ltr'><strong>tuum</strong></span> <span class='ocrx_word' id='word_1_410' title='bbox 2523 3878 2842 3935; x_wconf 90' lang='lat' dir='ltr'><strong>clementer</strong></span> <span class='ocrx_word' id='word_1_411' title='bbox 2867 3894 3106 3952; x_wconf 90' lang='lat' dir='ltr'><strong>appone</strong></span> <span class='ocrx_word' id='word_1_412' title='bbox 3159 3878 3431 3936; x_wconf 91' lang='lat' dir='ltr'><strong>auditum</strong></span> <span class='ocrx_word' id='word_1_413' title='bbox 3468 3894 3483 3944; x_wconf 91' lang='lat'><strong>;</strong></span> <span class='ocrx_word' id='word_1_414' title='bbox 3528 3884 3584 3935; x_wconf 92' lang='lat' dir='ltr'><strong>et</strong></span> 
     </span>
    </p>
   </div>
   <div class='ocr_carea' id='block_1_75' title="bbox 1934 3968 2930 4037">
    <p class='ocr_par' dir='ltr' id='par_1_75' title="bbox 1934 3968 2930 4037">
     <span class='ocr_line' id='line_1_75' title="bbox 1934 3968 2930 4037; baseline 0 -14"><span class='ocrx_word' id='word_1_415' title='bbox 1934 3969 2118 4024; x_wconf 69' lang='lat' dir='ltr'><strong>venia:</strong></span> <span class='ocrx_word' id='word_1_416' title='bbox 2135 3968 2211 4023; x_wconf 88' lang='lat' dir='ltr'><strong>da</strong></span> <span class='ocrx_word' id='word_1_417' title='bbox 2234 3968 2591 4024; x_wconf 91' lang='lat' dir='ltr'><strong>remedium.</strong></span> <span class='ocrx_word' id='word_1_418' title='bbox 2620 3980 2690 4037; x_wconf 69' lang='grc' dir='ltr'><strong>Βι.</strong></span> <span class='ocrx_word' id='word_1_419' title='bbox 2718 3969 2930 4024; x_wconf 84' lang='lat' dir='ltr'><strong>Amen.</strong></span> 
     </span>
    </p>
   </div>
   <div class='ocr_carea' id='block_1_76' title="bbox 2001 4056 2836 4113">
    <p class='ocr_par' dir='ltr' id='par_1_76' title="bbox 2001 4056 2836 4113">
     <span class='ocr_line' id='line_1_76' title="bbox 2001 4056 2836 4113; baseline 0.001 -1"><span class='ocrx_word' id='word_1_420' title='bbox 2001 4060 2105 4113; x_wconf 89' lang='lat' dir='ltr'><strong>Per</strong></span> <span class='ocrx_word' id='word_1_421' title='bbox 2142 4056 2618 4113; x_wconf 90' lang='lat' dir='ltr'><strong>misericordiam</strong></span> <span class='ocrx_word' id='word_1_422' title='bbox 2649 4062 2836 4113; x_wconf 90' lang='lat' dir='ltr'><strong>tuam.</strong></span> 
     </span>
    </p>
   </div>
   <div class='ocr_carea' id='block_1_77' title="bbox 224 3266 1176 3327">
    <p class='ocr_par' dir='ltr' id='par_1_77' title="bbox 224 3266 1176 3327">
     <span class='ocr_line' id='line_1_77' title="bbox 224 3266 1176 3327; baseline 0.008 -8"><span class='ocrx_word' id='word_1_423' title='bbox 224 3266 571 3323; x_wconf 83' lang='lat' dir='ltr'><strong>Humilitate</strong></span> <span class='ocrx_word' id='word_1_424' title='bbox 608 3284 718 3323; x_wconf 81' lang='lat' dir='ltr'><strong>vos</strong></span> <span class='ocrx_word' id='word_1_425' title='bbox 752 3268 1176 3327; x_wconf 90' lang='lat' dir='ltr'><strong>benedictioni.</strong></span> 
     </span>
    </p>
   </div>
   <div class='ocr_carea' id='block_1_78' title="bbox 224 3356 1289 3430">
    <p class='ocr_par' dir='ltr' id='par_1_78' title="bbox 224 3356 1289 3430">
     <span class='ocr_line' id='line_1_78' title="bbox 224 3356 1289 3430; baseline 0.007 -22"><span class='ocrx_word' id='word_1_426' title='bbox 224 3356 520 3410; x_wconf 89' lang='lat' dir='ltr'><strong>Dominus</strong></span> <span class='ocrx_word' id='word_1_427' title='bbox 552 3357 626 3412; x_wconf 84' lang='lat' dir='ltr'><strong>sit</strong></span> <span class='ocrx_word' id='word_1_428' title='bbox 650 3373 905 3430; x_wconf 89' lang='lat' dir='ltr'><strong>semper.</strong></span> <span class='ocrx_word' id='word_1_429' title='bbox 943 3372 1004 3429; x_wconf 64' lang='lat' dir='ltr'><strong>Br.</strong></span> <span class='ocrx_word' id='word_1_430' title='bbox 1037 3363 1289 3416; x_wconf 86' lang='lat' dir='ltr'><strong>Etcum.</strong></span> 
     </span>
    </p>
   </div>
   <div class='ocr_carea' id='block_1_79' title="bbox 214 3463 1824 3541">
    <p class='ocr_par' dir='ltr' id='par_1_79' title="bbox 214 3463 1824 3541">
     <span class='ocr_line' id='line_1_79' title="bbox 214 3463 1824 3541; baseline 0.006 -24"><span class='ocrx_word' id='word_1_431' title='bbox 214 3463 587 3519; x_wconf 77' lang='lat' dir='ltr'><strong>Benedictio.</strong></span> <span class='ocrx_word' id='word_1_432' title='bbox 634 3464 1028 3536; x_wconf 90' lang='lat' dir='ltr'><strong>Omnipotens</strong></span> <span class='ocrx_word' id='word_1_433' title='bbox 1059 3469 1231 3523; x_wconf 89' lang='lat' dir='ltr'><strong>Jesus</strong></span> <span class='ocrx_word' id='word_1_434' title='bbox 1263 3468 1548 3535; x_wconf 91' lang='lat' dir='ltr'><strong>Christus,</strong></span> <span class='ocrx_word' id='word_1_435' title='bbox 1575 3470 1678 3541; x_wconf 93' lang='lat' dir='ltr'><strong>qui</strong></span> <span class='ocrx_word' id='word_1_436' title='bbox 1706 3470 1824 3526; x_wconf 90' lang='lat' dir='ltr'><strong>vir-</strong></span> 
     </span>
    </p>
   </div>
   <div class='ocr_carea' id='block_1_80' title="bbox 144 3554 1823 3629">
    <p class='ocr_par' dir='ltr' id='par_1_80' title="bbox 144 3554 1823 3629">
     <span class='ocr_line' id='line_1_80' title="bbox 144 3554 1823 3629; baseline 0.007 -24"><span class='ocrx_word' id='word_1_437' title='bbox 144 3558 262 3606; x_wconf 85' lang='lat' dir='ltr'><strong>tute</strong></span> <span class='ocrx_word' id='word_1_438' title='bbox 293 3554 584 3624; x_wconf 71' lang='lat' dir='ltr'><strong>potentiee</strong></span> <span class='ocrx_word' id='word_1_439' title='bbox 603 3570 731 3609; x_wconf 60' lang='lat' dir='ltr'><strong>sua;</strong></span> <span class='ocrx_word' id='word_1_440' title='bbox 754 3555 924 3610; x_wconf 73' lang='lat' dir='ltr'><strong>caecis</strong></span> <span class='ocrx_word' id='word_1_441' title='bbox 936 3556 1122 3612; x_wconf 90' lang='lat' dir='ltr'><strong>oculis</strong></span> <span class='ocrx_word' id='word_1_442' title='bbox 1144 3558 1415 3629; x_wconf 69' lang='lat' dir='ltr'><strong>praestitit</strong></span> <span class='ocrx_word' id='word_1_443' title='bbox 1442 3559 1823 3625; x_wconf 88' lang='lat' dir='ltr'><strong>medicinam,</strong></span> 
     </span>
    </p>
   </div>
   <div class='ocr_carea' id='block_1_81' title="bbox 147 3641 1821 3719">
    <p class='ocr_par' dir='ltr' id='par_1_81' title="bbox 147 3641 1821 3719">
     <span class='ocr_line' id='line_1_81' title="bbox 147 3641 1821 3719; baseline 0.006 -24"><span class='ocrx_word' id='word_1_444' title='bbox 147 3641 271 3712; x_wconf 83' lang='lat' dir='ltr'><strong>ipse</strong></span> <span class='ocrx_word' id='word_1_445' title='bbox 294 3642 510 3697; x_wconf 89' lang='lat' dir='ltr'><strong>oculos</strong></span> <span class='ocrx_word' id='word_1_446' title='bbox 544 3648 781 3698; x_wconf 85' lang='lat' dir='ltr'><strong>vestros</strong></span> <span class='ocrx_word' id='word_1_447' title='bbox 842 3644 919 3699; x_wconf 90' lang='lat' dir='ltr'><strong>ab</strong></span> <span class='ocrx_word' id='word_1_448' title='bbox 968 3646 1132 3701; x_wconf 86' lang='lat' dir='ltr'><strong>omni</strong></span> <span class='ocrx_word' id='word_1_449' title='bbox 1171 3648 1434 3703; x_wconf 87' lang='lat' dir='ltr'><strong>vanitate</strong></span> <span class='ocrx_word' id='word_1_450' title='bbox 1473 3653 1717 3705; x_wconf 87' lang='lat' dir='ltr'><strong>avertat.</strong></span> <span class='ocrx_word' id='word_1_451' title='bbox 1757 3660 1821 3719; x_wconf 55' lang='lat' dir='ltr'><strong>ne.</strong></span> 
     </span>
    </p>
   </div>
   <div class='ocr_carea' id='block_1_82' title="bbox 150 3730 1823 3808">
    <p class='ocr_par' dir='ltr' id='par_1_82' title="bbox 150 3730 1823 3808">
     <span class='ocr_line' id='line_1_82' title="bbox 150 3730 1823 3808; baseline 0.007 -26"><span class='ocrx_word' id='word_1_452' title='bbox 150 3740 350 3786; x_wconf 65' lang='lat' dir='ltr'><strong>Amen.</strong></span> <span class='ocrx_word' id='word_1_453' title='bbox 384 3734 453 3786; x_wconf 84' lang='lat' dir='ltr'><strong>Et</strong></span> <span class='ocrx_word' id='word_1_454' title='bbox 476 3730 583 3803; x_wconf 92' lang='lat' dir='ltr'><strong>qui</strong></span> <span class='ocrx_word' id='word_1_455' title='bbox 627 3730 713 3786; x_wconf 89' lang='lat' dir='ltr'><strong>illi</strong></span> <span class='ocrx_word' id='word_1_456' title='bbox 742 3733 1015 3803; x_wconf 70' lang='lat' dir='ltr'><strong>praestitit</strong></span> <span class='ocrx_word' id='word_1_457' title='bbox 1045 3750 1107 3789; x_wconf 90' lang='lat' dir='ltr'><strong>se</strong></span> <span class='ocrx_word' id='word_1_458' title='bbox 1162 3735 1221 3789; x_wconf 90' lang='lat' dir='ltr'><strong>in</strong></span> <span class='ocrx_word' id='word_1_459' title='bbox 1272 3737 1515 3792; x_wconf 87' lang='lat' dir='ltr'><strong>veritate</strong></span> <span class='ocrx_word' id='word_1_460' title='bbox 1573 3754 1823 3808; x_wconf 87' lang='lat' dir='ltr'><strong>cognos-</strong></span> 
     </span>
    </p>
   </div>
   <div class='ocr_carea' id='block_1_83' title="bbox 149 3820 1825 3892">
    <p class='ocr_par' dir='ltr' id='par_1_83' title="bbox 149 3820 1825 3892">
     <span class='ocr_line' id='line_1_83' title="bbox 149 3820 1825 3892; baseline 0.007 -20"><span class='ocrx_word' id='word_1_461' title='bbox 149 3834 299 3881; x_wconf 86' lang='lat' dir='ltr'><strong>cere,</strong></span> <span class='ocrx_word' id='word_1_462' title='bbox 323 3820 456 3892; x_wconf 89' lang='lat' dir='ltr'><strong>ipse</strong></span> <span class='ocrx_word' id='word_1_463' title='bbox 492 3822 684 3876; x_wconf 89' lang='lat' dir='ltr'><strong>corda</strong></span> <span class='ocrx_word' id='word_1_464' title='bbox 715 3826 912 3877; x_wconf 87' lang='lat' dir='ltr'><strong>vestra</strong></span> <span class='ocrx_word' id='word_1_465' title='bbox 942 3822 1004 3877; x_wconf 90' lang='lat' dir='ltr'><strong>in</strong></span> <span class='ocrx_word' id='word_1_466' title='bbox 1036 3824 1126 3878; x_wconf 92' lang='lat' dir='ltr'><strong>sui</strong></span> <span class='ocrx_word' id='word_1_467' title='bbox 1151 3824 1329 3880; x_wconf 91' lang='lat' dir='ltr'><strong>nimis</strong></span> <span class='ocrx_word' id='word_1_468' title='bbox 1351 3825 1657 3881; x_wconf 90' lang='lat' dir='ltr'><strong>dilectione</strong></span> <span class='ocrx_word' id='word_1_469' title='bbox 1678 3843 1825 3883; x_wconf 86' lang='lat' dir='ltr'><strong>con-</strong></span> 
     </span>
    </p>
   </div>
   <div class='ocr_carea' id='block_1_84' title="bbox 150 3909 1823 3985">
    <p class='ocr_par' dir='ltr' id='par_1_84' title="bbox 150 3909 1823 3985">
     <span class='ocr_line' id='line_1_84' title="bbox 150 3909 1823 3985; baseline 0.005 -23"><span class='ocrx_word' id='word_1_470' title='bbox 150 3909 359 3965; x_wconf 81' lang='lat' dir='ltr'><strong>ﬁrmet.</strong></span> <span class='ocrx_word' id='word_1_471' title='bbox 398 3921 463 3977; x_wconf 68' lang='lat' dir='ltr'><strong>Bt.</strong></span> <span class='ocrx_word' id='word_1_472' title='bbox 493 3917 710 3965; x_wconf 79' lang='lat' dir='ltr'><strong>Amen.</strong></span> <span class='ocrx_word' id='word_1_473' title='bbox 780 3910 1007 3982; x_wconf 85' lang='lat' dir='ltr'><strong>Quique</strong></span> <span class='ocrx_word' id='word_1_474' title='bbox 1066 3928 1127 3967; x_wconf 91' lang='lat' dir='ltr'><strong>se</strong></span> <span class='ocrx_word' id='word_1_475' title='bbox 1172 3929 1273 3985; x_wconf 91' lang='lat' dir='ltr'><strong>per</strong></span> <span class='ocrx_word' id='word_1_476' title='bbox 1321 3914 1436 3969; x_wconf 88' lang='lat' dir='ltr'><strong>hoc</strong></span> <span class='ocrx_word' id='word_1_477' title='bbox 1468 3914 1823 3971; x_wconf 90' lang='lat' dir='ltr'><strong>miraculum</strong></span> 
     </span>
    </p>
   </div>
   <div class='ocr_carea' id='block_1_85' title="bbox 147 3998 1824 4075">
    <p class='ocr_par' dir='ltr' id='par_1_85' title="bbox 147 3998 1824 4075">
     <span class='ocr_line' id='line_1_85' title="bbox 147 3998 1824 4075; baseline 0.004 -22"><span class='ocrx_word' id='word_1_478' title='bbox 147 3999 409 4054; x_wconf 88' lang='lat' dir='ltr'><strong>ostendit</strong></span> <span class='ocrx_word' id='word_1_479' title='bbox 432 3998 857 4055; x_wconf 84' lang='lat' dir='ltr'><strong>admirabilem</strong></span> <span class='ocrx_word' id='word_1_480' title='bbox 882 4000 1140 4072; x_wconf 87' lang='lat' dir='ltr'><strong>populis,</strong></span> <span class='ocrx_word' id='word_1_481' title='bbox 1162 4001 1243 4057; x_wconf 91' lang='lat' dir='ltr'><strong>ita</strong></span> <span class='ocrx_word' id='word_1_482' title='bbox 1267 4018 1377 4056; x_wconf 88' lang='lat' dir='ltr'><strong>nos</strong></span> <span class='ocrx_word' id='word_1_483' title='bbox 1398 4002 1559 4058; x_wconf 90' lang='lat' dir='ltr'><strong>dono</strong></span> <span class='ocrx_word' id='word_1_484' title='bbox 1579 4003 1824 4075; x_wconf 90' lang='lat' dir='ltr'><strong>impleat</strong></span> 
     </span>
    </p>
   </div>
   <div class='ocr_carea' id='block_1_86' title="bbox 147 4086 1821 4159">
    <p class='ocr_par' dir='ltr' id='par_1_86' title="bbox 147 4086 1821 4159">
     <span class='ocr_line' id='line_1_86' title="bbox 147 4086 1821 4159; baseline 0.004 -18"><span class='ocrx_word' id='word_1_485' title='bbox 147 4091 373 4143; x_wconf 72' lang='lat' dir='ltr'><strong>sancta:</strong></span> <span class='ocrx_word' id='word_1_486' title='bbox 402 4086 658 4153; x_wconf 86' lang='lat' dir='ltr'><strong>virtutis,</strong></span> <span class='ocrx_word' id='word_1_487' title='bbox 693 4087 953 4159; x_wconf 90' lang='lat' dir='ltr'><strong>qualiter</strong></span> <span class='ocrx_word' id='word_1_488' title='bbox 1003 4090 1081 4144; x_wconf 89' lang='lat' dir='ltr'><strong>ad</strong></span> <span class='ocrx_word' id='word_1_489' title='bbox 1140 4095 1426 4146; x_wconf 66' lang='lat' dir='ltr'><strong>aeternam</strong></span> <span class='ocrx_word' id='word_1_490' title='bbox 1480 4092 1659 4147; x_wconf 89' lang='lat' dir='ltr'><strong>vitam</strong></span> <span class='ocrx_word' id='word_1_491' title='bbox 1696 4092 1821 4147; x_wconf 90' lang='lat' dir='ltr'><strong>sine</strong></span> 
     </span>
    </p>
   </div>
   <div class='ocr_carea' id='block_1_87' title="bbox 150 4174 1358 4249">
    <p class='ocr_par' dir='ltr' id='par_1_87' title="bbox 150 4174 1358 4249">
     <span class='ocr_line' id='line_1_87' title="bbox 150 4174 1358 4249; baseline 0.006 -20"><span class='ocrx_word' id='word_1_492' title='bbox 150 4174 410 4229; x_wconf 86' lang='lat' dir='ltr'><strong>macula</strong></span> <span class='ocrx_word' id='word_1_493' title='bbox 436 4175 733 4245; x_wconf 84' lang='lat' dir='ltr'><strong>pervenire</strong></span> <span class='ocrx_word' id='word_1_494' title='bbox 762 4176 1023 4249; x_wconf 90' lang='lat' dir='ltr'><strong>possitis.</strong></span> <span class='ocrx_word' id='word_1_495' title='bbox 1052 4190 1115 4245; x_wconf 61' lang='lat'><strong>13;.</strong></span> <span class='ocrx_word' id='word_1_496' title='bbox 1147 4182 1358 4237; x_wconf 87' lang='lat' dir='ltr'><strong>Amen.</strong></span> 
     </span>
    </p>
   </div>
   <div class='ocr_carea' id='block_1_88' title="bbox 230 4262 854 4322">
    <p class='ocr_par' dir='ltr' id='par_1_88' title="bbox 230 4262 854 4322">
     <span class='ocr_line' id='line_1_88' title="bbox 230 4262 854 4322; baseline 0.005 -5"><span class='ocrx_word' id='word_1_497' title='bbox 230 4266 345 4317; x_wconf 88' lang='lat' dir='ltr'><strong>Per</strong></span> <span class='ocrx_word' id='word_1_498' title='bbox 369 4262 854 4322; x_wconf 88' lang='lat' dir='ltr'><strong>misericordiam.</strong></span> 
     </span>
    </p>
   </div>
   <div class='ocr_carea' id='block_1_89' title="bbox 222 4370 1817 4449">
    <p class='ocr_par' dir='ltr' id='par_1_89' title="bbox 222 4370 1817 4449">
     <span class='ocr_line' id='line_1_89' title="bbox 222 4370 1817 4449; baseline 0.003 -22"><span class='ocrx_word' id='word_1_499' title='bbox 222 4370 459 4427; x_wconf 79' lang='lat' dir='ltr'><strong>Lauda.</strong></span> <span class='ocrx_word' id='word_1_500' title='bbox 498 4370 589 4426; x_wconf 79' lang='lat' dir='ltr'><strong>Ab</strong></span> <span class='ocrx_word' id='word_1_501' title='bbox 616 4373 780 4429; x_wconf 92' lang='lat' dir='ltr'><strong>omni</strong></span> <span class='ocrx_word' id='word_1_502' title='bbox 806 4374 906 4430; x_wconf 87' lang='lat' dir='ltr'><strong>via</strong></span> <span class='ocrx_word' id='word_1_503' title='bbox 940 4374 1102 4431; x_wconf 90' lang='lat' dir='ltr'><strong>mala</strong></span> <span class='ocrx_word' id='word_1_504' title='bbox 1137 4376 1389 4447; x_wconf 91' lang='lat' dir='ltr'><strong>prohibe</strong></span> <span class='ocrx_word' id='word_1_505' title='bbox 1421 4376 1601 4449; x_wconf 88' lang='lat' dir='ltr'><strong>pedes</strong></span> <span class='ocrx_word' id='word_1_506' title='bbox 1632 4392 1817 4444; x_wconf 91' lang='lat' dir='ltr'><strong>meos,</strong></span> 
     </span>
    </p>
   </div>
   <div class='ocr_carea' id='block_1_90' title="bbox 150 4459 1819 4531">
    <p class='ocr_par' dir='ltr' id='par_1_90' title="bbox 150 4459 1819 4531">
     <span class='ocr_line' id='line_1_90' title="bbox 150 4459 1819 4531; baseline 0.006 -20"><span class='ocrx_word' id='word_1_507' title='bbox 150 4459 440 4515; x_wconf 89' lang='lat' dir='ltr'><strong>Domine:</strong></span> <span class='ocrx_word' id='word_1_508' title='bbox 486 4461 559 4516; x_wconf 93' lang='lat' dir='ltr'><strong>P.</strong></span> <span class='ocrx_word' id='word_1_509' title='bbox 619 4464 686 4518; x_wconf 89' lang='lat' dir='ltr'><strong>Ut</strong></span> <span class='ocrx_word' id='word_1_510' title='bbox 742 4463 1082 4519; x_wconf 89' lang='lat' dir='ltr'><strong>custodiam</strong></span> <span class='ocrx_word' id='word_1_511' title='bbox 1129 4465 1380 4521; x_wconf 89' lang='lat' dir='ltr'><strong>verbum</strong></span> <span class='ocrx_word' id='word_1_512' title='bbox 1427 4471 1615 4531; x_wconf 87' lang='lat' dir='ltr'><strong>tuum,</strong></span> <span class='ocrx_word' id='word_1_513' title='bbox 1668 4468 1819 4521; x_wconf 91' lang='lat' dir='ltr'><strong>Deus</strong></span> 
     </span>
    </p>
   </div>
   <div class='ocr_carea' id='block_1_91' title="bbox 150 4548 1819 4624">
    <p class='ocr_par' dir='ltr' id='par_1_91' title="bbox 150 4548 1819 4624">
     <span class='ocr_line' id='line_1_91' title="bbox 150 4548 1819 4624; baseline 0.004 -21"><span class='ocrx_word' id='word_1_514' title='bbox 150 4564 357 4604; x_wconf 91' lang='lat' dir='ltr'><strong>meus.</strong></span> <span class='ocrx_word' id='word_1_515' title='bbox 391 4548 453 4608; x_wconf 62' lang='lat' dir='ltr'><strong>tr.</strong></span> <span class='ocrx_word' id='word_1_516' title='bbox 486 4551 802 4615; x_wconf 88' lang='lat' dir='ltr'><strong>Quomodo</strong></span> <span class='ocrx_word' id='word_1_517' title='bbox 841 4552 1019 4608; x_wconf 85' lang='lat' dir='ltr'><strong>dilexi</strong></span> <span class='ocrx_word' id='word_1_518' title='bbox 1050 4554 1242 4624; x_wconf 90' lang='lat' dir='ltr'><strong>legem</strong></span> <span class='ocrx_word' id='word_1_519' title='bbox 1298 4562 1464 4610; x_wconf 86' lang='lat' dir='ltr'><strong>tuam</strong></span> <span class='ocrx_word' id='word_1_520' title='bbox 1526 4554 1819 4612; x_wconf 82' lang='lat' dir='ltr'><strong>Domine?</strong></span> 
     </span>
    </p>
   </div>
   <div class='ocr_carea' id='block_1_92' title="bbox 150 4637 1820 4710">
    <p class='ocr_par' dir='ltr' id='par_1_92' title="bbox 150 4637 1820 4710">
     <span class='ocr_line' id='line_1_92' title="bbox 150 4637 1820 4710; baseline 0.005 -18"><span class='ocrx_word' id='word_1_521' title='bbox 150 4642 275 4693; x_wconf 84' lang='lat' dir='ltr'><strong>tota</strong></span> <span class='ocrx_word' id='word_1_522' title='bbox 302 4637 401 4693; x_wconf 83' lang='lat' dir='ltr'><strong>die</strong></span> <span class='ocrx_word' id='word_1_523' title='bbox 421 4640 735 4696; x_wconf 87' lang='lat' dir='ltr'><strong>meditatio</strong></span> <span class='ocrx_word' id='word_1_524' title='bbox 755 4657 897 4697; x_wconf 88' lang='lat' dir='ltr'><strong>mea</strong></span> <span class='ocrx_word' id='word_1_525' title='bbox 925 4647 1036 4697; x_wconf 87' lang='lat' dir='ltr'><strong>est.</strong></span> <span class='ocrx_word' id='word_1_526' title='bbox 1066 4644 1127 4697; x_wconf 91' lang='lat' dir='ltr'><strong>P.</strong></span> <span class='ocrx_word' id='word_1_527' title='bbox 1174 4645 1257 4699; x_wconf 91' lang='lat' dir='ltr'><strong>Ut.</strong></span> <span class='ocrx_word' id='word_1_528' title='bbox 1288 4644 1349 4703; x_wconf 53' lang='grc' dir='ltr'><em>ἴ.</em></span> <span class='ocrx_word' id='word_1_529' title='bbox 1381 4644 1594 4710; x_wconf 87' lang='lat' dir='ltr'><strong>Gloria,</strong></span> <span class='ocrx_word' id='word_1_530' title='bbox 1628 4648 1684 4699; x_wconf 90' lang='lat' dir='ltr'><strong>et</strong></span> <span class='ocrx_word' id='word_1_531' title='bbox 1710 4644 1820 4700; x_wconf 86' lang='lat' dir='ltr'><strong>ho-</strong></span> 
     </span>
    </p>
   </div>
   <div class='ocr_carea' id='block_1_93' title="bbox 152 4728 620 4794">
    <p class='ocr_par' dir='ltr' id='par_1_93' title="bbox 152 4728 620 4794">
     <span class='ocr_line' id='line_1_93' title="bbox 152 4728 620 4794; baseline 0.004 -14"><span class='ocrx_word' id='word_1_532' title='bbox 152 4741 259 4782; x_wconf 85' lang='lat' dir='ltr'><strong>nor</strong></span> <span class='ocrx_word' id='word_1_533' title='bbox 298 4728 478 4794; x_wconf 88' lang='lat' dir='ltr'><strong>Patri,</strong></span> <span class='ocrx_word' id='word_1_534' title='bbox 507 4734 620 4784; x_wconf 91' lang='lat' dir='ltr'><strong>etc.</strong></span> 
     </span>
    </p>
   </div>
   <div class='ocr_carea' id='block_1_94' title="bbox 221 4834 1815 4911">
    <p class='ocr_par' dir='ltr' id='par_1_94' title="bbox 221 4834 1815 4911">
     <span class='ocr_line' id='line_1_94' title="bbox 221 4834 1815 4911; baseline 0.003 -21"><span class='ocrx_word' id='word_1_535' title='bbox 221 4835 461 4892; x_wconf 82' lang='lat' dir='ltr'><strong>Oratio.</strong></span> <span class='ocrx_word' id='word_1_536' title='bbox 496 4834 589 4891; x_wconf 81' lang='lat' dir='ltr'><strong>Ab</strong></span> <span class='ocrx_word' id='word_1_537' title='bbox 618 4836 785 4892; x_wconf 89' lang='lat' dir='ltr'><strong>omni</strong></span> <span class='ocrx_word' id='word_1_538' title='bbox 808 4837 909 4894; x_wconf 89' lang='lat' dir='ltr'><strong>via</strong></span> <span class='ocrx_word' id='word_1_539' title='bbox 941 4838 1103 4894; x_wconf 91' lang='lat' dir='ltr'><strong>mala</strong></span> <span class='ocrx_word' id='word_1_540' title='bbox 1132 4838 1381 4911; x_wconf 88' lang='lat' dir='ltr'><strong>prohibe</strong></span> <span class='ocrx_word' id='word_1_541' title='bbox 1410 4840 1597 4911; x_wconf 90' lang='lat' dir='ltr'><strong>pedes</strong></span> <span class='ocrx_word' id='word_1_542' title='bbox 1629 4854 1815 4904; x_wconf 85' lang='lat' dir='ltr'><strong>meos,</strong></span> 
     </span>
    </p>
   </div>
   <div class='ocr_carea' id='block_1_95' title="bbox 158 4924 1821 4999">
    <p class='ocr_par' dir='ltr' id='par_1_95' title="bbox 158 4924 1821 4999">
     <span class='ocr_line' id='line_1_95' title="bbox 158 4924 1821 4999; baseline 0.001 -18"><span class='ocrx_word' id='word_1_543' title='bbox 158 4924 400 4981; x_wconf 83' lang='lat' dir='ltr'><strong>Domine</strong></span> <span class='ocrx_word' id='word_1_544' title='bbox 433 4943 448 4980; x_wconf 90' lang='lat'><strong>:</strong></span> <span class='ocrx_word' id='word_1_545' title='bbox 498 4925 875 4999; x_wconf 89' lang='lat' dir='ltr'><strong>verbumque</strong></span> <span class='ocrx_word' id='word_1_546' title='bbox 928 4930 1093 4983; x_wconf 89' lang='lat' dir='ltr'><strong>tuum</strong></span> <span class='ocrx_word' id='word_1_547' title='bbox 1123 4933 1244 4984; x_wconf 90' lang='lat' dir='ltr'><strong>tota</strong></span> <span class='ocrx_word' id='word_1_548' title='bbox 1283 4945 1591 4984; x_wconf 89' lang='lat' dir='ltr'><strong>servemus</strong></span> <span class='ocrx_word' id='word_1_549' title='bbox 1634 4934 1821 4985; x_wconf 88' lang='lat' dir='ltr'><strong>atten-</strong></span> 
     </span>
    </p>
   </div>
   <div class='ocr_carea' id='block_1_96' title="bbox 160 5013 1819 5089">
    <p class='ocr_par' dir='ltr' id='par_1_96' title="bbox 160 5013 1819 5089">
     <span class='ocr_line' id='line_1_96' title="bbox 160 5013 1819 5089; baseline 0.004 -22"><span class='ocrx_word' id='word_1_550' title='bbox 160 5013 305 5069; x_wconf 88' lang='lat' dir='ltr'><strong>tione</strong></span> <span class='ocrx_word' id='word_1_551' title='bbox 330 5033 343 5081; x_wconf 92' lang='lat'><strong>;</strong></span> <span class='ocrx_word' id='word_1_552' title='bbox 377 5020 561 5087; x_wconf 88' lang='lat' dir='ltr'><strong>atquc</strong></span> <span class='ocrx_word' id='word_1_553' title='bbox 589 5031 625 5069; x_wconf 87' lang='lat' dir='ltr'><strong>a</strong></span> <span class='ocrx_word' id='word_1_554' title='bbox 653 5016 815 5071; x_wconf 90' lang='lat' dir='ltr'><strong>malo</strong></span> <span class='ocrx_word' id='word_1_555' title='bbox 844 5016 1141 5085; x_wconf 90' lang='lat' dir='ltr'><strong>recedere,</strong></span> <span class='ocrx_word' id='word_1_556' title='bbox 1169 5022 1225 5072; x_wconf 91' lang='lat' dir='ltr'><strong>et</strong></span> <span class='ocrx_word' id='word_1_557' title='bbox 1251 5016 1355 5071; x_wconf 91' lang='lat' dir='ltr'><strong>tibi</strong></span> <span class='ocrx_word' id='word_1_558' title='bbox 1388 5033 1497 5074; x_wconf 93' lang='lat' dir='ltr'><strong>nos</strong></span> <span class='ocrx_word' id='word_1_559' title='bbox 1527 5018 1819 5089; x_wconf 90' lang='lat' dir='ltr'><strong>perpetim</strong></span> 
     </span>
    </p>
   </div>
   <div class='ocr_carea' id='block_1_97' title="bbox 160 5100 1093 5175">
    <p class='ocr_par' dir='ltr' id='par_1_97' title="bbox 160 5100 1093 5175">
     <span class='ocr_line' id='line_1_97' title="bbox 160 5100 1093 5175; baseline 0.004 -21"><span class='ocrx_word' id='word_1_560' title='bbox 160 5100 329 5157; x_wconf 79' lang='lat' dir='ltr'><strong>facias</strong></span> <span class='ocrx_word' id='word_1_561' title='bbox 360 5103 769 5175; x_wconf 89' lang='lat' dir='ltr'><strong>complacere.</strong></span> <span class='ocrx_word' id='word_1_562' title='bbox 796 5115 859 5173; x_wconf 62' lang='grc' dir='ltr'><strong>ην.</strong></span> <span class='ocrx_word' id='word_1_563' title='bbox 889 5109 1093 5161; x_wconf 85' lang='lat' dir='ltr'><strong>Amen.</strong></span> 
     </span>
    </p>
   </div>
   <div class='ocr_carea' id='block_1_98' title="bbox 232 5192 863 5251">
    <p class='ocr_par' dir='ltr' id='par_1_98' title="bbox 232 5192 863 5251">
     <span class='ocr_line' id='line_1_98' title="bbox 232 5192 863 5251; baseline 0.003 -6"><span class='ocrx_word' id='word_1_564' title='bbox 232 5192 329 5249; x_wconf 84' lang='lat' dir='ltr'><strong>Per</strong></span> <span class='ocrx_word' id='word_1_565' title='bbox 354 5194 863 5251; x_wconf 84' lang='lat' dir='ltr'><strong>misericordiam.</strong></span> 
     </span>
    </p>
   </div>
   <div class='ocr_carea' id='block_1_99' title="bbox 2524 4196 2986 4237">
    <p class='ocr_par' dir='ltr' id='par_1_99' title="bbox 2524 4196 2986 4237">
     <span class='ocr_line' id='line_1_99' title="bbox 2524 4196 2986 4237; baseline -0.006 0"><span class='ocrx_word' id='word_1_566' title='bbox 2524 4198 2678 4237; x_wconf 77' lang='lat' dir='ltr'><strong>FERIA</strong></span> <span class='ocrx_word' id='word_1_567' title='bbox 2721 4196 2986 4237; x_wconf 76' lang='lat' dir='ltr'><strong>SECUNDA.</strong></span> 
     </span>
    </p>
   </div>
   <div class='ocr_carea' id='block_1_100' title="bbox 1850 4306 3015 4397">
    <p class='ocr_par' dir='ltr' id='par_1_100' title="bbox 1850 4306 3015 4397">
     <span class='ocr_line' id='line_1_100' title="bbox 1850 4306 3015 4397; baseline 0.002 -36"><span class='ocrx_word' id='word_1_568' title='bbox 1850 4342 1897 4397; x_wconf 70' lang='grc' dir='ltr'><strong>Ι)</strong></span> <span class='ocrx_word' id='word_1_569' title='bbox 2492 4306 2583 4362; x_wconf 84' lang='lat' dir='ltr'><strong>Ad</strong></span> <span class='ocrx_word' id='word_1_570' title='bbox 2618 4308 2987 4364; x_wconf 79' lang='lat' dir='ltr'><strong>Matutinum</strong></span> <span class='ocrx_word' id='word_1_571' title='bbox 3002 4349 3015 4362; x_wconf 96' lang='lat'><strong>.</strong></span> 
     </span>
    </p>
   </div>
   <div class='ocr_carea' id='block_1_101' title="bbox 1999 4411 3577 4478">
    <p class='ocr_par' dir='ltr' id='par_1_101' title="bbox 1999 4411 3577 4478">
     <span class='ocr_line' id='line_1_101' title="bbox 1999 4411 3577 4478; baseline -0.002 -9"><span class='ocrx_word' id='word_1_572' title='bbox 1999 4416 2083 4469; x_wconf 93' lang='lat' dir='ltr'><strong>Tu</strong></span> <span class='ocrx_word' id='word_1_573' title='bbox 2107 4417 2307 4470; x_wconf 88' lang='lat' dir='ltr'><strong>autem</strong></span> <span class='ocrx_word' id='word_1_574' title='bbox 2340 4413 2605 4468; x_wconf 90' lang='lat' dir='ltr'><strong>Domine.</strong></span> <span class='ocrx_word' id='word_1_575' title='bbox 2634 4413 2909 4469; x_wconf 79' lang='lat' dir='ltr'><strong>Psalmus</strong></span> <span class='ocrx_word' id='word_1_576' title='bbox 2937 4416 2989 4469; x_wconf 88' lang='lat'><strong>3.</strong></span> <span class='ocrx_word' id='word_1_577' title='bbox 3021 4412 3236 4469; x_wconf 76' lang='lat' dir='ltr'><strong>Oratio.</strong></span> <span class='ocrx_word' id='word_1_578' title='bbox 3272 4411 3577 4478; x_wconf 87' lang='lat' dir='ltr'><strong>Quamvis,</strong></span> 
     </span>
    </p>
   </div>
   <div class='ocr_carea' id='block_1_102' title="bbox 1928 4502 2513 4569">
    <p class='ocr_par' dir='ltr' id='par_1_102' title="bbox 1928 4502 2513 4569">
     <span class='ocr_line' id='line_1_102' title="bbox 1928 4502 2513 4569; baseline 0.002 -13"><span class='ocrx_word' id='word_1_579' title='bbox 1928 4502 2198 4558; x_wconf 90' lang='lat' dir='ltr'><strong>Domine.</strong></span> <span class='ocrx_word' id='word_1_580' title='bbox 2237 4503 2352 4569; x_wconf 79' lang='lat' dir='ltr'><strong>fol.</strong></span> <span class='ocrx_word' id='word_1_581' title='bbox 2398 4502 2513 4557; x_wconf 70' lang='grc'><strong>141.</strong></span> 
     </span>
    </p>
   </div>
   <div class='ocr_carea' id='block_1_103' title="bbox 2000 4586 3578 4662">
    <p class='ocr_par' dir='ltr' id='par_1_103' title="bbox 2000 4586 3578 4662">
     <span class='ocr_line' id='line_1_103' title="bbox 2000 4586 3578 4662; baseline -0.004 -17"><span class='ocrx_word' id='word_1_582' title='bbox 2000 4591 2422 4660; x_wconf 67' lang='grc' dir='ltr'><strong>Ληιὶρήοηατί.</strong></span> <span class='ocrx_word' id='word_1_583' title='bbox 2452 4590 2701 4661; x_wconf 86' lang='lat' dir='ltr'><strong>Lignum</strong></span> <span class='ocrx_word' id='word_1_584' title='bbox 2755 4591 2889 4645; x_wconf 69' lang='lat' dir='ltr'><strong>vitae</strong></span> <span class='ocrx_word' id='word_1_585' title='bbox 2920 4589 3147 4662; x_wconf 88' lang='lat' dir='ltr'><strong>planta,</strong></span> <span class='ocrx_word' id='word_1_586' title='bbox 3198 4588 3466 4653; x_wconf 88' lang='lat' dir='ltr'><strong>Domine,</strong></span> <span class='ocrx_word' id='word_1_587' title='bbox 3517 4586 3578 4640; x_wconf 91' lang='lat' dir='ltr'><strong>in</strong></span> 
     </span>
    </p>
   </div>
   <div class='ocr_carea' id='block_1_104' title="bbox 1932 4679 3573 4750">
    <p class='ocr_par' dir='ltr' id='par_1_104' title="bbox 1932 4679 3573 4750">
     <span class='ocr_line' id='line_1_104' title="bbox 1932 4679 3573 4750; baseline -0.005 -14"><span class='ocrx_word' id='word_1_588' title='bbox 1932 4680 2217 4736; x_wconf 89' lang='lat' dir='ltr'><strong>cordibus</strong></span> <span class='ocrx_word' id='word_1_589' title='bbox 2245 4680 2490 4735; x_wconf 89' lang='lat' dir='ltr'><strong>nostris:</strong></span> <span class='ocrx_word' id='word_1_590' title='bbox 2525 4684 2591 4735; x_wconf 91' lang='lat' dir='ltr'><strong>ut</strong></span> <span class='ocrx_word' id='word_1_591' title='bbox 2618 4679 2717 4735; x_wconf 92' lang='lat' dir='ltr'><strong>det</strong></span> <span class='ocrx_word' id='word_1_592' title='bbox 2754 4679 3011 4735; x_wconf 85' lang='lat' dir='ltr'><strong>fructum</strong></span> <span class='ocrx_word' id='word_1_593' title='bbox 3042 4679 3101 4734; x_wconf 88' lang='lat' dir='ltr'><strong>in</strong></span> <span class='ocrx_word' id='word_1_594' title='bbox 3133 4682 3397 4750; x_wconf 89' lang='lat' dir='ltr'><strong>tempore</strong></span> <span class='ocrx_word' id='word_1_595' title='bbox 3444 4689 3573 4729; x_wconf 89' lang='lat' dir='ltr'><strong>suo.</strong></span> 
     </span>
    </p>
   </div>
   <div class='ocr_carea' id='block_1_105' title="bbox 1928 4770 2262 4825">
    <p class='ocr_par' dir='ltr' id='par_1_105' title="bbox 1928 4770 2262 4825">
     <span class='ocr_line' id='line_1_105' title="bbox 1928 4770 2262 4825; baseline -0.006 0"><span class='ocrx_word' id='word_1_596' title='bbox 1928 4770 2201 4825; x_wconf 81' lang='lat' dir='ltr'><strong>Psalmus</strong></span> <span class='ocrx_word' id='word_1_597' title='bbox 2218 4785 2262 4824; x_wconf 86' lang='lat'><strong>1.</strong></span> 
     </span>
    </p>
   </div>
   <div class='ocr_carea' id='block_1_106' title="bbox 2000 4854 3577 4923">
    <p class='ocr_par' dir='ltr' id='par_1_106' title="bbox 2000 4854 3577 4923">
     <span class='ocr_line' id='line_1_106' title="bbox 2000 4854 3577 4923; baseline -0.002 -8"><span class='ocrx_word' id='word_1_598' title='bbox 2000 4860 2218 4916; x_wconf 85' lang='lat' dir='ltr'><strong>Oratio.</strong></span> <span class='ocrx_word' id='word_1_599' title='bbox 2254 4858 2523 4916; x_wconf 91' lang='lat' dir='ltr'><strong>Concede</strong></span> <span class='ocrx_word' id='word_1_600' title='bbox 2554 4857 2749 4923; x_wconf 92' lang='lat' dir='ltr'><strong>nobis,</strong></span> <span class='ocrx_word' id='word_1_601' title='bbox 2776 4856 3129 4922; x_wconf 88' lang='lat' dir='ltr'><strong>Domine,ob</strong></span> <span class='ocrx_word' id='word_1_602' title='bbox 3151 4868 3421 4911; x_wconf 91' lang='lat' dir='ltr'><strong>amorem</strong></span> <span class='ocrx_word' id='word_1_603' title='bbox 3438 4854 3577 4912; x_wconf 91' lang='lat' dir='ltr'><strong>bea-</strong></span> 
     </span>
    </p>
   </div>
   <div class='ocr_carea' id='block_1_107' title="bbox 1928 4943 3579 5018">
    <p class='ocr_par' dir='ltr' id='par_1_107' title="bbox 1928 4943 3579 5018">
     <span class='ocr_line' id='line_1_107' title="bbox 1928 4943 3579 5018; baseline -0.001 -14"><span class='ocrx_word' id='word_1_604' title='bbox 1928 4948 2193 5005; x_wconf 88' lang='lat' dir='ltr'><strong>titudinis</strong></span> <span class='ocrx_word' id='word_1_605' title='bbox 2223 4948 2475 5003; x_wconf 89' lang='lat' dir='ltr'><strong>consilia</strong></span> <span class='ocrx_word' id='word_1_606' title='bbox 2503 4946 2799 5002; x_wconf 82' lang='lat' dir='ltr'><strong>declinare</strong></span> <span class='ocrx_word' id='word_1_607' title='bbox 2830 4944 3156 5018; x_wconf 88' lang='lat' dir='ltr'><strong>iniquitatis</strong></span> <span class='ocrx_word' id='word_1_608' title='bbox 3183 4961 3199 5015; x_wconf 85' lang='lat'><strong>;</strong></span> <span class='ocrx_word' id='word_1_609' title='bbox 3230 4943 3579 5002; x_wconf 87' lang='lat' dir='ltr'><strong>cathedram</strong></span> 
     </span>
    </p>
   </div>
   <div class='ocr_carea' id='block_1_108' title="bbox 1930 5035 3578 5109">
    <p class='ocr_par' dir='ltr' id='par_1_108' title="bbox 1930 5035 3578 5109">
     <span class='ocr_line' id='line_1_108' title="bbox 1930 5035 3578 5109; baseline -0.003 -15"><span class='ocrx_word' id='word_1_610' title='bbox 1930 5038 2130 5109; x_wconf 89' lang='lat' dir='ltr'><strong>itaque</strong></span> <span class='ocrx_word' id='word_1_611' title='bbox 2160 5036 2507 5108; x_wconf 69' lang='lat' dir='ltr'><strong>pestilentiae</strong></span> <span class='ocrx_word' id='word_1_612' title='bbox 2539 5035 2748 5107; x_wconf 89' lang='lat' dir='ltr'><strong>procul</strong></span> <span class='ocrx_word' id='word_1_613' title='bbox 2778 5052 2813 5091; x_wconf 89' lang='lat' dir='ltr'><strong>a</strong></span> <span class='ocrx_word' id='word_1_614' title='bbox 2836 5035 3011 5090; x_wconf 90' lang='lat' dir='ltr'><strong>nobis</strong></span> <span class='ocrx_word' id='word_1_615' title='bbox 3044 5048 3297 5106; x_wconf 89' lang='lat' dir='ltr'><strong>sepone:</strong></span> <span class='ocrx_word' id='word_1_616' title='bbox 3325 5036 3578 5108; x_wconf 91' lang='lat' dir='ltr'><strong>utpesti-</strong></span> 
     </span>
    </p>
   </div>
   <div class='ocr_carea' id='block_1_109' title="bbox 1928 5123 3575 5181">
    <p class='ocr_par' dir='ltr' id='par_1_109' title="bbox 1928 5123 3575 5181">
     <span class='ocr_line' id='line_1_109' title="bbox 1928 5123 3575 5181; baseline -0.005 -1"><span class='ocrx_word' id='word_1_617' title='bbox 1928 5126 2064 5181; x_wconf 69' lang='lat' dir='ltr'><strong>fera:</strong></span> <span class='ocrx_word' id='word_1_618' title='bbox 2107 5125 2387 5180; x_wconf 68' lang='lat' dir='ltr'><strong>doctrinm</strong></span> <span class='ocrx_word' id='word_1_619' title='bbox 2421 5123 2588 5179; x_wconf 86' lang='lat' dir='ltr'><strong>tabes</strong></span> <span class='ocrx_word' id='word_1_620' title='bbox 2622 5140 2741 5179; x_wconf 88' lang='lat' dir='ltr'><strong>non</strong></span> <span class='ocrx_word' id='word_1_621' title='bbox 2761 5123 3042 5179; x_wconf 67' lang='lat' dir='ltr'><strong>adhaerzet</strong></span> <span class='ocrx_word' id='word_1_622' title='bbox 3066 5123 3461 5179; x_wconf 78' lang='lat' dir='ltr'><strong>conniventiae</strong></span> <span class='ocrx_word' id='word_1_623' title='bbox 3476 5134 3575 5174; x_wconf 92' lang='lat' dir='ltr'><strong>no-</strong></span> 
     </span>
    </p>
   </div>
   <div class='ocr_carea' id='block_1_110' title="bbox 1929 5209 3573 5299">
    <p class='ocr_par' dir='ltr' id='par_1_110' title="bbox 1929 5209 3573 5299">
     <span class='ocr_line' id='line_1_110' title="bbox 1929 5209 3573 5299; baseline -0.007 -29"><span class='ocrx_word' id='word_1_624' title='bbox 1929 5220 2059 5270; x_wconf 74' lang='lat' dir='ltr'><strong>strae</strong></span> <span class='ocrx_word' id='word_1_625' title='bbox 2081 5231 2093 5277; x_wconf 92' lang='lat'><strong>;</strong></span> <span class='ocrx_word' id='word_1_626' title='bbox 2116 5214 2217 5267; x_wconf 81' lang='lat' dir='ltr'><strong>sed</strong></span> <span class='ocrx_word' id='word_1_627' title='bbox 2234 5213 2598 5268; x_wconf 85' lang='lat' dir='ltr'><strong>voluntatem</strong></span> <span class='ocrx_word' id='word_1_628' title='bbox 2627 5218 2891 5269; x_wconf 87' lang='lat' dir='ltr'><strong>nostram</strong></span> <span class='ocrx_word' id='word_1_629' title='bbox 2913 5231 2948 5269; x_wconf 70' lang='grc' dir='ltr'>ξι</span> <span class='ocrx_word' id='word_1_630' title='bbox 2976 5214 3212 5269; x_wconf 60' lang='lat' dir='ltr'><strong>malitiae</strong></span> <span class='ocrx_word' id='word_1_631' title='bbox 3235 5209 3573 5299; x_wconf 68' lang='lat' dir='ltr'><strong>assensione</strong></span> 
     </span>
    </p>
   </div>
   <div class='ocr_carea' id='block_1_111' title="bbox 224 5288 3575 5375">
    <p class='ocr_par' dir='ltr' id='par_1_111' title="bbox 224 5288 3575 5375">
     <span class='ocr_line' id='line_1_111' title="bbox 224 5288 3575 5375; baseline -0.001 -17"><span class='ocrx_word' id='word_1_632' title='bbox 224 5301 427 5359; x_wconf 79' lang='lat' dir='ltr'><strong>Lauda</strong></span> <span class='ocrx_word' id='word_1_633' title='bbox 454 5309 507 5358; x_wconf 77' lang='lat'><strong>2.</strong></span> <span class='ocrx_word' id='word_1_634' title='bbox 548 5305 631 5358; x_wconf 78' lang='lat' dir='ltr'><strong>Ne</strong></span> <span class='ocrx_word' id='word_1_635' title='bbox 663 5301 901 5357; x_wconf 87' lang='lat' dir='ltr'><strong>auferas</strong></span> <span class='ocrx_word' id='word_1_636' title='bbox 933 5302 1005 5357; x_wconf 89' lang='lat' dir='ltr'><strong>de</strong></span> <span class='ocrx_word' id='word_1_637' title='bbox 1046 5318 1145 5358; x_wconf 86' lang='lat' dir='ltr'><strong>ore</strong></span> <span class='ocrx_word' id='word_1_638' title='bbox 1174 5319 1306 5358; x_wconf 90' lang='lat' dir='ltr'><strong>meo</strong></span> <span class='ocrx_word' id='word_1_639' title='bbox 1336 5303 1587 5359; x_wconf 85' lang='lat' dir='ltr'><strong>verbum</strong></span> <span class='ocrx_word' id='word_1_640' title='bbox 1614 5306 1822 5360; x_wconf 85' lang='lat' dir='ltr'><strong>verita-</strong></span> <span class='ocrx_word' id='word_1_641' title='bbox 1928 5309 1992 5360; x_wconf 93' lang='lat' dir='ltr'><strong>tu</strong></span> <span class='ocrx_word' id='word_1_642' title='bbox 2023 5318 2261 5357; x_wconf 89' lang='lat' dir='ltr'><strong>remove</strong></span> <span class='ocrx_word' id='word_1_643' title='bbox 2288 5307 2375 5369; x_wconf 92' lang='lat' dir='ltr'><strong>;et</strong></span> <span class='ocrx_word' id='word_1_644' title='bbox 2410 5301 2792 5359; x_wconf 86' lang='lat' dir='ltr'><strong>meditatione</strong></span> <span class='ocrx_word' id='word_1_645' title='bbox 2818 5302 2965 5375; x_wconf 80' lang='lat' dir='ltr'><strong>legis</strong></span> <span class='ocrx_word' id='word_1_646' title='bbox 2996 5309 3109 5357; x_wconf 82' lang='lat' dir='ltr'><strong>tuae</strong></span> <span class='ocrx_word' id='word_1_647' title='bbox 3147 5300 3282 5370; x_wconf 71' lang='lat' dir='ltr'><strong>Jugi</strong></span> <span class='ocrx_word' id='word_1_648' title='bbox 3328 5310 3438 5349; x_wconf 82' lang='lat' dir='ltr'><strong>n08</strong></span> <span class='ocrx_word' id='word_1_649' title='bbox 3470 5288 3575 5344; x_wconf 60' lang='lat' dir='ltr'><strong>tibi</strong></span> 
     </span>
    </p>
   </div>
   <div class='ocr_carea' id='block_1_112' title="bbox 154 5390 2817 5465">
    <p class='ocr_par' dir='ltr' id='par_1_112' title="bbox 154 5390 2817 5465">
     <span class='ocr_line' id='line_1_112' title="bbox 154 5390 2817 5465; baseline 0.001 -21"><span class='ocrx_word' id='word_1_650' title='bbox 154 5390 242 5453; x_wconf 87' lang='lat' dir='ltr'><strong>tis,</strong></span> <span class='ocrx_word' id='word_1_651' title='bbox 268 5391 565 5448; x_wconf 90' lang='lat' dir='ltr'><strong>Domine:</strong></span> <span class='ocrx_word' id='word_1_652' title='bbox 618 5390 686 5445; x_wconf 90' lang='lat' dir='ltr'><strong>P.</strong></span> <span class='ocrx_word' id='word_1_653' title='bbox 714 5391 865 5457; x_wconf 91' lang='lat' dir='ltr'><strong>Quia</strong></span> <span class='ocrx_word' id='word_1_654' title='bbox 903 5391 961 5447; x_wconf 89' lang='lat' dir='ltr'><strong>in</strong></span> <span class='ocrx_word' id='word_1_655' title='bbox 1007 5390 1250 5464; x_wconf 91' lang='lat' dir='ltr'><strong>judiciis</strong></span> <span class='ocrx_word' id='word_1_656' title='bbox 1301 5392 1415 5448; x_wconf 90' lang='lat' dir='ltr'><strong>tuis</strong></span> <span class='ocrx_word' id='word_1_657' title='bbox 1462 5394 1713 5465; x_wconf 81' lang='lat' dir='ltr'><strong>speravi.</strong></span> <span class='ocrx_word' id='word_1_658' title='bbox 1754 5394 1818 5454; x_wconf 65' lang='lat' dir='ltr'><strong>ir.</strong></span> <span class='ocrx_word' id='word_1_659' title='bbox 1931 5407 2134 5448; x_wconf 88' lang='lat' dir='ltr'><strong>amore</strong></span> <span class='ocrx_word' id='word_1_660' title='bbox 2166 5391 2487 5462; x_wconf 87' lang='lat' dir='ltr'><strong>conjunge.</strong></span> <span class='ocrx_word' id='word_1_661' title='bbox 2519 5402 2583 5461; x_wconf 43' lang='lat' dir='ltr'><strong>Ri.</strong></span> <span class='ocrx_word' id='word_1_662' title='bbox 2610 5395 2817 5449; x_wconf 83' lang='lat' dir='ltr'><strong>Amen.</strong></span> 
     </span>
    </p>
   </div>
   <div class='ocr_carea' id='block_1_113' title="bbox 155 5478 2635 5553">
    <p class='ocr_par' dir='ltr' id='par_1_113' title="bbox 155 5478 2635 5553">
     <span class='ocr_line' id='line_1_113' title="bbox 155 5478 2635 5553; baseline 0.001 -21"><span class='ocrx_word' id='word_1_663' title='bbox 155 5478 214 5535; x_wconf 81' lang='lat' dir='ltr'><strong>Et</strong></span> <span class='ocrx_word' id='word_1_664' title='bbox 252 5483 456 5540; x_wconf 87' lang='lat' dir='ltr'><strong>veniat</strong></span> <span class='ocrx_word' id='word_1_665' title='bbox 510 5490 713 5553; x_wconf 83' lang='lat' dir='ltr'><strong>super</strong></span> <span class='ocrx_word' id='word_1_666' title='bbox 750 5494 861 5536; x_wconf 89' lang='lat' dir='ltr'><strong>nos</strong></span> <span class='ocrx_word' id='word_1_667' title='bbox 912 5480 1321 5539; x_wconf 83' lang='lat' dir='ltr'><strong>misericordia</strong></span> <span class='ocrx_word' id='word_1_668' title='bbox 1372 5485 1475 5541; x_wconf 88' lang='lat' dir='ltr'><strong>tua</strong></span> <span class='ocrx_word' id='word_1_669' title='bbox 1529 5484 1817 5541; x_wconf 89' lang='lat' dir='ltr'><strong>Domine:</strong></span> <span class='ocrx_word' id='word_1_670' title='bbox 2008 5480 2114 5536; x_wconf 89' lang='lat' dir='ltr'><strong>Per</strong></span> <span class='ocrx_word' id='word_1_671' title='bbox 2140 5479 2635 5537; x_wconf 83' lang='lat' dir='ltr'><strong>misericordiam.</strong></span> 
     </span>
    </p>
   </div>
   <div class='ocr_carea' id='block_1_114' title="bbox 515 5556 3301 5628">
    <p class='ocr_par' dir='ltr' id='par_1_114' title="bbox 515 5556 3301 5628">
     <span class='ocr_line' id='line_1_114' title="bbox 515 5556 3301 5628; baseline -0.005 -2"><span class='ocrx_word' id='word_1_672' title='bbox 515 5570 747 5626; x_wconf 75' lang='lat' dir='ltr'><strong>PATROL</strong></span> <span class='ocrx_word' id='word_1_673' title='bbox 760 5612 772 5625; x_wconf 93' lang='lat'><strong>.</strong></span> <span class='ocrx_word' id='word_1_674' title='bbox 824 5568 1117 5628; x_wconf 86' lang='lat' dir='ltr'><strong>LXXXVI.</strong></span> <span class='ocrx_word' id='word_1_675' title='bbox 3242 5556 3301 5613; x_wconf 90' lang='grc'><strong>11</strong></span> 
     </span>
    </p>
   </div>
  </div>
