4102 6176
472 218 576 296 331

1743 205 2200 288 BREVIARIUM'
2239 209 2617 288 cornicum

3783 233 3896 290 332

542 357 892 432 Antiphone:
925 359 981 415 2.
1033 353 1258 414 Servite
1298 351 1554 414 Domino
1577 354 1640 413 in
1669 353 1904 412 timore.
1944 355 2119 412 Psal-
2152 339 2200 408 Α
2229 357 2551 424 Manasses,
2575 356 2803 412 dicens:
2826 352 3106 412 Oblivisci
3141 367 3239 409 me
3268 351 3408 409 fecit
3435 355 3594 410 Deus
3617 355 3895 415 omnium

473 467 598 509 mus
625 454 683 507 2.

544 539 770 597 Oratio.
791 534 1122 594 Servientes
1147 534 1250 592 tibi
1283 534 1533 592 Domine
1564 534 1625 591 in
1638 535 1846 592 timore
1876 533 1956 590 ob
1989 547 2116 588 me-

467 635 593 688 tum
615 627 842 702 judicii,
875 625 1207 683 exultantes
1235 641 1374 680 cum
1419 629 1671 680 tremore
1720 623 1799 679 ob
1831 621 2118 678 ﬁduciam

473 720 618 794 spei,
652 719 798 775 doce
818 731 929 773 nos
963 713 1410 788 apprehendere
1426 709 2120 784 disciplinam,quajudi-

471 812 673 865 cantes
709 811 929 863 terram
955 803 1220 876 corporis
1240 801 1426 859 nostri
1456 799 1670 857 veteris
1682 799 1945 855 hominis
1971 799 2120 869 ﬁgu-

467 897 595 953 lum
625 895 1096 964 confringamus,
1121 897 1177 948 et
1192 890 1498 948 exterioris
1525 893 1693 946 terra
1722 891 2117 960 purgamenta

469 987 795 1043 calcemus:
821 1000 890 1040 ac
929 982 1260 1038 secundum
1291 979 1539 1036 calestis
1576 977 1907 1047 imaginem
1926 976 2116 1032 homi-

469 1075 562 1130 nis
610 1072 925 1135 reformati,
985 1071 1046 1125 in
1092 1069 1481 1125 hereditatem
1513 1073 1680 1123 tuam
1705 1067 1980 1121 servitute
2007 1065 2114 1120 hu-

468 1159 613 1228 mili,
645 1164 701 1215 et
726 1160 786 1214 in
801 1160 1248 1232 possessionem
1263 1163 1426 1214 tuam
1442 1156 1604 1214 cultu
1630 1155 1922 1229 perpetim
1936 1159 2120 1212 trans-

470 1246 749 1306 feramur.
783 1259 845 1318 Bg.
871 1252 1083 1305 Amen.

541 1337 648 1393 Per
672 1336 1168 1393 misericordiam.

537 1425 879 1495 Antz'phona
897 1430 948 1480 3.
988 1425 1114 1480 Tibi
1139 1422 1456 1480 derelictus
1482 1425 1571 1479 est
1607 1437 1839 1495 pauper
1862 1438 1874 1478 :
1895 1419 2121 1495 pupillo

467 1517 534 1571 tu
563 1515 677 1570 eris
699 1514 795 1585 adj
809 1518 960 1569 utor.
1002 1513 1268 1569 Psalmus
1307 1529 1384 1568 1x.

541 1604 760 1659 Oratio.
795 1605 972 1670 Deus,
999 1601 1094 1656 cui
1119 1601 1390 1658 humana
1406 1599 1734 1670 fragilitatis
1753 1615 1897 1654 cura
1920 1599 2123 1655 relicta

2222 443 2500 502 laborum
2515 461 2806 514 meorum,
2833 448 2890 500 et
2906 444 3124 500 domus
3147 443 3327 514 patris
3344 442 3481 498 mei.
3501 445 3732 500 Nomen
3744 462 3896 518 quo-

2223 549 2341 606 que
2366 535 2612 591 secundi
2641 533 2964 607 appellavit
2995 531 3292 605 Ephraim,
3339 531 3570 587 dicens.
3615 536 3894 592 Crescere

2225 637 2321 676 me
2351 622 2484 678 fecit
2497 626 2648 678 Deus
2665 623 2727 678 in
2747 627 2902 678 terra
2918 619 3285 693 paupertatis
3302 635 3470 674 mea.
3489 619 3670 692 lgitur
3689 626 3892 678 trans-

2227 710 2371 765 actis
2403 716 2629 783 septem
2643 711 2818 767 annis
2838 707 3253 780 ubertatis,qui
3267 707 3580 763 fueruntin
3592 711 3852 782 Egypto
3875 730 3889 770 :

2225 803 2533 870 caperunt
2561 800 2762 856 venire
2781 803 3009 870 septem
3035 795 3177 852 anni
3208 795 3448 867 inopia,
3487 811 3642 868 quos
3674 797 3891 868 pradi-

2223 892 2391 942 xerat
2416 888 2634 960 Joseph
2658 908 2669 946 :
2705 892 2761 944 et
2787 887 2850 942 in
2880 886 3160 942 universo
3183 883 3323 941 orbe
3342 883 3535 940 fames
3549 885 3885 958 pravaluit,

2224 976 2285 1032 in
2316 983 2529 1032 cuncta
2558 978 2737 1033 etiam
2764 982 2920 1031 terra
2949 974 3191 1047 [Egypti
3221 973 3416 1029 fames
3441 979 3596 1030 erat:
3617 991 3740 1048 qua
3756 992 3890 1032 esu-

2226 1064 2427 1131 riente,
2459 1065 2740 1120 clamavit
2770 1063 3031 1138 p0pulus
3052 1062 3132 1118 ad
3175 1061 3565 1130 Pharaonem,
3599 1064 3890 1123 alimenta

2226 1157 2454 1225 petens.
2477 1154 2704 1218 Quibus
2739 1154 2832 1208 ille
2883 1150 3230 1224 respondit:
3266 1155 3346 1206 lte
3400 1151 3477 1208 ad
3527 1153 3751 1223 Joseph
3781 1172 3795 1211 :
3835 1158 3892 1210 et

2226 1241 2513 1314 quicquid
2530 1242 2654 1313 ipse
2670 1241 2843 1297 vobis
2867 1241 3097 1306 dixerit,
3123 1239 3318 1296 facite.
3339 1240 3647 1297 Crescebat
3681 1247 3890 1298 autem

2228 1331 2492 1402 quotidie
2520 1330 2706 1386 fames
2730 1332 2791 1386 in
2832 1329 2996 1386 omni
3036 1333 3228 1385 terra:
3283 1329 3638 1401 aperuitque
3665 1331 3891 1403 Joseph

2229 1420 2506 1475 universa
2530 1419 2826 1488 horrea,et
2841 1417 3136 1474 vendebat
3151 1416 3448 1490 Egyptiis
3471 1437 3483 1471 :
3505 1433 3648 1474 nam
3671 1423 3729 1474 et
3753 1419 3892 1475 illos

2229 1512 2604 1578 oppresserat
2620 1506 2830 1563 fames.
2847 1508 3187 1577 Omnesque
3199 1504 3528 1577 provincia
3559 1505 3886 1563 veniebant

2228 1595 2288 1651 in
2316 1596 2666 1668 Egyptum,
2702 1601 2764 1652 ut
2793 1598 3058 1651 emerent
3085 1609 3273 1660 escas,
3321 1599 3378 1649 et
3402 1593 3632 1650 malum
3661 1595 3886 1666 inopia

467 1695 593 1747 est:
627 1689 1110 1763 tufpauperumin
1127 1689 1504 1746 tribulatione
1524 1695 1796 1761 praestas:
1823 1692 1885 1742 tu
1915 1687 2119 1759 egenis
2153 1675 2195 1756 ﬁ
2230 1690 2642 1758 temperarent.
2708 1685 2875 1758 (Cap.
2928 1684 3086 1756 XLII.)
3135 1681 3398 1738 Audiens
3443 1689 3647 1739 autem
3696 1683 3884 1739 Jacob

467 1779 673 1837 adesto
704 1779 1048 1849 suffragium
1077 1779 1213 1852 pius
1243 1794 1256 1845 ;
1282 1783 1344 1835 ut
1369 1777 1612 1834 brachia
1633 1775 2114 1845 malignantium,

465 1868 571 1941 qui
598 1884 706 1924 nos
726 1873 985 1924 evertere
1014 1868 1302 1936 nituntur,
1345 1867 1688 1923 fortitudine
1729 1871 1829 1920 tua
1866 1871 2119 1937 proster-

466 1961 718 2015 nantur:
769 1972 844 2012 ne
876 1956 1024 2013 dum
1064 1956 1389 2014 voluntatis
1440 1973 1561 2012 sua
1606 1954 1969 2028 proterviam
2010 1953 2117 2009 im-

465 2043 646 2117 plent,
690 2045 1080 2115 magniﬁcare
1115 2061 1176 2102 se
1227 2045 1301 2101 de
1325 2044 1649 2100 hereditate
1680 2046 1782 2099 tua
1827 2042 2120 2114 jactanter

467 2133 929 2205 aggrediantur:
969 2134 1053 2190 sic
1084 2133 1346 2190 clemens
1377 2133 1617 2189 clientes
1667 2130 1837 2188 erudi
1875 2134 1932 2186 et
1978 2147 2117 2203 pro-

463 2225 614 2293 tege,
671 2221 926 2296 qualiter
972 2223 1283 2296 prasentis
1312 2222 1450 2279 vita
1490 2221 1773 2278 solatium
1807 2219 2028 2286 foveas,
2062 2226 2119 2278 et

463 2312 604 2381 p'ost
631 2310 710 2366 ad
741 2315 962 2366 aterna
996 2310 1248 2383 pramia
1274 2309 1635 2367 introducas.
1668 2320 1732 2382 1y.
1763 2312 1973 2363 Amen.

533 2398 641 2454 Per
669 2399 1164 2456 misericordiam.

533 2496 598 2560 ἢ.
628 2486 844 2544 Audite
874 2505 972 2545 me
1001 2493 1259 2545 rectores
1282 2487 1546 2545 ﬁliorum
1575 2487 1769 2555 Israel,
1830 2490 1967 2549 dicit
2008 2495 2117 2548 Do-

460 2575 662 2632 minus
697 2577 912 2635 :nolite
944 2577 1370 2650 timere,neque
1383 2577 1988 2652 conturbemini,quia
2003 2596 2115 2652 ego

458 2664 872 2737 multiplicabo
909 2682 1021 2722 vos
1047 2682 1061 2734 ;
1094 2670 1150 2722 et
1175 2681 1296 2721 non
1326 2665 1482 2722 eritis
1509 2665 1684 2738 pauci
1713 2683 1994 2730 numero:
2027 2673 2104 2727 P.

461 2753 577 2809 Sed
615 2753 843 2826 absque
873 2770 1096 2827 pavore
1126 2754 1427 2811 habitabis
1468 2754 1529 2810 in
1568 2760 1788 2812 terram
1832 2764 2108 2816 vestram.

456 2838 520 2902 Ψ.
553 2838 994 2910 Convertimini,
1033 2847 1090 2900 et
1119 2843 1274 2913 agite
1304 2843 1719 2916 paenitentiam
1741 2844 1814 2901 ab
1828 2847 2111 2904 omnibus

457 2925 868 3000 iniquitatibus
897 2931 1134 2999 vestris;
1175 2936 1379 2988 etnon
1413 2931 1521 2988 erit
1545 2931 1718 2988 vobis
1755 2934 1968 3007 rapina
2005 2935 2112 2992 ini-
2165 2991 2168 2994 .

2139 3015 2196 3116 ὁ
2220 3021 2332 3089 Qui
2361 3021 2821 3094 responderunt:
2853 3023 2932 3078 De
2963 3026 3120 3079 terra
3159 3022 3461 3089 Chanaan,
3494 3026 3559 3078 ut
3587 3037 3882 3079 emamus

455 3015 718 3086 quitatis.
741 3018 822 3074 P.
857 3017 972 3075 Sed
1007 3017 1259 3090 absque.
1284 3018 1346 3080 )7.
1362 3019 1575 3086 Gloria,
1605 3024 1660 3077 et
1675 3019 1886 3089 honor,
1923 3029 2032 3082 etc.

1098 3108 1168 3162 In
1188 3107 1504 3164 Laudibus.

526 3193 897 3265 Antiphona.
923 3193 1486 3253 Miserere.Psalmus
1505 3213 1556 3254 ι.
1575 3197 1800 3256 Oratio.
1817 3201 2104 3271 Miserere,

455 3280 724 3354 Domine,
745 3283 1003 3343 miseris.
1037 3285 1243 3352 Quare
1273 3287 1389 3356 fol.
1437 3287 1559 3342 141.

524 3372 624 3429 Ad
655 3372 996 3430 Canticum.
1025 3373 1382 3445 Antiphona.
1429 3377 1550 3446 Ego
1598 3376 1891 3449 occidam,
1925 3384 1981 3438 et
2025 3382 2108 3439 vi-

454 3476 592 3519 vere
630 3461 847 3519 faciam
877 3484 891 3519 :
923 3464 1276 3536 percutiam,
1301 3469 1358 3521 et
1383 3481 1494 3536 ego
1529 3466 1782 3524 sanabo.

527 3551 848 3609 Canticum.
883 3554 1134 3611 Attende
1164 3554 1403 3612 coelum.
1438 3556 1629 3622 Quaere
1647 3558 1767 3628 fol.
1801 3561 1854 3614 4.

527 3640 746 3698 Oratio.
771 3643 1012 3712 Montes,
1064 3648 1295 3702 cantate
1326 3645 1523 3714 nobis,
1567 3650 1622 3703 et
1673 3650 1845 3705 terra.
1901 3648 2107 3716 Quaere

454 3729 566 3798 fol.
600 3731 731 3788 439.

522 3820 624 3877 Ad
651 3821 1020 3880 Benedictus.
1056 3824 1588 3891 AntiphonaDeus
1603 3826 1756 3882 Deus
1769 3842 1938 3883 meus
1952 3826 2030 3884 ad
2049 3832 2105 3884 te

450 3908 858 3980 delucevigilo
893 3911 953 3973 ἢν.
973 3911 1301 3971 Sitivitinte
1319 3915 1873 3988 animamea,quam
1906 3915 2104 3973 multi-

449 3997 675 4070 pliciter
683 4005 739 4056 et
749 4016 890 4057 caro
904 4018 1027 4058 mea
1040 4003 1099 4058 in
1113 4007 1268 4060 terra
1279 4003 1353 4060 de
1361 4003 1782 4071 serta,invia,et
1793 4004 1808 4060 i
1818 4021 2099 4077 naquosa.

523 4087 848 4148 Canticum.
879 4092 1228 4148 Benedictus
1256 4109 1317 4148 es
1337 4092 1584 4149 Domine
1608 4138 1610 4142 τ
1678 4094 1885 4161 Quare
1899 4096 2013 4164 fol.
2049 4099 2100 4152 6.

517 4177 746 4235 Lauda.
781 4183 847 4236 In
872 4181 1276 4252 potentatibus
1307 4181 1438 4252 ejus
1468 4181 1706 4238 laudate
1736 4182 2099 4243 Dominum:

449 4267 783 4324 secundum
800 4268 1244 4328 multitudinem
1262 4269 1695 4342 magnitudinis
1717 4271 1766 4341 ej
1778 4287 1846 4327 us
1861 4271 2102 4330 laudate

449 4369 608 4414 eum.
639 4356 914 4415 Psalmus
941 4375 1127 4415 cxmx.

777 4446 970 4503 Lectio
999 4446 1142 4503 libri
1172 4446 1409 4504 Genesis
1427 4447 1592 4519 (Cap.
1628 4449 1760 4513 xu).

517 4543 586 4605 Br.
617 4533 738 4592 Deo
764 4534 1012 4605 gratias.

517 4626 584 4680 In
617 4623 833 4682 diebus
860 4622 976 4681 illis
1006 4640 1020 4680 :
1050 4624 1313 4697 Triginta
1359 4641 1663 4685 annorum
1707 4630 1833 4685 erat
1879 4625 2100 4703 Joseph

443 4713 692 4784 quando
714 4712 944 4770 stetitin
965 4720 1289 4788 conspectu
1314 4716 1470 4787 regis
1510 4717 1857 4787 Pharaonis,
1903 4722 1961 4773 et
1989 4719 2097 4776 cir-

446 4803 692 4860 cumivit
714 4819 926 4860 omnes
944 4804 1212 4876 regiones
1224 4807 1486 4880 Egypti.
1515 4805 1807 4878 Venitque
1833 4805 2098 4865 fertilitas

445 4893 675 4962 septem
697 4907 1032 4950 annorum:
1064 4899 1122 4952 et
1148 4894 1211 4951 in
1240 4893 1583 4969 manipulos
1596 4893 1845 4952 redacta
1871 4900 2098 4966 segetes

443 4986 818 5052 congregata
857 4988 995 5042 sunt
1037 4984 1099 5042 in
1132 4985 1348 5044 horrea
1376 4983 1634 5058 .r'Egypti.
1669 4984 1875 5041 Omnis
1914 4984 2096 5044 etiam

441 5068 685 5140 frugum
702 5070 1076 5133 abundantia
1089 5075 1150 5132 in
1168 5074 1419 5146 singulis
1438 5073 1688 5131 urbibus
1709 5073 1952 5132 condita
1971 5079 2092 5132 est:

449 5158 624 5234 184
645 5164 930 5236 tantaque
965 5161 1072 5221 fuit
1123 5163 1499 5222 abundantia
1543 5163 1733 5236 tritici,
1779 5167 1842 5222 ut
1895 5180 2094 5223 arena

436 5251 623 5309 maris
651 5257 1152 5326 coaquaretur,et
1180 5255 1354 5326 copia
1374 5271 1726 5311 mensuram
1756 5255 2090 5316 excederet.

437 5342 684 5415 Natique
703 5347 842 5399 sunt
869 5342 1094 5414 Joseph
1124 5342 1228 5398 ﬁlii
1258 5344 1380 5399 duo
1407 5349 1737 5416 antequam
1760 5348 1988 5402 veniret
2009 5346 2093 5404 fa-

435 5445 564 5487 mes
596 5451 611 5486 :
642 5448 798 5505 quos
819 5432 1111 5505 peperitei
1128 5433 1385 5489 Aseneth
1408 5431 1532 5491 ﬁlia
1543 5433 1874 5508 Putipharis
1898 5451 2089 5493 sacer-

434 5515 594 5576 dotis
621 5519 1014 5595 Heliopoleos.
1053 5521 1406 5595 Vocavitque
1429 5536 1652 5582 nomen
1670 5521 2051 5594 primogeniti
2065 5565 2079 5580 .

2229 1776 2393 1846 quod
2422 1776 2705 1830 alimenta
2728 1775 3120 1830 venderentur
3143 1772 3205 1828 in
3233 1773 3514 1845 Egypto,
3558 1771 3705 1828 dixit
3742 1772 3882 1828 ﬁliis

2229 1865 2350 1918 suis
2370 1883 2381 1922 :
2399 1865 2592 1929 Quare
2609 1860 3203 1933 neglexistis?audivi
3218 1860 3380 1933 quod
3396 1861 3644 1916 triticum
3658 1877 3886 1918 venun-

2228 1952 2400 2009 detur
2428 1951 2490 2008 in
2516 1953 2775 2024 )Egypto
2805 1974 2818 2008 :
2840 1950 3204 2018 descendite,
3228 1955 3282 2006 et
3297 1951 3471 2005 emite
3487 1949 3664 2006 nobis
3682 1966 3887 2007 neces-

2228 2042 2411 2112 saria,
2425 2047 2486 2098 ut
2503 2042 2790 2114 possimus
2819 2040 3038 2108 vivere,
3073 2046 3130 2096 et
3154 2054 3276 2095 non
3298 2055 3734 2096 consumamur
3756 2040 3888 2098 ino-

2227 2131 2346 2204 pia.
2373 2131 2802 2187 Descendentes
2831 2131 3010 2202 igitur
3038 2128 3251 2185 fratres
3289 2128 3513 2201 Joseph
3553 2128 3789 2198 decem,
3821 2134 3889 2188 ut

2227 2226 2491 2276 emerent
2518 2219 2817 2276 frumenta
2850 2220 2913 2275 in
2941 2218 3224 2292 Egypto,
3255 2216 3563 2290 Benjamin
3583 2217 3752 2275 domi
3790 2235 3890 2276 re-

2228 2314 2388 2365 tento
2417 2325 2454 2365 a
2481 2309 2690 2378 Jacob,
2708 2309 2814 2381 qui
2843 2307 3075 2364 dixerat
3103 2306 3385 2363 fratribus
3408 2308 3540 2379 ejus
3566 2328 3580 2364 :
3622 2311 3702 2364 Ne
3733 2307 3890 2366 forte

2223 2397 2286 2453 in
2312 2397 2517 2454 itinere
2547 2397 2876 2470 quicquam
2893 2395 3301 2469 patiaturmali
3319 2414 3332 2449 :
3351 2396 3603 2467 ingressi
3617 2403 3758 2453 sunt
3775 2402 3891 2455 ter-

2223 2502 2351 2543 ram
2375 2488 2617 2559 Egypti
2645 2503 2784 2542 cum
2802 2486 2932 2543 aliis
2953 2485 3058 2560 qui
3079 2485 3410 2558 pergebant
3431 2486 3509 2542 ad
3533 2487 3888 2545 emendum.

2226 2578 2362 2631 Erat
2383 2581 2584 2631 autem
2613 2574 2804 2632 fames
2837 2574 3071 2632 interra
3099 2576 3403 2632 Chanaan.
3430 2577 3495 2630 Et
3511 2575 3736 2648 Joseph
3756 2581 3892 2635 erat

2221 2664 2498 2737 princeps
2524 2664 2584 2721 in
2613 2669 2768 2721 terra
2796 2665 3057 2738 Egypti,
3076 2669 3254 2737 atque
3274 2663 3352 2720 ad
3376 2665 3426 2735 ej
3437 2680 3505 2719 us
3523 2670 3738 2720 nutum
3760 2666 3894 2723 fru-

2220 2759 2424 2810 menta
2449 2754 2680 2826 populis
2738 2754 3174 2811 vendebantur.
3218 2754 3484 2827 Cumque
3525 2753 3891 2813 adorassent

2220 2857 2360 2898 eum
2388 2842 2598 2899 fratres
2616 2842 2728 2910 sui,
2745 2847 2802 2900 et
2829 2842 3173 2914 agnovisset
3201 2858 3325 2908 eos,
3355 2843 3529 2916 quasi
3541 2843 3622 2900 ad
3648 2843 3887 2901 alienos

2219 2929 2426 2987 durius
2450 2931 3197 3004 loquebatur,interrogans
3219 2948 3327 2988 eos
3348 2951 3365 2986 :
3386 2933 3549 2989 Unde
3579 2933 3832 2988 venistis
3855 2934 3887 2990 ?

2217 3111 2397 3168 victui
2422 3112 2778 3167 necessaria.
2803 3113 2866 3167 Et
2888 3115 3090 3168 tamen
3105 3109 3314 3166 fratres
3329 3110 3457 3183 ipse
3475 3125 3884 3183 cognoscens,

2216 3217 2339 3258 non
2365 3201 2735 3272 estcognitus
2748 3200 2826 3257 ab
2843 3201 3440 3273 eis.Recordatusque
3466 3200 3885 3272 somniorum,

2216 3306 2351 3363 qua
2399 3289 2726 3361 aliquando
2748 3288 2994 3354 viderat,
3031 3288 3111 3345 ait
3151 3288 3231 3346 ad
3277 3304 3419 3348 eos:
3453 3287 3888 3361 Exploratores

2217 3380 2386 3436 estis:
2425 3377 2757 3434 utvideatis
2810 3377 3144 3435 infirmiora
3193 3381 3381 3446 terra,
3439 3377 3702 3434 venistis.
3761 3379 3891 3445 Qui

2216 3467 2525 3526 dixerunt:
2561 3468 2692 3523 Non
2722 3471 2810 3523 est
2835 3466 2938 3531 ita,
2967 3467 3233 3537 domine,
3265 3466 3373 3522 sed
3404 3467 3558 3523 servi
3577 3467 3663 3524 tui
3694 3482 3890 3524 vene-

2215 3561 2353 3613 runt
2381 3561 2443 3612 ut
2467 3560 2732 3612 emerent
2749 3556 3166 3612 cibos.0mnes
3182 3555 3285 3612 ﬁlii
3315 3555 3493 3613 unius
3505 3555 3890 3613 virisumus:

2213 3645 2450 3718 paciﬁci
2480 3647 2755 3701 venimus
2786 3660 2895 3701 nec
2923 3648 3253 3719 quicquam
3282 3644 3492 3703 famuli
3525 3645 3608 3703 tui
3637 3646 3886 3703 machi-

2213 3740 2433 3792 nantur
2449 3734 2609 3791 mali.
2653 3735 2880 3801 Quibus
2912 3734 3007 3790 ille
3034 3734 3373 3807 respondit:
3407 3735 3579 3792 Aliter
3609 3740 3702 3794 est
3738 3736 3893 3794 :im-

2212 3824 2449 3882 munita
2469 3829 2638 3881 terra
2666 3823 2848 3896 hujus
2886 3823 3266 3881 considerare
3321 3825 3598 3883 venistis.
3635 3827 3705 3883 Et
3732 3825 3820 3882 illi
3862 3845 3879 3886 :

2213 3914 2556 3981 Duodecim,
2599 3912 2900 3986 inquiunt,
2952 3911 3163 3969 fratres
3192 3913 3346 3970 servi
3376 3913 3460 3970 tui
3490 3929 3719 3983 sumus,
3763 3914 3890 3972 ﬁlii

2211 4002 2322 4059 viri
2352 4003 2528 4060 unius
2551 4002 2612 4059 in
2637 4008 2793 4059 terra
2815 4003 3137 4061 Chanaan:
3168 4001 3455 4058 minimus
3509 4018 3648 4058 cum
3696 4008 3881 4074 patre

2211 4099 2496 4160 versatur,
2523 4092 2671 4149 alius
2697 4108 2820 4148 non
2841 4096 2931 4149 est
2977 4107 3176 4165 super.
3218 4094 3339 4148 Hoc
3381 4095 3485 4158 est,
3540 4093 3640 4159 ait,
3698 4093 3882 4164 quod

2209 4183 2441 4239 locutus
2467 4199 2632 4242 sum:
2668 4181 3082 4255 Exploratores
3103 4182 3266 4238 estis.
3302 4183 3434 4238 Jam
3453 4197 3612 4237 nunc
3641 4183 3884 4255 experi-

2212 4277 2413 4329 mentu
2425 4289 2481 4327 m
2497 4271 2678 4328 vestri
2703 4271 2941 4343 capiam
2962 4289 2975 4327 :
3000 4286 3106 4343 per
3127 4269 3383 4327 salutem
3395 4269 3721 4328 Pharaonis
3745 4287 3885 4328 non

2211 4359 2595 4431 egrediemini
2623 4359 2785 4430 hinc,
2818 4359 3011 4417 donec
3038 4359 3432 4418 veniatfrater
3455 4365 3653 4417 vester
3692 4361 3886 4418 mini-

2209 4466 2366 4507 mus.
2405 4449 2599 4507 Mittite
2623 4465 2698 4506 ex
2721 4448 2892 4506 vobis
2920 4463 3128 4516 unum,
3153 4453 3212 4506 et
3229 4447 3502 4515 adducat
3541 4464 3686 4508 eum
3711 4467 3726 4508 :
3764 4465 3890 4508 vos

2211 4543 2412 4597 autem
2441 4537 2676 4595 eritisin
2697 4537 2973 4605 vinculis,
3006 4538 3198 4596 donec
3212 4537 3694 4612 probenturqua
3721 4538 3894 4596 dixi-

2209 4628 2310 4684 stis
2328 4633 2529 4685 utrum
2560 4643 2703 4685 vera
2718 4643 2796 4685 an
2815 4627 2972 4685 falsa
3001 4627 3119 4685 sint
3140 4645 3155 4684 :
3188 4627 3452 4700 alioquin
3477 4643 3586 4700 per
3609 4627 3892 4686 salutem

2209 4717 2542 4775 Pharaonis
2570 4717 2972 4790 exploratores
2993 4717 3149 4774 estis.
3174 4716 3435 4774 Tradidit
3449 4733 3588 4788 ergo
3608 4716 3740 4774 illos
3769 4733 3896 4775 cu.

2207 4808 2414 4864 stodia
2446 4809 2634 4865 tribus
2669 4806 2902 4864 diebus.
2940 4807 3041 4864 Die
3088 4811 3292 4864 autem
3323 4807 3491 4864 tertio
3531 4806 3761 4866 eductis
3790 4806 3889 4865 de

2206 4911 2456 4962 carcere,
2480 4897 2586 4955 ait:
2613 4895 2807 4952 Facite
2837 4912 2974 4968 qua
2991 4893 3136 4964 dixi,
3161 4900 3218 4953 et
3237 4895 3467 4953 vivetis.
3487 4898 3674 4953 Deum
3697 4895 3889 4954 enim

2205 4985 2406 5044 timeo.
2433 4986 2488 5043 Si
2518 4985 2751 5058 paciﬁci
2773 4983 3132 5056 estis,frater
3150 4988 3346 5042 vester
3369 4999 3528 5042 unus
3549 4983 3771 5055 ligetur
3804 4983 3892 5043 in

2203 5090 2472 5132 carcere:
2500 5089 2608 5132 vos
2633 5078 2835 5131 autem
2883 5073 3062 5142 abite,
3099 5073 3154 5130 el
3193 5073 3338 5131 ferte
3371 5073 3678 5132 frumenta
3727 5089 3894 5146 qua

2203 5164 2426 5221 emistis
2449 5165 2512 5221 in
2531 5165 2746 5221 domos
2769 5167 3020 5230 vestras,
3045 5167 3103 5220 et
3120 5161 3365 5222 fratrem
3392 5166 3664 5220 vestrum
3687 5161 3892 5243 mini-

2200 5269 2372 5309 mum
2411 5253 2489 5310 ad
2530 5271 2617 5310 me
2662 5252 2963 5320 adducite,
2994 5257 3060 5310 ut
3086 5253 3317 5325 possim
3343 5256 3572 5310 vestros
3591 5251 3888 5325 probare

2200 5359 2527 5408 sermones,
2562 5349 2617 5400 et
2655 5360 2775 5401 non
2809 5342 3167 5400 moriamini.
3203 5344 3491 5399 Fecerunt
3514 5346 3580 5397 ut
3608 5342 3886 5412 dixerat,

2199 5437 2255 5490 et
2273 5431 2455 5489 locuti
2472 5438 2608 5490 sunt
2634 5433 2712 5489 ad
2737 5432 3024 5492 invicem:
3046 5433 3244 5490 Merito
3265 5431 3393 5488 hac
3417 5429 3896 5510 paﬁmur,quia.

2197 5523 2578 5594 peccavimus
2609 5522 2670 5582 in
2687 5523 2928 5584 fratrem
2955 5520 3526 5592 nostrum,v1dentes
3540 5519 3891 5594 angustias
