4102 6176
452 247 564 306 339

1683 237 2140 297 BREVIARIUM
2178 234 2569 294 GOTHICUM.

3766 235 3874 296 3&0

457 369 707 428 Domine
734 386 748 426 :
772 369 853 426 da
874 367 1050 425 nobis
1073 366 1239 424 odire
1266 365 1480 424 mundi
1506 363 1872 422 inlecebram
1901 380 1916 430 ;
1944 365 2002 419 et
2013 377 2110 418 ve-
2136 362 2188 417 A
2217 360 2319 434 qui
2344 359 2740 418 subveherent
2759 375 2831 417 ex
2851 359 3136 417 omnibus
3165 355 3380 414 divitiis
3416 359 3652 431 Egypti
3697 367 3755 419 et
3786 367 3880 422 to-

455 461 724 518 nantium
733 459 1098 530 voluptatum
1109 471 1445 529 prmcavere
1461 454 1859 526 muscipulam
1875 470 1888 508 :
1907 452 2110 524 utipse

455 549 827 607 insidiantem
854 547 1114 620 perimas
1143 564 1157 613 ;
1188 546 1320 618 ipse
1347 544 1746 602 conﬁdentem
1770 541 2012 600 munias
2028 544 2112 598 at-

459 654 578 712 que
602 637 910 694 defendas.
940 648 1004 705 Βι.
1029 640 1236 690 Amen.

533 730 640 783 Per
658 724 1152 782 misericordiam.

534 815 884 886 Antiphona
907 819 958 870 3.
1010 811 1260 869 Benefac
1309 810 1558 869 Domine
1602 809 1799 876 bonis,
1858 812 1915 866 et
1941 807 2113 866 rectis

464 905 661 962 corde.
690 905 975 961 Psalmus
1001 917 1196 958 cxxw.

536 1006 602 1063 ἢ.
619 990 931 1049 Placabilis
953 994 1097 1046 esto.
1124 990 1392 1058 Domine,
1419 994 1476 1046 et
1497 987 1743 1046 ostende
1768 991 1823 1044 te
1842 988 2021 1044 nobis
2047 988 2114 1044 P.

466 1084 527 1139 In
547 1087 813 1150 tempore
829 1078 1243 1135 tribulationis.
1267 1083 1326 1134 et
1340 1078 1629 1148 angustias
1645 1081 1866 1133 nostrae
1876 1077 1938 1137 ἣν.
1959 1078 2115 1131 Deus

465 1172 530 1226 in
552 1167 796 1225 nomine
837 1171 940 1223 tuo
990 1166 1186 1223 salvos
1210 1181 1323 1223 nos
1352 1167 1445 1223 fac
1475 1183 1488 1222 :
1521 1170 1578 1223 et
1597 1165 1659 1222 in
1685 1165 1894 1222 virtute
1919 1169 2023 1222 tua
2049 1164 2119 1219 li-

466 1258 614 1314 bera
643 1271 773 1312 nos.
804 1259 864 1314 P.
913 1255 975 1312 1n
1019 1258 1307 1327 tempore.
1340 1255 1402 1316 νγ.
1436 1255 1650 1319 Gloria,
1703 1261 1759 1311 et
1802 1254 1993 1310 honor
2021 1256 2123 1309 Pa-

470 1345 562 1414 tri,
585 1348 693 1402 etc.
718 1345 1076 1402 Rciteretur.
1101 1354 1165 1411 Ir.

540 1435 766 1490 Preces.
808 1432 1074 1488 Dicamus
1126 1445 1346 1493 omnes,
1391 1429 1666 1486 Domine:
1711 1430 1982 1487 Miserere
2021 1444 2126 1486 no-

472 1521 882 1588 bis,P.Etesto
899 1517 1296 1590 propitiust.
1325 1519 1440 1584 Pie,
1475 1523 1789 1590 precantes
1824 1518 2124 1592 supplices

476 1608 716 1676 exaudi,
749 1608 992 1666 Christe.
1032 1609 1093 1664 P.
1132 1611 1200 1664 Et
1233 1612 1360 1664 esto
1381 1609 1695 1680 propitius.
1729 1609 1793 1670 γ.
1817 1611 2028 1666 Nostra
2042 1623 2128 1663 re-

2217 452 2398 509 tidem
2417 451 2637 518 asinas,
2658 451 2913 508 triticum
2925 450 2986 506 in
2999 449 3204 505 itinere
3216 461 3526 519 panesque
3540 454 3874 520 portantes.

2219 540 2448 596 Dimisit
2466 555 2608 610 ergo
2622 539 2834 596 fratres
2851 554 3014 605 suos,
3033 542 3090 593 et
3109 535 3626 608 proﬁciscentibus
3643 539 3728 595 ait
3758 555 3769 595 :
3795 542 3880 597 Ne

2219 629 2560 686 irascamini
2574 629 2760 685 invia.
2777 629 2888 694 Qui
2911 625 3301 683 ascendentes
3321 639 3394 680 ex
3415 627 3670 697 Egypto
3700 643 3886 685 vene—

2217 721 2356 774 runt
2370 718 2430 773 in
2441 720 2660 774 terram
2677 718 2957 774 Chanaan
2969 715 3045 771 ad
3062 718 3295 786 patrem
3311 729 3492 768 suum
3507 714 3886 773 Jacob.Nun-

2218 807 2512 864 tiaverunt
2537 808 2612 871 ei,
2644 807 2900 864 dicentes
2933 822 2946 861 :
2975 805 3197 876 Joseph
3234 803 3390 858 ﬁlius
3421 809 3556 859 tuus
3587 804 3737 861 vivit
3766 822 3779 862 :
3827 811 3887 863 et

2219 897 2349 969 ipse
2387 896 2732 953 dominatur
2759 896 2822 950 in
2848 893 3012 950 omni
3037 899 3193 950 terra
3213 891 3466 963 Egypti.
3485 894 3615 958 Quo
3648 895 3884 958 audito,

2222 986 2394 1059 quasi
2409 987 2478 1041 de
2499 986 2666 1056 gravi
2683 999 2896 1041 somno
2914 982 3224 1052 evigilans,
3242 986 3442 1038 tamen
3455 996 3577 1038 non
3598 983 3889 1041 credebat

2224 1075 2326 1131 eis.
2360 1075 2447 1130 Illi
2477 1090 2509 1130 e
2552 1079 2762 1130 contra
2793 1071 3131 1129 referebant
3171 1085 3416 1127 omnem
3463 1071 3744 1128 ordinem
3773 1073 3886 1128 rei.

2228 1165 2495 1235 Cumque
2524 1162 2764 1218 vidisset
2782 1161 3042 1233 plaustra
3071 1163 3127 1217 et
3151 1159 3432 1216 universa
3467 1175 3606 1232 quas
3634 1162 3891 1218 miserat

2226 1251 2439 1308 revixit
2467 1251 2707 1324 spiritus
2735 1252 2888 1322 ejus,
2912 1254 2966 1305 et
2983 1249 3063 1306 ait
3089 1269 3101 1305 :
3133 1248 3358 1306 Sufficit
3387 1249 3535 1305 mihi
3577 1250 3630 1305 si
3680 1250 3889 1307 adhuc

2229 1341 2450 1414 Joseph
2478 1339 2636 1396 ﬁlius
2665 1355 2836 1396 meus
2858 1339 3012 1405 vivit,
3042 1337 3262 1394 vadam
3288 1342 3343 1394 et
3369 1337 3588 1394 videbo
3610 1354 3754 1395 eum
3783 1355 3893 1396 an-

2230 1436 2476 1504 tequam
2489 1429 2727 1485 moriar.
2744 1429 2910 1499 (Cap.
2925 1428 3102 1496 XLVI.)
3120 1425 3545 1498 Profectusque
3555 1427 3736 1484 Israel
3751 1443 3893 1484 cum

2235 1519 2534 1583 omnibus,
2554 1534 2689 1591 quae
2713 1517 2993 1580 habebat,
3021 1515 3181 1571 venit
3196 1515 3269 1571 ad
3290 1515 3534 1571 Puteum
3554 1517 3896 1587 juramenti

2235 1614 2293 1666 et
2312 1608 2588 1664 mactatis
2606 1606 2690 1662 ibi
2705 1606 2958 1662 victimis
2982 1603 3104 1660 Deo
3123 1604 3310 1676 petris
3334 1604 3424 1659 sui
3447 1607 3632 1670 Isaac,
3658 1606 3901 1662 audivit

478 1698 617 1753 laxa
644 1697 915 1762 crimina,
939 1695 1070 1752 dele
1093 1699 1360 1769 peccata.
1384 1699 1444 1754 P.
1466 1698 1532 1752 Et
1559 1701 1708 1753 esto.
1741 1696 1804 1758 ῒ.
1831 1696 1896 1751 In
1920 1711 2131 1752 omnes
2160 1701 2206 1757 B
2238 1715 2378 1756 eum
2413 1713 2515 1769 per
2537 1697 2830 1752 visionem
2851 1699 3023 1751 nocte
3054 1698 3368 1750 vocantem
3391 1709 3474 1763 se,
3502 1699 3558 1750 et
3589 1693 3900 1751 dicentem

481 1789 709 1857 gentes,
742 1787 1007 1852 Domine,
1032 1801 1242 1858 pacem
1265 1785 1546 1842 concede.
1577 1789 1636 1842 P.
1666 1788 1733 1842 Et
1760 1789 1906 1842 esto.
1929 1785 1992 1846 ῒ.
2029 1787 2134 1841 Re-

480 1875 833 1931 missionem
862 1875 1135 1931 omnium
1163 1874 1444 1940 concede,
1480 1874 1654 1930 Deus.
1689 1875 1752 1930 P.
1786 1877 1854 1930 Et
1873 1879 2022 1930 esto.
2066 1873 2129 1934 ἵ.

483 1963 526 2018 Ο
556 1966 709 2018 Deus
736 1963 1143 2036 potentissime
1172 1963 1435 2019 clemens
1465 1979 1764 2020 succurre.
1807 1963 1869 2017 P.
1904 1966 1971 2019 Et
1985 1966 2131 2018 esto.

555 2052 842 2122 Hymnus.
871 2054 914 2109 Ο
941 2056 1259 2119 Nazarene,
1285 2052 1411 2108 lux.
1441 2053 1696 2124 Require
1717 2053 1834 2122 fol.
1872 2056 1990 2108 144.

560 2140 784 2196 Oratio.
812 2140 1085 2205 Benefac,
1113 2139 1382 2205 Domine,
1415 2140 1593 2197 bonis
1623 2145 1678 2196 et
1696 2141 1870 2196 rectis
1901 2139 2078 2195 corde
2119 2152 2134 2194 :

486 2231 754 2300 regimen
771 2229 1047 2286 salutaris
1073 2230 1350 2302 impende
1374 2246 1388 2296 ;
1407 2234 1587 2302 atque
1608 2231 1670 2286 in
1691 2233 1804 2285 tuae
1826 2229 2017 2301 plebis
2041 2243 2138 2283 cu-

490 2317 682 2374 stodia
703 2333 939 2390 semper
962 2318 1139 2389 vigila
1170 2335 1186 2386 ;
1215 2322 1272 2375 et
1295 2317 1752 2389 malignautium
1781 2317 2013 2375 rabiem
2037 2321 2142 2373 tua

490 2406 735 2464 dextera
762 2407 950 2465 frena.

562 2497 729 2554 Pater
760 2500 976 2552 noster.

1093 2584 1192 2638 Ad
1213 2585 1462 2640 Nonum.

777 2671 1230 2728 Proverbiorum
1253 2671 1581 2729 Salomonis
1608 2671 1784 2742 (Cap.
1811 2671 2001 2739 xxm).

568 2774 632 2830 Βι.
657 2761 778 2818 Deo
799 2761 1040 2830 gratias.

567 2849 688 2920 Fili,
717 2849 1089 2919 Ingrediatur
1107 2850 1186 2907 ad
1215 2849 1550 2907 doctrinam
1568 2865 1670 2906 cor
1690 2852 1882 2917 tuum,
1907 2852 2147 2906 etaures

495 2943 611 2996 tum
637 2939 716 2995 ad
743 2938 928 2994 verba
955 2939 1235 2994 scientiae.
1267 2938 1397 2995 Noli
1427 2938 1776 2996 subtrahere
1793 2955 1829 2995 a
1846 2955 2034 3011 puero
2063 2938 2148 2994 di-

2241 1787 2396 1844 sibi:
2425 1785 2628 1852 Jacob,
2674 1785 2777 1856 qui
2816 1782 3167 1855 respondit:
3222 1784 3367 1838 Ecce
3416 1782 3656 1866 adsum.
3698 1782 3903 1840 Aitilli

2242 1877 2398 1931 Deus
2423 1893 2436 1934 ε
2462 1877 2582 1943 Ego
2611 1888 2745 1928 sum
2776 1871 3130 1928 fortissimus
3174 1870 3333 1925 Deus
3363 1871 3549 1942 patris
3604 1872 3690 1927 tui
3725 1889 3738 1926 :
3773 1872 3905 1927 noli

2242 1966 2466 2028 timere,
2491 1960 2789 2018 descende
2813 1961 2875 2015 in
2896 1963 3238 2031 rEgyptum,
3258 1959 3401 2031 quia
3421 1959 3483 2014 in
3513 1963 3755 2030 gentem
3771 1973 3909 2014 ma-

2245 2068 2427 2123 gnam
2452 2051 2668 2107 faciam
2690 2055 2744 2105 te
2773 2049 2870 2104 ibi.
2898 2052 3018 2118 Ego
3043 2047 3410 2104 descendam
3435 2051 3634 2103 tecum
3656 2047 3812 2114 illnc,
3841 2052 3909 2103 et

2245 2157 2356 2212 ego
2388 2140 2526 2196 inde
2543 2138 2844 2195 adducam
2866 2142 2921 2193 te
2949 2141 3342 2192 revertentem
3378 2157 3390 2195 :
3414 2137 3635 2208 Ioseph
3656 2151 3910 2208 quoque

2246 2233 2430 2303 ponet
2455 2243 2705 2284 manum
2729 2243 2900 2282 suam
2920 2241 3098 2298 super
3113 2225 3320 2281 oculos
3344 2229 3500 2282 tuos.
3524 2226 3789 2282 Surrexit
3807 2226 3911 2281 Ja-

2249 2318 2362 2375 cob
2389 2333 2426 2373 a
2456 2319 2637 2372 Puteo
2656 2315 2980 2386 juramenti
3017 2332 3029 2369 :
3063 2313 3441 2386 tuleruntque
3470 2329 3609 2369 eum
3631 2313 3735 2369 ﬁlii
3763 2329 3912 2369 cum

2250 2405 2540 2480 parvulis,
2563 2410 2619 2461 et
2639 2404 2922 2460 uxoribus
2949 2404 3008 2458 in
3030 2403 3310 2475 plaustris
3332 2418 3462 2474 quas
3487 2403 3736 2460 miserat
3759 2403 3916 2459 Pha-

2251 2511 2358 2552 rao
2374 2495 2452 2551 ad
2470 2493 2832 2566 portandum
2849 2507 3072 2556 senem,
3097 2494 3154 2546 et
3178 2491 3381 2547 omnia
3401 2507 3536 2564 quas
3554 2492 3917 2563 possederat

2253 2585 2482 2640 interra
2505 2582 2792 2637 Chanaan
2816 2596 2828 2634 :
2856 2581 3135 2651 venitque
3160 2579 3220 2634 in
3234 2582 3374 2650 Aﬂgy
3382 2586 3550 2650 ptum
3577 2595 3716 2635 cum
3737 2581 3915 2635 omni

2255 2672 2480 2728 semine
2498 2687 2629 2735 suo,
2654 2670 2756 2725 ﬁlii
2782 2669 2931 2740 ejus,
2959 2673 3015 2725 et
3038 2673 3308 2740 nepotes,
3333 2667 3489 2734 ﬁlias,
3518 2672 3577 2724 et
3595 2672 3814 2724 cuncta
3835 2669 3919 2726 si-

2253 2760 2382 2817 mul
2410 2759 2744 2831 progenies.
2777 2769 2842 2826 Bt.
2875 2759 3084 2812 Amen.

2325 2847 2668 2918 Antiphona
2694 2852 2737 2901 l.
2770 2848 2924 2902 Deus
2946 2847 3100 2901 Deus
3120 2847 3320 2901 noster
3340 2845 3568 2916 respice
3598 2861 3610 2900 :
3645 2861 3772 2901 non
3797 2859 3920 2902 nos

2256 2938 2635 3008 derelinquas
2665 2940 2974 3008 sperantes
3001 2936 3059 2990 in
3091 2939 3170 2991 te.
3207 2934 3476 2990 Psatmus
3496 2950 3614 2990 xxx.

497 3027 846 3098 sciplinam:
873 3026 924 3082 si
944 3026 1104 3082 enim
1127 3027 1484 3096 percusseris
1514 3042 1652 3082 cum
1667 3027 1858 3097 virga,
1877 3042 1998 3084 non
2015 3043 2146 3083 mo-
2185 3049 2227 3106 α
2331 3027 2554 3082 Oratio.
2585 3025 2830 3096 Respice
2858 3023 2919 3078 in
2952 3039 3065 3078 nos
3100 3023 3351 3079 Domine
3393 3023 3545 3078 Deus
3575 3026 3812 3091 noster;
3843 3039 3922 3080 ne

495 3116 695 3171 rietur.
710 3114 801 3169 Tu
816 3113 981 3183 virga
993 3114 1286 3185 percuties
1312 3129 1452 3169 eum
1473 3130 1486 3168 :
1506 3118 1562 3168 et
1596 3115 1862 3170 animam
1900 3117 2031 3185 ejus
2073 3117 2148 3172 de
2257 3115 2581 3172 avertendo
2610 3112 2822 3168 faciem
2841 3119 3003 3167 tuam
3023 3127 3059 3168 a
3084 3111 3407 3178 nobis,nos
3425 3111 3800 3184 aliquatenus
3818 3113 3924 3168 de-

495 3202 728 3258 inferno
745 3200 1048 3259 liberabis.
1082 3201 1184 3256 Fili
1214 3201 1319 3266 mi,
1364 3201 1412 3256 si
1442 3201 1680 3272 sapiens
1709 3202 1882 3258 fuerit
1909 3202 2148 3258 animus

498 3295 655 3358 tuus,
675 3290 1163 3360 gandebittecum
1175 3306 1280 3346 cor
1292 3305 1497 3347 meum
1513 3307 1526 3346 :
1541 3297 1596 3346 et
1607 3291 1959 3347 exultabunt
1976 3307 2148 3348 renes

498 3379 636 3446 mei,
665 3393 804 3434 cum
825 3379 1029 3435 locuta
1051 3379 1267 3434 fuerint
1293 3383 1455 3435 recta
1473 3378 1634 3435 labia
1654 3382 1943 3436 mea.Non
1965 3395 2149 3435 semu-

498 3469 651 3526 letur
674 3484 778 3526 cor
796 3473 967 3525 tuum
1009 3472 1343 3540 peccatores
1390 3485 1403 3524 :
1440 3467 1547 3524 sed
1578 3469 1640 3524 in
1670 3469 1880 3525 timore
1913 3469 2146 3525 Domini

501 3560 626 3612 esto
654 3560 781 3612 tota
807 3556 903 3612 die
935 3573 948 3612 :
973 3557 1115 3628 quia
1145 3556 1398 3613 habebis
1421 3571 1587 3628 spem
1603 3557 1664 3613 in
1693 3557 2043 3627 novissimo,
2094 3560 2153 3614 et

499 3643 860 3718 prmstolatio
888 3648 992 3700 tua
1015 3660 1138 3701 non
1169 3645 1488 3702 auferetur.
1522 3656 1586 3716 nr.
1607 3649 1818 3704 Amen.

722 3732 895 3804 189
926 3734 1115 3790 Lectio
1147 3734 1292 3790 libri
1319 3734 1559 3792 Genesis
1584 3734 1752 3807 (Cap.
1787 3735 1934 3807 xcv).

574 3831 641 3889 ἢ.
670 3819 790 3874 Deo
815 3820 1057 3890 gratias.

577 3908 640 3962 In
675 3907 791 3964 illis
824 3907 1074 3965 diebus:
1105 3909 1509 3984 Auditumque
1543 3916 1653 3979 est,
1682 3915 1738 3969 et
1770 3913 1990 3969 celebri
2037 3928 2152 3969 sero

503 4011 684 4052 mone
707 3997 1019 4067 vulgatum
1040 3997 1104 4054 in
1124 3999 1260 4055 aula
1280 4001 1436 4069 regis
1465 4016 1476 4056 :
1504 4004 1800 4058 Venerunt
1818 4003 2026 4059 fratres
2063 4005 2154 4059 Jo-

506 4085 654 4156 seph
682 4100 694 4139 :
728 4090 784 4142 et
805 4086 1046 4156 gavisus
1078 4091 1167 4143 est
1196 4088 1444 4155 Pharao,
1472 4092 1650 4162 atque
1681 4092 1877 4146 omnis
1926 4091 2156 4149 familia

506 4174 653 4245 ejus.
690 4174 961 4246 Dixitque
983 4175 1061 4232 ad
1087 4177 1306 4248 Ioseph
1333 4178 1726 4248 utimperaret
1739 4179 1991 4236 {ratibus
2006 4181 2150 4245 suis,

505 4261 710 4318 dicens
735 4265 1094 4320 :Onerantes
1105 4265 1396 4336 jumenta,
1417 4266 1494 4321 ite
1519 4266 1579 4321 in
1606 4270 1824 4323 terram
1843 4269 2150 4336 Chanaan,

507 4356 565 4408 et
590 4351 769 4408 tollite
797 4352 936 4408 inde
970 4358 1200 4425 patrem
1248 4358 1513 4410 vestrum
1545 4359 1601 4410 et
1629 4357 2072 4428 cognationem,
2100 4363 2156 4415 et

506 4440 698 4497 venite
725 4440 803 4496 ad
824 4456 922 4497 me
952 4459 963 4497 :
989 4445 1046 4498 et
1069 4457 1181 4511 ego
1205 4442 1365 4498 dabo
1387 4442 1551 4499 vobis
1566 4444 1770 4500 omnia
1791 4445 1954 4503 bona
1979 4451 2154 4520 [Egy-

506 4530 610 4604 pti,
631 4535 697 4587 ut
712 4531 1040 4588 comedatis
1060 4530 1386 4588 medullam
1408 4536 1600 4590 terrm.
1622 4533 1876 4605 Praecipe
1892 4535 2076 4591 etiam
2095 4541 2159 4593 ut

507 4619 718 4677 tollant
745 4621 1010 4693 plaustra
1039 4622 1107 4677 de
1138 4626 1292 4678 terra
1319 4621 1581 4695 Egypti,
1602 4623 1681 4679 ad
1704 4623 2155 4682 subvectionem

507 4710 894 4781 parvulorum
912 4726 1155 4767 suorum
1173 4727 1242 4766 ac
1267 4712 1398 4783 conj
1411 4727 1594 4782 ugum
1615 4729 1626 4768 :
1648 4715 1704 4768 et
1719 4713 1898 4770 dicito
1923 4729 1934 4770 :
1957 4715 2157 4771 Tollite

507 4802 740 4869 patrem
755 4805 1037 4872 vestrum,
1058 4803 1114 4855 et
1129 4806 1440 4873 properate
1457 4803 1817 4874 quantocius
1835 4803 2154 4868 venientes,

509 4887 625 4940 Nec
641 4887 948 4945 dimittatis
974 4889 1304 4962 quicquam
1324 4890 1397 4946 de
1415 4890 1756 4963 supellectili
1771 4895 1964 4948 vestra
1985 4908 1996 4947 :
2017 4893 2160 4964 quia

511 4987 721 5029 omnes
741 4990 885 5046 opes
905 4978 1140 5050 Egypti
1157 4983 1362 5035 vestras
1393 4984 1583 5036 erunt.
1610 4982 2015 5051 Feceruntque
2049 4979 2157 5035 ﬁlii

512 5061 695 5120 Israel
715 5068 778 5116 ut
792 5064 876 5118 eis
890 5067 1247 5124 mandatum
1271 5067 1482 5126 fuerat.
1513 5067 1738 5134 Quibus
1758 5068 1916 5124 dedit
1933 5068 2160 5140 Joseph

510 5150 799 5224 plaustra,
814 5155 1147 5211 secundum
1163 5156 1485 5212 Pharaonis
1498 5155 1819 5229 imperium
1840 5175 1852 5211 :
1868 5162 1924 5213 et
1936 5157 2160 5213 cibaria

512 5240 572 5297 in
597 5241 824 5299 itinere.
849 5241 1226 5315 Singulisque
1247 5244 1496 5312 proferri
1509 5245 1686 5315 jussit
1711 5244 1888 5302 binas
1915 5246 2097 5302 stolas
2145 5261 2155 5300 :

513 5330 822 5402 Benjamin
841 5347 985 5388 vero
999 5332 1162 5387 dedit
1186 5336 1474 5386 trecentos
1495 5338 1808 5402 argenteos
1829 5351 1967 5390 cum
1990 5336 2161 5406 quin-

513 5434 629 5489 que
659 5419 821 5476 stolis
849 5419 1093 5490 optimis
1120 5438 1131 5476 :
1162 5417 1513 5473 tantundem
1543 5421 1956 5490 pecuniarum,
1992 5429 2046 5476 et
2067 5438 2163 5478 ve-

515 5507 694 5561 stium
725 5507 965 5562 mittens
988 5507 1141 5576 patri
1167 5520 1299 5567 suo,
1331 5505 1555 5561 addens
1584 5507 1668 5561 eis
1699 5507 1900 5564 asinos
1929 5509 2160 5575 decem,

2254 3203 2560 3275 relinquas
2589 3220 2600 3257 :
2631 3217 2768 3257 vere
2798 3200 2957 3256 enim
2989 3201 3136 3256 salvi
3169 3200 3412 3268 erimus,
3443 3201 3490 3255 si
3508 3199 3700 3255 vultus
3728 3201 3810 3254 tui
3850 3203 3920 3256 in

2255 3307 2368 3349 nos
2420 3294 2732 3364 aspectum
2775 3291 3150 3354 converteris,
3207 3295 3261 3345 et
3308 3289 3569 3344 hilariter
3602 3289 3824 3344 nostris
3858 3292 3922 3345 te

2256 3380 2580 3439 animabus
2611 3379 2992 3450 conjunxeris
3029 3395 3042 3434 :
3078 3382 3141 3434 ut
3169 3379 3312 3451 quia
3337 3379 3396 3434 in
3430 3382 3483 3434 te
3521 3383 3924 3450 speraverunt

2255 3474 2454 3543 patres
2486 3470 2696 3538 nostri,
2729 3473 2786 3524 et
2812 3469 2967 3525 salvi
3017 3468 3153 3524 facti
3189 3471 3346 3536 sunt,
3396 3481 3505 3523 nos
3539 3467 3921 3523 hereditaria

2255 3561 2350 3618 fac
2379 3574 2590 3615 eorum
2625 3557 2752 3630 spei
2785 3557 3137 3624 succedere;
3168 3562 3224 3613 et
3269 3556 3631 3628 parilitatem
3671 3557 3916 3619 horum,

2257 3654 2480 3706 aeterna
2509 3663 2648 3703 cum
2679 3647 2762 3703 eis
2795 3647 3152 3703 exultatione
3179 3645 3462 3717 gaudere.
3492 3657 3556 3715 ﬁ.
3591 3646 3802 3704 Amen.

2332 3738 2439 3792 Per
2477 3735 2947 3792 misericordiam
2975 3739 3161 3790 tuam.

2329 3825 2675 3895 Antiphona
2706 3826 2761 3880 '2.
2790 3824 2878 3879 Ad
2905 3823 3316 3880 defensionem
3332 3827 3622 3889 nostram,
3645 3824 3802 3879 Deus
3815 3839 3921 3879 no-

2260 3920 2395 3979 ster,
2424 3915 2673 3986 respice.
2707 3915 2977 3970 Psatmus
3006 3929 3127 3968 xxi.

2333 4004 2558 4060 Oratio.
2575 4001 2662 4058 Ad
2683 4001 3095 4057 defensionem
3115 4004 3405 4057 nostram.
3429 4002 3642 4069 Quaere
3653 4001 3770 4070 fol.
3800 4003 3919 4057 149.

2331 4093 2681 4162 Antiphona
2719 4096 2773 4146 3.
2822 4090 2998 4146 Salva
3048 4087 3287 4161 plebem
3336 4094 3501 4146 tuam
3544 4091 3813 4153 Domine,
3869 4092 3926 4145 et

2259 4181 2510 4238 benedic
2522 4181 2910 4236 hereditatem
2929 4184 3093 4235 tuam
3121 4196 3130 4234 :
3151 4184 3207 4235 et
3226 4194 3364 4250 rege
3385 4195 3486 4236 eos
3509 4183 3567 4236 et
3579 4178 3800 4236 extolle
3824 4194 3922 4235 eos

2263 4284 2456 4341 usque
2486 4269 2546 4322 in
2585 4273 2894 4324 aeternum.
2932 4268 3207 4324 Psalmus
3236 4285 3416 4324 xxvu.

2334 4359 2627 4426 Hymnus.
2665 4359 2708 4412 Ο
2740 4359 3054 4424 Nazarene,
3081 4356 3203 4412 lux.
3229 4359 3343 4427 fol.
3376 4361 3493 4413 144.

2336 4445 2566 4501 Oratio.
2592 4444 2840 4515 Adjutor
2869 4450 2923 4500 et
2940 4446 3297 4517 Redemptor
3316 4450 3520 4502 noster
3542 4445 3798 4502 Domine
3821 4444 3920 4501 ad-

2257 4535 2406 4606 juva
2431 4549 2572 4601 nos;
2607 4540 2662 4588 et
2691 4533 2963 4590 reﬂoreat
2992 4549 3132 4589 caro
3162 4538 3371 4590 nostra
3400 4534 3491 4589 vel
3523 4534 3720 4590 virore
3757 4532 3926 4606 pudi-

2265 4623 2436 4685 citiae,
2462 4621 2548 4678 vel
2564 4621 2972 4677 sanctimonia:
2995 4623 3255 4678 novitate
3281 4642 3292 4680 :
3314 4627 3370 4678 et
3391 4622 3538 4695 quia
3559 4626 3621 4677 tu
3639 4621 3926 4678 fortitudo

2264 4711 2458 4784 plebis
2480 4715 2594 4768 tuae
2623 4727 2705 4775 es,
2732 4710 3023 4782 populum
3052 4716 3220 4766 tuum
3243 4710 3430 4778 salva,
3455 4715 3511 4767 et
3531 4709 3927 4767 hereditatem

2265 4805 2429 4857 tuam
2460 4799 2635 4872 copia
2665 4803 2782 4855 tuae
2807 4799 3237 4855 benedictionis
3261 4800 3475 4856 exalia.

2337 4889 2509 4946 Pater
2541 4891 2760 4944 noster.

2870 4979 2967 5032 Ad
3008 4979 3304 5047 Vesperos.

2337 5069 2570 5127 Lauda.
2599 5071 2682 5124 Tu
2712 5067 3012 5123 illuminas
3051 5066 3358 5123 lucernam
3392 5081 3614 5133 meam,
3650 5067 3933 5122 Domine.

2341 5159 2629 5214 Dominus
2663 5157 2736 5213 sit
2765 5172 2999 5228 semper
3036 5156 3371 5211 vobiscum.
3403 5167 3464 5224 ἢν.
3492 5157 3555 5210 Et
3584 5169 3751 5211 cum.

2339 5248 2709 5316 Antiphona.
2725 5246 3150 5302 Conﬁtebimur
3171 5246 3275 5301 tibi
3291 5246 3446 5301 Deus
3475 5265 3487 5304 :
3506 5243 3936 5301 conﬁtebimur

2267 5333 2392 5396 tibi,
2423 5339 2478 5389 et
2507 5335 2924 5390 invocabimus
2956 5349 3178 5390 nomen
3221 5340 3409 5401 tuum,
3442 5334 3720 5390 Domine.
3758 5333 3931 5389 Psal-

2269 5438 2397 5478 mus
2432 5439 2624 5477 LXXIV.

2343 5509 2628 5567 Dominus
2650 5512 2722 5568 sit
2747 5527 2980 5583 semper
3007 5513 3338 5569 vobiscum.
3376 5524 3440 5582 ἢ.
3474 5513 3724 5568 Etcum.
