4102 6176
177 281 275 339 341
1365 277 1718 335 DOMINIGA
1755 277 1805 335 II
1842 275 2454 346 QUADRAGESIME.

561 399 809 458 Adheesi
851 401 1199 458 testimoniis
1255 401 1369 457 tuis
1406 420 1420 457 :
1455 405 1518 459 P.
1569 405 1836 474 Domine,
1877 404 1924 460 A
2025 408 2130 461 Per
2155 407 2648 467 misericordiam.

238 405 485 462 Lauda.

174 496 297 552 noli
327 511 421 550 me
439 490 832 548 confundere.
868 491 927 550 ἲν.
961 491 1126 546 Viam
1154 492 1576 549 mandatorum
1601 501 1840 550 tuorum

171 584 422 647 cucurri,
458 597 600 637 cum
622 581 900 636 dilatares
930 596 1032 636 cor
1055 586 1348 637 nostrum.
1379 585 1442 640 P.
1485 585 1750 640 Domine.
1776 585 1838 644 ἵ.

178 673 390 735 Gloria,
425 675 480 726 et
508 671 708 725 honor
747 668 924 730 Patri.
954 675 1061 726 etc.

244 763 550 829 Hymnus.
567 758 800 813 Christe
821 757 1091 814 Salvator
1102 760 1612 828 omnium.0uaere
1621 763 1733 831 fol.
1750 767 1834 818 97.

254 849 558 917 Capitula.
585 847 782 903 Servis
801 846 917 901 tuis
937 847 1067 901 haec
1098 853 1183 903 est
1205 848 1415 918 gloria,
1435 849 1701 920 Domine,
1725 849 1837 906 sub

182 954 288 1010 spe
321 937 444 992 vitae
473 937 665 992 beata:
698 935 760 991 in
790 935 904 992 hoc
933 936 1153 991 saeculo
1183 937 1476 1005 laborare,
1511 944 1566 995 et
1588 955 1694 1010 per
1712 939 1838 994 illu-

182 1027 572 1083 minationem
598 1025 802 1093 gratiae
823 1025 1255 1095 tuaajugiterad
1278 1033 1329 1081 te
1346 1027 1611 1098 jejuniis,
1636 1031 1691 1082 et
1711 1042 1837 1083 ora-

181 1116 444 1173 tionibus
457 1114 705 1183 vigilare
724 1136 735 1168 :
752 1129 1038 1170 consecra
1049 1129 1191 1185 ergo
1203 1118 1626 1187 queesumusjej
1639 1117 1836 1172 unium

175 1211 473 1270 nostrum,
505 1208 564 1260 et
587 1203 804 1276 repelle
837 1205 1011 1276 190
1033 1204 1112 1260 ab
1129 1206 1346 1261 animis
1372 1207 1588 1262 nostris
1612 1216 1834 1262 nostro-

173 1311 312 1351 rum
343 1293 646 1350 sarcinam
672 1291 1048 1348 delictorum.
1087 1295 1392 1358 Quatenus
1421 1296 1517 1350 hic
1553 1300 1832 1367 superato

175 1383 456 1445 Diabolo,
485 1397 818 1438 mereamur
837 1397 976 1437 cum
1001 1383 1288 1439 omnibus
1315 1386 1536 1440 sanctis
1559 1385 1672 1440 tuis
1696 1400 1832 1440 con-

169 1472 437 1543 gaudere
471 1473 532 1526 in
562 1486 748 1541 regno
774 1475 1092 1543 perpetuo.

237 1565 408 1617 Pater
423 1566 648 1616 noster.

239 1649 560 1704 Humiliate
594 1663 702 1704 vos
729 1648 1154 1704 benedictioni.

239 1739 534 1793 Dominus
567 1738 657 1793 sit.
694 1748 759 1806 13;.
788 1740 852 1792 Et
880 1753 1019 1793 cum
1050 1738 1258 1809 spiritu
1291 1741 1412 1794 tuo.

243 1827 366 1880 Ben
377 1825 1052 1894 edictio.0mnipotentis
1067 1827 1298 1881 Domini
1311 1842 1420 1881 vos
1436 1827 1624 1895 gratia
1637 1832 1828 1899 prote-

171 1917 296 1984 gat,
329 1913 942 1983 famemquevestram
975 1912 1265 1983 spirituali
1293 1914 1426 1969 cibo
1467 1914 1710 1972 reﬁciat.
1761 1929 1824 1986 Βι.

167 2009 380 2057 Amen.
405 2001 572 2056 Sitim
591 2015 834 2072 quoque
849 2002 1364 2071 vestramjustitiaa
1383 2003 1827 2060 ﬂuminibusin-

165 2091 333 2158 riget,
365 2094 549 2161 atque
590 2105 819 2143 novum
839 2088 1170 2145 dulcedinis
1206 2106 1327 2145 suae
1360 2093 1577 2147 animis
1605 2095 1826 2149 nostris

163 2178 444 2234 infundat
477 2189 860 2249 saporemJy.
875 2182 1089 2234 Amen.
1134 2181 1200 2235 Ut
1222 2183 1343 2234 tam
1369 2196 1545 2236 carne
1572 2183 1820 2248 contriti,

162 2283 351 2338 quam
369 2266 589 2337 spiritu
602 2265 878 2322 viviﬁcati
892 2267 970 2322 ab
982 2283 1053 2323 eo
1065 2269 1417 2325 mereamini
1429 2269 1647 2327 cmlesti
1663 2271 1824 2328 dono

159 2355 520 2411 beatiﬁcari.

229 2455 291 2504 ἢ.
329 2443 446 2498 Per
475 2441 976 2498 misericordiam.

229 2532 476 2587 Lauda.
509 2530 814 2586 Conﬁrma
835 2546 1015 2603 super
1039 2545 1174 2588 nos.
1201 2533 1410 2599 Quaere
1437 2541 1595 2590 retro
1625 2535 1685 2590 in
1710 2538 1824 2607 ﬁne

156 2621 470 2676 Laudibus
512 2620 582 2675 de
609 2620 870 2676 secunda
919 2622 1096 2677 Feria
1125 2624 1397 2680 secunda:
1441 2624 1823 2683 hebdomadw

159 2709 682 2780 Quadragesimw.

791 2813 950 2853 FBRIA
983 2815 1200 2854 TERTIA.

741 2887 834 2942 Ad
859 2888 1252 2944 Matutinum.

229 2978 615 3047 Antiphona.
649 2979 800 3032 Voce
825 2992 961 3033 mea
991 2979 1065 3032 ad
1095 2978 1417 3035 Dominum
1443 2979 1725 3045 clamavi,
1765 2985 1823 3037 et

157 3067 468 3124 exaudivit
493 3081 592 3121 me
613 3066 688 3120 de
726 3071 930 3122 monte
955 3071 1156 3123 sancto
1195 3083 1323 3124 suo.
1360 3068 1633 3126 Psalmus
1654 3087 1740 3126 ιιι.

237 3166 471 3220 Oratio.
517 3163 878 3234 Multiplicati
913 3168 1068 3228 sunt,
1107 3164 1372 3234 Domine,
1409 3167 1508 3236 qui
1537 3166 1825 3224 tribulant

156 3268 270 3309 nos
305 3269 319 3307 :
349 3252 461 3308 sed
491 3256 558 3308 tu
593 3251 817 3306 multus
846 3267 910 3306 es
940 3252 1002 3306 in
1046 3253 1473 3320 misericordia,
1505 3256 1607 3326 qui
1648 3272 1822 3312 eruas

156 3357 269 3397 nos
303 3359 319 3395 :
340 3343 402 3396 in
423 3340 592 3395 nullo
606 3339 1817 3414 formidabimusabimminentipressura,

159 3432 204 3485 si
235 3435 481 3485 tantum
509 3433 613 3484 tua
642 3428 1012 3484 muniamur.
1061 3430 1472 3501 Omnipotens,
1509 3433 1718 3501 gratia.
1755 3445 1819 3502 Ην.

155 3525 366 3574 Amen.

224 3608 332 3662 Per
365 3603 850 3662 misericordiam
863 3645 877 3659 .

225 3696 589 3765 Antiphona
614 3699 662 3748 1.
684 3693 902 3750 Anima
916 3697 1120 3751 nostra
1134 3695 1369 3766 patiens
1398 3700 1504 3764 est,
1530 3698 1774 3754 Domine
1801 3715 1815 3755 :

157 3785 450 3857 quoniam
505 3782 748 3854 adjutor
789 3787 846 3838 et
900 3786 1199 3854 protector
1242 3789 1444 3841 noster
1496 3801 1578 3842 es.
1642 3789 1818 3844 Psal-

156 3889 286 3928 mus
313 3889 499 3928 XXXII.

228 3963 454 4018 Oratio.
489 3961 616 4016 Tibi
642 3959 914 4016 Domino.
943 3961 1058 4029 fol.
1089 3965 1211 4015 152.

227 4052 652 4120 Αηίὶρὴοηαὲ.
668 4050 808 4112 Fiat,
826 4050 1513 4117 Domine,misericordia
1525 4055 1630 4107 tua
1643 4067 1821 4124 super

154 4155 279 4194 nos
311 4157 327 4192 :
371 4140 524 4192 sicut
554 4139 928 4210 speravimus
957 4140 1018 4194 in
1049 4144 1124 4195 te.
1159 4140 1450 4194 Psalmus.
1484 4156 1666 4195 xxxn.

239 4227 477 4282 Oratio.
506 4227 623 4282 Fiat
641 4228 1161 4283 misericordiatua
1183 4229 1428 4283 Domine
1456 4244 1636 4300 super
1657 4244 1770 4286 nos
1800 4248 1812 4285 :

153 4321 222 4372 ut
242 4316 352 4389 qui
367 4314 710 4384 singillatim
727 4316 912 4372 corda
930 4315 1248 4371 hominum
1269 4317 1444 4386 ﬁngis
1466 4333 1480 4383 ;
1508 4319 1818 4388 speciatim

3500 295 3607 354 342

2024 506 2088 562 li».
2113 499 2535 554 Convertimini
2563 500 2638 555 ad
2670 514 2786 569 me,
2838 498 2976 555 dicit
3008 501 3291 559 Dominus
3324 521 3337 560 :
3372 509 3427 562 et
3456 523 3599 565 con-

1949 593 2144 640 vertar
2169 588 2245 642 ad
2277 606 2403 644 vos.
2436 593 2502 645 P.
2536 594 2677 646 Ecce
2705 591 2944 646 venient
2970 591 3094 646 dies
3115 597 3318 661 nostri,
3346 601 3596 669 quando

1949 675 2207 745 quaeritis
2227 693 2341 733 me.
2362 679 2424 737 ἲν.
2446 679 2810 750 Despexistis
2829 696 3007 736 omne
3028 681 3344 739 consilium
3366 703 3591 756 meum,

1949 768 2004 818 et
2021 763 2457 836 increpationes
2479 785 2647 825 meas
2665 769 3002 840 neglexistis
3025 792 3038 826 :
3062 771 3444 830 vocavienim
3464 792 3591 844 vos,

1947 857 2004 906 et
2049 855 2344 911 renuistis.
2401 856 2457 912 P.
2507 860 2651 914 Ecce
2711 858 2975 916 venient.
3018 858 3080 921 ἲν.
3140 859 3353 927 Gloria,
3399 868 3454 918 et
3491 863 3598 920 ho-

1946 955 2075 1010 nor,
2103 947 2213 999 etc.

2558 1036 2631 1090 In
2659 1036 2988 1093 Laudibus.

2012 1122 2368 1191 Antiphona.
2405 1124 2746 1179 Secundum
2789 1141 3080 1195 magnam
3119 1125 3594 1187 misericordiam

1943 1212 2534 1277 tuam,etsecundum
2549 1213 3455 1274 multitudinemmiserationum
3468 1222 3593 1276 tua-

1940 1314 2073 1353 rum
2105 1299 2232 1354 dele
2263 1301 2604 1372 iniquitates
2625 1308 2878 1358 nostras.
2914 1305 3189 1359 Psalmus
3216 1321 3267 1360 L.

2013 1388 2238 1444 Oratio.
2269 1391 2611 1444 Secundum
2651 1391 3112 1447 multitudinem.
3139 1394 3250 1461 fol.
3287 1397 3406 1449 150.

2009 1477 2385 1546 Antiphone.
2413 1482 2564 1534 Deus
2583 1481 2765 1551 patris
2779 1482 3084 1538 nostrierit
3099 1482 3196 1552 adj
3207 1487 3338 1538 utor
3359 1487 3581 1552 noster,

1940 1569 1996 1620 et
2023 1567 2404 1637 omnipotens
2436 1568 2745 1624 benedicet
2776 1571 2971 1626 nobis.

2011 1655 2343 1712 Canticum.
2383 1658 2626 1714 Vocavit
2647 1659 2856 1714 Jacob.
2889 1661 3006 1728 fol.
3037 1662 3128 1715 49.

2008 1746 2343 1800 Reiteretur
2366 1746 2713 1815 Antiphona
2741 1750 2893 1802 Deus
2923 1747 3132 1818 patris.

2011 1833 2238 1888 Oratio.
2273 1839 2590 1906 Appareat,
2614 1851 2981 1906 quaesumus,
3007 1834 3257 1890 Domine
3282 1835 3586 1896 mentibus

1937 1922 2156 1976 nostris
2177 1923 2397 1992 agnitio
2439 1929 2554 1979 tuae
2585 1924 2910 1979 divinitatis
2933 1941 2946 1990 ;
2969 1940 3106 1995 quae
3147 1923 3584 1981 benedictionis

1937 2010 2158 2065 habere
2189 2011 2441 2079 gratiam
2481 2013 2746 2083 praebeat
2774 2013 2949 2068 nobis
2983 2030 2995 2068 :
3028 2017 3092 2068 ut
3119 2012 3506 2084 proﬁciamus
3527 2017 3587 2070 et

1937 2114 2276 2155 crescamus
2293 2101 2510 2170 jugiter
2538 2102 2599 2157 in
2619 2101 2794 2158 bonis
2818 2101 3587 2173 multiplicibusincremen—

1936 2189 2032 2246 tis.
2073 2201 2134 2258 Br.
2163 2193 2370 2244 Amen.

2006 2277 2114 2333 Per
2143 2277 2640 2334 misericordiam.

2006 2367 2102 2421 Ad
2122 2369 2498 2424 Benedictus.
2525 2369 2901 2438 Antiphona.
2936 2369 3282 2426 llluminans
3303 2372 3368 2427 tu
3411 2369 3589 2426 mira-

1933 2454 2068 2510 bilis
2096 2471 2131 2511 a
2155 2457 2464 2513 montibus
2489 2458 2745 2513 aeternis.
2765 2457 2829 2517 7i.
2858 2461 3040 2515 Notus
3078 2458 3140 2515 in
3160 2459 3370 2516 Iudaea
3389 2458 3542 2516 Deus
3569 2480 3584 2516 :

1933 2543 1995 2599 in
2021 2545 2198 2600 Israel
2229 2561 2519 2614 magnum
2551 2561 2774 2602 nomen
2813 2547 2963 2615 ejus.

2007 2633 2344 2688 Canticum.
2379 2633 2746 2688 Benedictus.
2775 2635 2889 2702 fol.
2919 2637 2978 2688 6.

2003 2722 2234 2777 Lauda.
2249 2725 2312 2776 In
2326 2721 2623 2793 psalterio,
2640 2720 2935 2776 etcithara
2945 2721 3247 2792 hymnum
3267 2722 3544 2780 dicamus
3567 2743 3581 2781 :

1932 2811 1993 2865 in
2023 2810 2346 2866 chorolaus
2365 2813 2603 2865 resonet
2619 2808 2874 2864 Domino
2896 2809 2959 2864 in
2979 2808 3242 2876 chordis,
3259 2813 3318 2867 et
3331 2825 3584 2884 organo.

1931 2899 1996 2954 P.
2026 2900 2308 2955 Laudate.

2214 2989 2409 3044 Lectio
2450 2988 2596 3043 libri
2622 2987 2859 3044 Genesis
2890 2987 3068 3058 (Cap.
3093 2989 3270 3058 XLVI).

2003 3087 2067 3142 ﬁ.
2111 3078 2230 3132 Deo
2257 3077 2503 3146 gratias.

2005 3168 2065 3219 In
2101 3164 2214 3219 illis
2241 3164 2456 3220 diebus
2488 3182 2500 3220 :
2525 3165 2671 3221 Misit
2689 3165 2872 3221 Jacob
2901 3163 3116 3222 ludam
3137 3168 3274 3222 ante
3295 3180 3358 3222 se
3379 3166 3458 3223 ad
3487 3168 3584 3224 Jo-

1933 3253 2079 3324 seph
2106 3253 2165 3308 in
2191 3257 2533 3325 Egyptum,
2557 3259 2622 3308 ut
2643 3254 2942 3309 nuntiaret
2967 3254 3100 3319 ei,et
3126 3254 3219 3310 ille
3249 3259 3584 3311 occurreret

1931 3341 1991 3396 in
2011 3343 2250 3397 Gessen.
2269 3344 2396 3408 Quo
2411 3359 2547 3396 cum
2563 3343 2944 3413 pervenisset,
2952 3343 2974 3412 j
2985 3345 3163 3396 uncto
3175 3344 3199 3396 ,Ι
3205 3343 3393 3413 oseph
3405 3358 3583 3398 curru

1933 3446 2063 3496 suo,
2085 3430 2353 3486 ascendit
2369 3429 2612 3486 obviam
2634 3429 2789 3500 patri
2805 3444 2915 3484 suo
2937 3429 3015 3483 ad
3032 3429 3311 3482 eumdem
3333 3428 3533 3484 locum
3562 3447 3576 3486 :

1929 3519 2260 3591 vidensque
2287 3535 2447 3585 eum,
2479 3518 2660 3573 inruit
2700 3533 2878 3588 super
2909 3516 3127 3572 collum
3153 3517 3304 3588 ejus,
3334 3520 3392 3572 et
3428 3516 3580 3574 inter

1929 3607 2244 3678 amplexus
2256 3607 2436 3661 ﬂevit.
2453 3605 2723 3676 Dixitque
2735 3609 2904 3676 pater
2915 3603 2993 3659 ad
3003 3602 3226 3674 Joseph
3238 3619 3252 3658 :
3265 3605 3397 3658 Jam
3408 3603 3578 3658 laetus

1928 3695 2174 3757 moriar,
2197 3695 2341 3765 quia
2357 3693 2481 3748 vidi
2504 3692 2717 3748 faciem
2735 3696 2918 3756 tuam,
2945 3695 3001 3747 et
3018 3691 3393 3763 superstitem
3417 3695 3472 3747 te
3491 3706 3578 3748 re-

1927 3785 2154 3856 linquo.
2189 3786 2255 3838 Et
2277 3782 2371 3838 ille
2388 3782 2624 3837 locutus
2643 3787 2727 3837 est
2758 3781 2835 3836 ad
2867 3781 3075 3837 fratres
3097 3796 3258 3846 suos,
3284 3784 3340 3837 et
3355 3781 3433 3837 ad
3448 3795 3576 3836 om-

1927 3888 2066 3929 nem
2083 3873 2333 3928 domum
2350 3871 2536 3941 patris
2549 3870 2667 3926 sui:
2689 3870 3023 3926 Ascendam
3053 3874 3110 3926 et
3125 3869 3418 3926 nuntiabo
3434 3870 3578 3926 Pha-

1927 3961 2118 4025 raoni,
2151 3959 2474 4031 dicamque
2502 3959 2556 4014 ei
2589 3978 2601 4017 :
2637 3961 2862 4015 Fratres
2892 3959 3029 4022 mei,
3067 3962 3124 4015 et
3146 3958 3364 4014 domus
3391 3959 3578 4030 patris

1927 4049 2161 4121 meiqui
2182 4053 2350 4104 erant
2370 4048 2430 4103 in
2449 4053 2603 4104 terra
2633 4048 2937 4113 Chanaan,
2956 4052 3246 4104 venerunt
3267 4047 3346 4104 ad
3358 4063 3490 4112 me;
3521 4051 3578 4104 et

1929 4139 2178 4194 suntviri
2190 4142 2451 4209 pastores
2465 4137 2658 4192 ovium
2669 4151 2999 4208 ,curamque
3012 4135 3576 4193 habentalendorum

1928 4241 2179 4297 gregum
2213 4245 2226 4283 :
2261 4241 2482 4298 pecora
2497 4241 2622 4289 sua,
2646 4229 2702 4281 et
2717 4230 3010 4293 armenta,
3031 4228 3089 4281 et
3108 4225 3311 4282 omnia
3327 4224 3576 4297 quaeha-

1926 4315 2066 4371 bere
2092 4317 2257 4387 191
2277 4318 2618 4387 potuerunt,
2649 4315 3029 4370 adduxerunt
3050 4329 3273 4370 secum.
3307 4317 3576 4387 Cumque

151 4420 225 4460 ea
246 4403 589 4460 sanctiﬁces
624 4422 634 4458 :
669 4409 722 4460 et
741 4405 888 4477 quia
913 4405 1068 4460 oculi
1093 4405 1175 4459 tui
1201 4420 1380 4476 super
1405 4422 1506 4461 eos
1531 4411 1687 4472 sunt,
1711 4408 1817 4479 qui
1848 4409 1891 4462 D
1925 4406 2222 4460 vocaverit
2251 4419 2382 4471 vos,
2409 4408 2465 4460 et
2493 4403 2706 4459 dixerit
2730 4418 2748 4458 :
2784 4402 2958 4468 Quod
2984 4407 3073 4459 est
3091 4418 3243 4476 opus
3262 4407 3526 4459 vestrum
3546 4402 3575 4457 Ἰ

150 4498 207 4548 te
238 4499 554 4558 metuunt;
590 4493 816 4548 timoris
841 4493 925 4548 tui
951 4493 1031 4548 da
1049 4492 1222 4548 nobis
1249 4495 1680 4564 plenitudinem
1713 4518 1725 4552 :
1752 4500 1817 4551 ut

149 4587 208 4638 et
221 4582 548 4651 agnitionis
563 4586 677 4636 tua:
693 4581 868 4637 nobis
881 4582 1152 4638 conferas
1164 4582 1586 4653 largitatemﬁ.
1604 4589 1812 4642 Amen.

222 4673 330 4726 Per
357 4671 840 4726 misericordiam
871 4675 1064 4726 tuam.

221 4759 580 4828 Antipho-na
598 4763 647 4814 3.
671 4758 936 4814 Redimet
957 4759 1240 4814 Dominus
1263 4759 1495 4816 animas
1508 4776 1811 4816 servorum

154 4862 405 4902 suorum
442 4863 455 4903 :
488 4852 544 4902 et
574 4863 694 4903 non
722 4846 1092 4920 derelinquet
1121 4864 1331 4904 omnes
1356 4850 1460 4921 qui
1488 4854 1731 4922 sperant
1751 4851 1813 4906 in

152 4948 308 4988 eum.
347 4936 628 4990 Psalmus
657 4952 848 4993 xxxur.

224 5023 461 5078 Oratio.
505 5024 821 5080 Benedicat
849 5031 904 5080 te
940 5026 1189 5080 Domine
1218 5025 1280 5080 in
1323 5026 1489 5081 omni
1546 5029 1812 5097 tempore

149 5111 352 5165 anima
383 5115 596 5166 nostra
628 5129 640 5165 :
675 5112 822 5182 quia
861 5118 915 5168 et
946 5114 1005 5168 in
1035 5113 1284 5182 ﬂagellis
1315 5113 1532 5168 nostris
1578 5130 1813 5186 semper

145 5198 322 5254 adest
336 5199 757 5254 misericordia
775 5205 874 5256 tua
906 5217 918 5254 :
955 5201 1099 5256 dum
1115 5217 1224 5257 nos
1238 5201 1620 5272 etdisciplina
1637 5203 1813 5258 corri~

145 5287 264 5357 gis,
281 5295 337 5342 et
359 5288 740 5355 indulgentia
757 5288 919 5344 foves
948 5307 959 5343 :
977 5290 1121 5344 dum
1136 5291 1522 5361 percutiendo
1541 5307 1740 5357 sanas,
1756 5297 1812 5347 et

145 5377 426 5432 sanando
445 5377 805 5432 corroboras
832 5394 844 5431 :
873 5378 1033 5433 dona
1053 5378 1437 5447 igiturnobis,
1456 5381 1627 5451 utqui
1642 5386 1808 5436 tuam

141 5465 207 5519 in
233 5465 769 5537 ﬁdegustavimus
802 5468 1171 5533 suavitatem,
1191 5467 1595 5539 plenissimam
1630 5469 1808 5540 perci-

144 5553 392 5625 piamus
433 5555 494 5612 in
526 5553 912 5613 retributione
942 5555 1346 5614 dulcedinem.
1381 5565 1446 5625 ἢ.
1476 5559 1685 5614 Amen.

1926 4493 2380 4565 Respondebitis
2416 4513 2430 4548 :
2462 4492 2574 4547 Viri
2592 4495 2862 4564 pastores
2881 4509 3092 4548 sumus
3107 4493 3259 4548 servi
3272 4492 3374 4555 tui,
3398 4491 3575 4547 abin-

1924 4581 2110 4638 fantia
2125 4585 2330 4638 nostra
2352 4597 2547 4654 usque
2562 4581 2620 4636 in
2645 4597 2933 4653 praesens,
2957 4585 3015 4637 ct
3034 4597 3147 4637 nos
3169 4588 3223 4635 et
3241 4584 3442 4652 patres
3466 4593 3574 4634 no-

1927 4671 2052 4725 stri.
2083 4673 2214 4726 Haec
2231 4675 2432 4726 autem
2448 4670 2674 4739 dicetis,
2703 4674 2764 4725 ut
2782 4670 3054 4726 habitare
3077 4669 3317 4741 possitis
3338 4668 3397 4722 in
3419 4671 3574 4723 terra

1925 4761 2145 4815 Gessen
2177 4776 2193 4813 ε
2224 4760 2367 4832 quia
2396 4760 2763 4814 detestantur
2783 4759 3038 4830 .lEgyptii
3066 4773 3275 4814 omnes
3300 4759 3574 4829 pastores

1923 4849 2143 4904 ovium.
2166 4849 2340 4918 (Cap.
2357 4851 2558 4918 XLVII.)
2572 4850 2882 4915 Ingressus
2894 4862 3034 4917 ergo
3046 4845 3261 4917 Ioseph
3279 4844 3576 4902 nuntiavit

1922 4937 2238 5003 Pharaoni,
2271 4937 2474 4992 dicens
2509 4954 2522 4989 :
2554 4939 2721 4991 Pater
2741 4951 2914 4991 meus
2944 4940 3002 4990 et
3029 4935 3238 4990 fratres
3269 4934 3406 5000 mei,
3430 4950 3574 4991 oves

1922 5041 2128 5082 eorum
2161 5030 2216 5081 et
2244 5030 2536 5090 armenta,
2571 5029 2628 5080 et
2647 5029 2863 5080 cuncta
2892 5039 3027 5095 qum
3051 5023 3378 5095 possident,
3401 5041 3575 5080 vene-

1920 5123 2056 5170 runt
2088 5115 2161 5168 de
2193 5119 2348 5169 terra
2382 5113 2666 5169 Chanaan
2703 5134 2718 5169 :
2750 5117 2804 5168 et
2824 5129 2958 5168 ecce
2979 5114 3314 5172 consistunt
3337 5117 3395 5170 in
3420 5120 3572 5169 terra

1922 5205 2159 5258 Gessen.
2181 5205 2484 5256 Extremos
2502 5217 2746 5274 quoque
2772 5203 3020 5259 fratrum
3035 5220 3281 5260 suorum
3305 5203 3568 5274 quinque

1919 5291 2080 5344 viros
2112 5291 2313 5344 statuit
2358 5306 2563 5344 coram
2593 5307 2732 5360 rege
2763 5310 2776 5346 :
2807 5309 2959 5364 quos
2999 5293 3089 5348 ille
3128 5286 3509 5354 interrogavit
3549 5300 3563 5338 :

1921 5379 2317 5444 Quidhabetis
2331 5380 2527 5451 Operis
2553 5383 3035 5453 :Responderunt
3060 5371 3565 5432 :Pastoresovium

1920 5483 2130 5522 sumus
2161 5467 2316 5524 servi
2334 5469 2438 5539 tui,
2458 5474 2515 5527 et
2538 5486 2651 5528 nos
2685 5475 2741 5526 et
2757 5474 2953 5543 patres
2970 5465 3171 5522 nostri.
3200 5462 3291 5515 Ad
3313 5459 3570 5531 peregri-

1918 5556 2187 5614 nandum
2217 5556 2277 5613 in
2320 5562 2474 5617 terra
2516 5564 2619 5617 tua
2648 5558 2922 5616 venimus
2955 5571 2969 5608 :
2998 5549 3286 5622 quoniam
3323 5561 3446 5604 non
3474 5552 3566 5605 est
