4102 6176
479 289 587 347 343

1734 268 2187 334 BREVIARIUM
2226 265 2621 327 GOTHICUM.

3781 265 3889 324 344

479 413 669 472 herba
705 410 987 483 gregibus
1031 422 1339 464 servorum
1369 408 1631 473 tuorum,
1679 404 2124 475 ingravescente
2155 401 2202 454 A
2307 400 2368 451 In
2398 395 2509 450 illis
2535 393 2745 450 diebus
2772 409 2782 447 :
2805 392 2971 447 Venit
2996 392 3206 445 cuncta
3227 384 3525 483 Egyptus
3546 386 3624 441 ad
3643 388 3887 463 Ioseph,

482 504 641 559 fame
681 502 741 557 in
770 505 924 557 terra
959 497 1267 557 Chanaan,
1297 494 1678 567 petimusque
1725 500 1787 547 ut
1837 507 1969 546 esse
2017 504 2127 543 nos

479 591 696 663 jubeas
728 604 928 643 servos
950 592 1081 640 tuos
1113 601 1167 639 in
1196 590 1350 638 terra
1373 586 1611 638 Gessen.
1643 582 2009 651 Dixititaque
2029 593 2128 631 rex

483 681 561 736 ad
589 677 805 749 Joseph
838 694 851 729 :
884 675 1053 729 Pater
1092 678 1227 728 tuus
1268 679 1322 727 et
1366 671 1575 727 fratres
1606 673 1894 725 venerunt
1936 667 2011 721 ad
2052 671 2125 720 te.

482 771 657 824 Terra
684 764 925 836 Egypti
945 764 1006 819 in
1035 767 1357 831 conspectu
1385 764 1486 815 tuo
1509 766 1597 815 est
1626 777 1638 813 :
1662 760 1721 814 in
1749 758 1975 830 optimo
1997 756 2129 810 loco

482 855 575 912 fac
590 854 858 911 habitare
888 868 1009 916 eos,
1044 858 1099 905 et
1131 850 1292 905 trade
1325 850 1411 903 eis
1451 855 1667 904 terram
1694 850 1935 903 Gessen.
1961 843 2130 909 Quod

486 943 534 998 si
571 942 726 998 nosti
756 942 817 996 in
848 940 932 996 eis
964 954 1091 994 esse
1128 938 1285 993 viros
1315 936 1658 1000 industrios,
1694 936 1984 990 constitue
2030 948 2131 988 eos

486 1030 803 1099 magistros
832 1042 1119 1099 pecorum
1153 1041 1443 1081 meorum.
1482 1029 1616 1079 Post
1643 1024 1768 1079 haec
1809 1021 2133 1077 introduxit

482 1117 699 1187 Joseph
713 1120 940 1185 patrem
954 1131 1128 1169 suum
1142 1114 1215 1169 ad
1234 1116 1475 1182 Regem,
1491 1111 1761 1168 etstatuit
1777 1126 1915 1165 eum
1930 1124 2133 1164 coram

485 1220 555 1260 eo
586 1220 597 1259 :
626 1205 730 1276 qui
748 1204 1105 1259 benedicens
1122 1202 1222 1266 illi,
1244 1207 1299 1257 et
1325 1202 1726 1271 interrogatus
1750 1201 1829 1255 ab
1850 1216 1919 1255 eo
1944 1215 1956 1253 :
1984 1200 2135 1263 Quot

487 1298 627 1349 sunt
679 1293 804 1347 dies
861 1308 1158 1347 annorum
1199 1290 1336 1345 vitae
1382 1294 1495 1344 tua:
1534 1291 1561 1346 ἣν
1604 1287 1972 1359 Respondit:
2006 1285 2136 1340 Dies

484 1380 981 1454 peregrinationis
1001 1380 1133 1433 vitae
1154 1394 1299 1433 mete
1327 1382 1566 1432 centum
1589 1376 1827 1444 triginta
1838 1389 2137 1430 annorum

486 1474 643 1533 sunt,
687 1468 852 1540 parvi
890 1472 947 1522 et
976 1466 1136 1530 mali,
1167 1472 1222 1521 et
1253 1481 1371 1519 non
1403 1469 1802 1536 pervenerunt
1829 1478 2017 1534 usque
2058 1461 2136 1515 ad

486 1556 613 1612 dies
650 1561 888 1629 patrum
922 1570 1193 1610 meorum
1230 1553 1451 1625 quibus
1480 1552 1841 1625 peregrinati
1884 1556 2037 1605 sunt.
2072 1549 2139 1603 Et

485 1644 797 1699 benedicto
849 1658 1009 1713 rege,
1058 1657 1337 1711 egressus
1386 1646 1474 1696 est
1509 1641 1690 1697 foras.
1740 1640 1960 1711 Joseph
1994 1652 2136 1693 vero

2236 486 2438 540 dicens
2467 488 2579 543 :Da
2606 484 2777 537 nobis
2802 498 2988 553 panes
3022 499 3035 532 :
3062 495 3248 550 quare
3263 478 3550 531 morimur
3570 493 3782 533 coram
3814 486 3888 551 te,

2236 574 2542 628 deﬁciente
2557 572 2808 643 pecunia
2822 570 2849 623 εἰ
2863 569 3087 634 Quibus
3110 566 3203 621 ille
3220 566 3531 638 respondit
3562 584 3573 619 :
3598 567 3890 626 Adducite

2236 677 2453 731 pecora
2479 666 2687 723 vestra,
2722 665 2777 714 et
2802 658 2961 713 dabo
2990 657 3162 711 vobis
3190 672 3298 726 pro
3330 656 3413 709 eis
3432 655 3619 716 cibos,
3670 656 3716 709 si
3764 672 3891 726 pre-

2239 750 2384 804 tium
2415 765 2535 803 non
2564 748 2817 803 habetis.
2846 748 2987 811 Quae
3018 761 3153 799 cum
3172 743 3584 809 adduxissent,
3615 743 3787 799 dedit
3812 748 3889 801 eis

2239 838 2522 893 alimenta
2560 853 2668 909 pro
2698 837 2892 907 equis.
2933 842 2988 889 et
3017 833 3256 899 ovibus,
3302 837 3358 887 et
3405 831 3617 897 bobus,
3666 838 3726 887 et
3770 835 3890 889 asi-

2239 926 2334 981 nis
2366 945 2380 992 ;
2414 926 2877 996 sustentavitque
2918 939 3018 978 eos
3058 922 3157 976 illo
3212 936 3373 975 anno
3405 936 3515 992 pro
3558 927 3889 978 commuta-

2242 1014 2397 1069 tione
2452 1029 2761 1084 pecorum.
2827 1015 3237 1081 Veneruntque
3282 1024 3441 1063 anno
3499 1010 3793 1079 secundo,
3842 1016 3891 1066 et

2242 1102 2517 1156 dixerunt
2545 1102 2595 1154 ei
2627 1116 2638 1154 :
2677 1102 2803 1154 Non
2830 1099 3159 1154 celabimus
3193 1098 3440 1152 domino
3483 1104 3693 1152 nostro
3729 1099 3891 1169 quod

2243 1188 2548 1244 deﬁciente
2579 1188 2854 1259 pecunia,
2887 1202 3103 1259 pecora
3143 1186 3319 1241 simul
3357 1186 3700 1241 defecerunt
3744 1207 3758 1241 :
3789 1202 3893 1242 nec

2245 1278 2399 1333 clam
2430 1283 2484 1333 te
2510 1283 2613 1341 est,
2643 1276 2874 1347 absque
2904 1276 3215 1347 pecoribus
3235 1279 3291 1329 et
3312 1279 3465 1329 terra
3499 1274 3647 1328 nihil
3674 1274 3896 1331 habea-

2246 1382 2399 1420 mus.
2435 1367 2547 1420 Cur
2576 1381 2714 1433 ergo
2737 1366 3027 1419 morimur
3051 1369 3103 1418 te
3124 1362 3361 1417 vidente
3385 1363 3413 1417 ?
3444 1368 3502 1417 et
3521 1378 3633 1417 nos
3660 1368 3717 1418 et
3743 1369 3897 1419 terra

2244 1458 2447 1510 nostra
2478 1454 2561 1508 tui
2589 1454 2811 1507 erimus
2844 1470 2855 1506 :
2890 1467 3021 1506 eme
3049 1467 3157 1506 nos
3180 1450 3241 1505 in
3268 1450 3604 1505 servitutem
3636 1451 3895 1519 regiam,

2246 1549 2302 1599 et
2328 1542 2527 1614 praebe
2578 1542 2827 1605 semina,
2871 1556 2945 1595 ne
2980 1543 3264 1611 pereunte
3319 1538 3537 1594 cultore
3586 1539 3900 1607 redigatur

2246 1634 2471 1687 terrain
2487 1629 2887 1685 solitudinem.
2907 1627 3480 1698 EmitigiturJoseph
3512 1642 3761 1682 omnem
3792 1632 3899 1682 ter-

484 1732 636 1804 patri
654 1738 707 1786 et
720 1730 1001 1786 fratribus
1019 1731 1141 1785 suis
1157 1729 1319 1784 dedit
1335 1730 1781 1801 possessionem
1796 1729 1855 1783 in
1876 1728 2136 1797 [Egypto
2168 1744 2211 1797 Β
2244 1736 2373 1776 ram
2386 1718 2643 1789 Egypti,
2665 1717 3056 1774 vendentibus
3070 1716 3315 1785 singulis
3327 1715 3740 1788 possessiones
3756 1732 3897 1771 suas

485 1820 712 1891 optimo
724 1818 855 1874 loco
868 1822 1056 1884 terrae,
1072 1821 1410 1880 Ramesses,
1428 1821 1491 1871 ut
1504 1823 1867 1887 praeceperat
1881 1814 2131 1869 Pharao.

485 1911 552 1963 Et
577 1907 773 1963 alebat
798 1922 924 1974 eos,
952 1920 1315 1977 omnemque
1344 1905 1595 1960 domum
1628 1904 1812 1976 patris
1844 1903 1956 1968 sui,
1990 1918 2136 1973 prae-

482 1995 631 2052 bens
657 1995 881 2049 cibaria
908 1994 1180 2064 singulis.
1222 2006 1285 2063 BI.
1318 1998 1526 2049 Amen.

548 2084 842 2153 Hymnus.
872 2083 1026 2138 Deus
1049 2084 1250 2137 teterni
1277 2082 1543 2138 luminis.
1566 2082 1679 2150 fol.
1709 2084 1796 2137 98.
1824 2080 2130 2149 Capitula.

480 2172 729 2229 Domine
758 2171 923 2242 apud
953 2186 1158 2242 quem.
1184 2171 1305 2239 fol.
1349 2174 1474 2225 151.

545 2260 776 2315 Lauda.
806 2262 886 2314 Ne
912 2258 1147 2314 auferas
1164 2258 1246 2313 de
1272 2273 1372 2313 ore
1411 2272 1545 2313 meo
1560 2256 1813 2312 verbum
1843 2255 2128 2326 veritatis,

473 2348 722 2403 Domine
754 2364 767 2403 :
802 2349 871 2403 P.
906 2347 1134 2413 Quiain
1160 2345 1404 2416 judiciis
1436 2345 1552 2401 tuis
1580 2344 1831 2418 speravi.
1864 2344 1929 2404 ir.
1950 2347 2013 2399 Et
2035 2359 2132 2397 ve-

472 2436 599 2493 niat
629 2450 810 2508 super
834 2451 929 2490 me
969 2434 1375 2490 misericordia
1420 2438 1524 2489 tua
1552 2433 1801 2489 Domine
1830 2449 1843 2487 :
1875 2430 2130 2488 salutare

470 2528 661 2594 tuum,
716 2528 773 2579 et
830 2523 1135 2593 eloquium
1193 2527 1360 2577 tuum
1405 2524 1531 2579 :P.
1582 2521 1730 2586 Quia
1766 2521 1827 2575 in
1868 2520 2129 2589 judiciis.

470 2610 538 2670 7.
571 2609 786 2676 Gloria,
821 2613 877 2664 et
900 2608 1095 2663 honor
1124 2608 1302 2672 Patri,
1333 2611 1441 2663 etc.
1476 2609 1545 2664 P.
1586 2606 1835 2672 Quiain.

506 2718 509 2719 ν
545 2696 781 2752 Oratio.
810 2698 934 2750 Tua
959 2710 1139 2766 super
1169 2710 1300 2764 nos,
1329 2694 1599 2763 Domine,
1622 2693 2056 2759 misericordia,
2072 2697 2129 2750 te

471 2783 618 2839 dum
634 2798 941 2852 rogamus,
970 2782 1246 2838 adveniat
1275 2801 1287 2841 :
1323 2787 1614 2854 tuumque
1630 2782 1887 2838 salutare
1905 2798 2008 2837 cor
2026 2798 2127 2838 ηο-

470 2876 649 2927 strum
662 2870 895 2927 erudiat
912 2888 925 2938 ;
938 2870 1163 2943 eloquii
1177 2870 1427 2925 eruditio
1442 2874 1692 2926 mentem
1708 2874 1969 2926 nostram
1981 2885 2126 2925 enu-

470 2958 606 3016 triat
624 2979 644 3016 :
674 2962 739 3014 ut
761 2958 865 3029 qui
890 2959 950 3013 in
975 2959 1092 3014 tuis
1118 2974 1431 3030 speramus
1455 2958 1858 3025 sermonibus,
1881 2958 1999 3013 tuis
2022 2973 2127 3029 per

469 3045 674 3103 omnia
695 3044 1079 3101 consolemur
1103 3045 1422 3100 virtutibus
1446 3061 1461 3110 ;
1494 3060 1564 3099 ac
1586 3045 1733 3100 dum
1756 3061 1891 3117 spes
1916 3050 2126 3101 nostra
2155 3084 2196 3141 ρ

468 3134 531 3189 in
552 3135 607 3188 te
635 3132 926 3201 dirigitur,
957 3132 1084 3204 spei
1102 3132 1291 3203 ipsius
1314 3136 1431 3188 ate
1464 3131 1639 3188 nobis
1670 3132 1871 3203 petitio
1920 3148 2126 3189 conce-

470 3220 671 3278 datur.
713 3232 777 3289 BI.
810 3225 1023 3275 Amen.

543 3309 653 3363 Per
679 3308 1154 3364 misericordiam
1184 3312 1374 3364 tuam.

718 3396 1177 3453 Proverbiorum
1195 3397 1536 3452 Salomonis
1567 3397 1744 3467 (Cap.
1772 3398 1874 3466 χι).

545 3496 606 3553 ἢ.
650 3486 768 3539 Deo
790 3484 1041 3553 gratias.

547 3570 668 3633 Fili,
694 3569 1056 3626 desiderium
1074 3571 1374 3642 justorum
1392 3587 1571 3628 omne
1590 3572 1820 3628 bonum
1833 3576 1920 3628 est
1943 3591 1955 3631 :
1981 3588 2129 3644 prai-

476 3656 709 3713 stolatio
725 3656 1044 3728 impiorum
1069 3660 1254 3717 furor.
1276 3660 1383 3715 Alii
1403 3660 1677 3716 dividunt
1694 3660 1958 3732 propria,
1974 3664 2031 3716 et
2045 3660 2131 3715 di-

474 3744 653 3800 tiores
672 3744 821 3799 ﬁunt
850 3764 863 3803 :
898 3745 998 3801 alii
1020 3750 1265 3818 rapiunt
1285 3764 1407 3803 non
1425 3764 1552 3814 sua,
1582 3754 1638 3804 et
1654 3763 1889 3820 semper
1910 3749 1971 3803 in
1996 3764 2130 3817 ege-

476 3834 623 3887 state
654 3835 810 3887 sunt.
832 3832 1066 3901 Anima,
1098 3850 1234 3906 qua:
1262 3835 1580 3901 benedicit,
1609 3836 2085 3909 impinguabitur
2117 3854 2129 3891 :

476 3924 534 3975 et
561 3918 665 3989 qui
704 3918 978 3990 inebriat,
1003 3921 1125 3993 ipse
1146 3938 1389 3995 quoque
1416 3924 1829 3982 inebriabitur.
1860 3926 1971 3991 Qui
1994 3925 2127 3981 abs-

478 4006 682 4067 condit
701 4007 1020 4076 frumenta,
1046 4010 1438 4069 maledicetur
1451 4012 1512 4069 in
1524 4014 1783 4085 populo:
1800 4013 2134 4070 benedictio

480 4100 681 4154 autem
723 4112 903 4170 super
942 4104 1124 4170 caput
1166 4101 1579 4160 vendentium.
1627 4106 1778 4159 Bene
1833 4103 2137 4175 consurgit

480 4183 744 4242 diluculo
781 4186 888 4259 qui
916 4188 1128 4258 quaerit
1156 4189 1319 4245 bona
1350 4206 1362 4255 ;
1390 4192 1497 4262 qui
1528 4196 1730 4247 autem
1751 4192 2138 4263 investigator

481 4272 779 4331 malorum
820 4278 929 4340 est,
955 4276 1329 4348 opprimetur
1366 4278 1445 4334 ab
1480 4278 1583 4334 eis.
1636 4280 1747 4345 Qui
1797 4282 2046 4337 conﬁdit
2075 4280 2136 4336 in

482 4361 700 4421 divitiis
730 4362 874 4430 suis,
896 4369 1167 4421 corruet:
1196 4366 1345 4436 justi
1366 4371 1569 4423 autem
1607 4368 1781 4439 quasi
1830 4370 2024 4425 virens
2050 4369 2136 4425 fo-

2244 1824 2365 1880 prae
2393 1806 2803 1877 magnitudine
2830 1806 3032 1860 famis.
3062 1805 3442 1876 Subjecitque
3474 1820 3606 1859 eam
3634 1804 3896 1859 Pharao-

2243 1896 2327 1959 ni,
2352 1899 2409 1950 et
2446 1900 2691 1949 cunctos
2712 1893 2965 1965 populos
2996 1894 3144 1963 ejus,
3182 1910 3218 1948 a
3245 1892 3594 1947 novissimis
3628 1892 3897 1947 terminis

2244 1983 2479 2054 ngypti
2502 1998 2691 2054 usque
2710 1982 2786 2036 ad
2799 1988 3092 2037 extremos
3110 1980 3258 2036 ﬁnes
3278 1981 3427 2051 ejus,
3446 1986 3661 2052 printer
3678 1985 3896 2036 terram

2244 2073 2639 2136 sacerdotum,
2674 2070 2887 2143 quibus
2929 2074 3149 2126 statuta
3173 2068 3391 2124 cibaria
3429 2085 3499 2124 ex
3542 2068 3774 2124 horreis
3796 2086 3899 2141 pu-

2242 2160 2410 2217 blicis
2428 2159 2931 2231 provehebantur,
2956 2174 3086 2229 quas
3100 2162 3134 2213 a
3156 2173 3294 2227 rege
3307 2157 3518 2212 tradita
3534 2156 3776 2212 fuerant
3792 2158 3896 2224 eis,

2252 2250 2420 2320 192
2451 2253 2508 2304 et
2534 2248 2755 2303 idcirco
2777 2263 2899 2303 non
2926 2252 3064 2302 sunt
3090 2246 3377 2318 compulsi
3400 2247 3653 2301 vendere
3674 2261 3902 2316 posses-

2245 2337 2444 2392 siones
2474 2350 2635 2391 suas.
2668 2336 2938 2407 Dixitque
2969 2336 3187 2406 Joseph
3224 2335 3301 2389 ad
3330 2334 3620 2406 populum
3658 2354 3669 2392 :
3702 2336 3786 2389 En
3838 2339 3905 2390 ut

2242 2425 2497 2489 cernitis,
2527 2430 2582 2479 et
2609 2439 2720 2479 vos
2749 2428 2804 2479 et
2827 2428 3043 2479 terram
3065 2428 3323 2478 vestram
3343 2423 3576 2478 Pharao
3588 2422 3861 2493 possidet
3886 2442 3899 2481 :

2241 2513 2486 2584 accipite
2531 2511 2779 2580 semina,
2803 2516 2860 2567 et
2889 2512 3056 2567 serite
3084 2527 3281 2581 agros,
3334 2516 3398 2567 ut
3436 2511 3633 2582 fruges
3672 2509 3902 2566 habere

2239 2600 2499 2672 possitis.
2534 2600 2815 2665 Quintam
2833 2605 3055 2671 partem
3083 2600 3208 2671 regi
3233 2599 3452 2655 dabitis
3482 2617 3496 2654 :
3519 2605 3780 2671 quatuor
3798 2614 3903 2654 re-

2240 2687 2434 2759 liquas
2459 2688 2734 2759 permitto
2761 2687 2932 2743 vobis
2982 2689 3043 2743 in
3102 2693 3449 2753 sementem,
3484 2691 3541 2743 et
3580 2687 3638 2741 in
3685 2686 3903 2743 cibum

2238 2775 2477 2832 famulis
2504 2780 2558 2831 et
2589 2776 2788 2831 liberis
2820 2776 3172 2841 vestris.Qui
3200 2777 3635 2849 responderunt
3666 2795 3677 2833 :
3715 2774 3897 2831 Salus

2235 2868 2441 2920 nostra
2465 2864 2524 2919 in
2566 2879 2751 2920 manu
2779 2871 2879 2919 tua
2907 2868 2995 2920 est
3027 2882 3040 2919 :
3081 2865 3356 2936 respiciat
3385 2880 3487 2919 nos
3508 2863 3896 2919 tantumdem

2236 2952 2515 3008 dominus
2537 2956 2736 3008 noster
2760 2957 2816 3008 et
2835 2952 2950 3008 laeti
2984 2953 3307 3009 serviemus
3335 2953 3474 3022 regi.
3514 2955 3595 3007 Ex
3638 2967 3713 3008 eo
3747 2957 3896 3008 tem-

2238 3056 2379 3112 pore
2403 3056 2589 3111 usque
2615 3039 2677 3095 in
2703 3046 3059 3111 praesentem
3084 3040 3264 3111 diem,
3297 3042 3358 3096 in
3412 3040 3697 3097 universa
3733 3046 3893 3098 terra

2235 3127 2494 3199 IEgypti,
2511 3127 2751 3197 regibus
2774 3129 2983 3199 quinta
3002 3144 3144 3201 pars
3174 3128 3433 3195 solvitur,
3463 3133 3520 3184 et
3544 3128 3774 3184 factum
3799 3134 3895 3184 est

2235 3216 2410 3288 quasi
2435 3216 2496 3270 in
2507 3215 2722 3283 legem,
2742 3216 2972 3288 absque
2986 3222 3139 3273 terra
3156 3217 3532 3283 sacerdotali,
3547 3232 3678 3289 quae
3692 3216 3893 3273 libera

2236 3304 2314 3363 ab
2343 3305 2457 3360 hac
2485 3304 2823 3361 conditione
2863 3305 2988 3361 fuit.
3024 3317 3085 3375 nr.
3121 3308 3324 3362 Amen.

2307 3393 2653 3462 Antiphone
2686 3399 2735 3448 l.
2767 3394 2979 3465 Populi
3008 3394 3448 3451 conﬁtebuntur
3476 3394 3582 3450 tibi
3618 3394 3681 3450 in
3723 3399 3891 3452 aeter-

2238 3497 2403 3551 num,
2438 3486 2495 3537 et
2512 3482 2573 3536 in
2598 3481 2886 3537 sazculum
2909 3483 3127 3538 saeculi.
3156 3485 3433 3539 Psalmus
3455 3500 3601 3539 xLiv.

2313 3570 2537 3625 Oratio.
2572 3573 2682 3626 Fac
2695 3586 2802 3626 nos
2815 3571 3062 3627 Domine
3083 3570 3325 3642 diligere
3329 3573 3629 3642 justitiam
3649 3577 3709 3627 et
3728 3573 3896 3629 odire

2242 3659 2615 3731 iniquitatem
2650 3675 2661 3713 :
2692 3676 2761 3715 ac
2776 3676 2880 3732 per
2893 3666 2967 3727 te,
2983 3660 3543 3732 speciemquetuam
3560 3666 3619 3717 et
3638 3661 3899 3733 pulchri-

2242 3749 2508 3806 tudinem
2526 3754 2848 3816 currentes,
2869 3749 3125 3806 deducat
3144 3766 3254 3806 nos
3276 3750 3629 3807 mirabiliter
3648 3751 3897 3808 dextera

2242 3842 2344 3895 tua
2376 3855 2387 3894 :
2422 3844 2475 3894 et
2506 3838 2859 3895 mortiﬁcata
2879 3839 2939 3894 in
2963 3838 3134 3894 nobis
3163 3840 3461 3895 incentiva
3480 3839 3894 3897 fornicationis

2242 3926 2506 3991 libidine,
2540 3928 2783 3997 accinge
2810 3926 3049 3984 lumbos
3086 3933 3325 3983 nostros
3352 3926 3553 3997 gladio
3604 3930 3895 3987 castitatis

2244 4027 2308 4085 ἢ.
2348 4019 2557 4071 Amen.

2318 4106 2440 4159 Per.

2316 4192 2734 4261 Antiphona2.
2759 4192 3042 4248 Dominus
3070 4193 3690 4250 virtutumnobiscum
3723 4212 3736 4250 :
3774 4210 3895 4250 sus-

2246 4284 2443 4351 ceptor
2472 4285 2670 4337 noster
2696 4281 2849 4337 Deus
2871 4281 3073 4337 Jacob.
3103 4281 3371 4338 Psalmus
3392 4299 3527 4340 XLv.

2319 4368 2541 4424 Oratio.
2577 4371 2754 4434 Deus,
2785 4369 2972 4423 virtus
3005 4374 3060 4425 et
3097 4368 3395 4438 refugium
3423 4376 3723 4437 nostrum,
3775 4376 3897 4427 esto

484 4452 631 4508 lium
656 4451 1105 4522 germinabunt.
1152 4454 1260 4519 Qui
1291 4455 1609 4513 conturbat
1654 4456 1906 4513 domum
1937 4474 2135 4527 suam,
2170 4439 2211 4491 ί)
2244 4456 2422 4514 nobis
2440 4456 2679 4525 adjutor
2700 4456 2760 4511 in
2790 4457 3197 4515 tribulatione:
3222 4458 3459 4514 utnullo
3483 4459 3672 4515 modo
3694 4467 3900 4516 nostra

484 4540 753 4614 possidet
772 4544 980 4597 ventos
1015 4558 1027 4597 :
1063 4542 1241 4615 etqui
1263 4543 1595 4613 stultusest,
1628 4546 1841 4601 serviet
1861 4546 2136 4617 sapienti.

487 4634 730 4689 Fructus
749 4631 1049 4701 justorum
1077 4630 1309 4701 lignum
1332 4632 1467 4691 vitae
1491 4650 1504 4699 ;
1536 4639 1595 4689 et
1617 4634 1719 4706 qui
1734 4635 1980 4707 suscipit
2009 4636 2141 4691 ani-

489 4735 677 4788 mam,
700 4719 941 4791 sapiens
952 4723 1068 4778 est.
1097 4720 1154 4775 Si
1176 4721 1375 4791 justus
1399 4722 1652 4779 interrae
1670 4722 1894 4795 recipit,
1913 4728 2140 4796 quanto

490 4812 684 4881 magis
720 4811 944 4884 impius
969 4816 1025 4869 et
1064 4817 1344 4885 peccator
1370 4815 1398 4870 ?
1428 4814 1607 4886 (Cap.
1645 4815 1765 4884 xu.)
1792 4815 1901 4879 Qui
1950 4814 2144 4885 diligit

488 4898 886 4972 disciplinam,
916 4900 1106 4973 diligit
1138 4901 1450 4959 scientiam
1477 4923 1489 4962 :
1530 4903 1628 4975 qui
1666 4908 1866 4960 autem
1894 4902 2021 4959 odit
2056 4902 2142 4957 in-

490 4988 885 5057 crepationes,
906 4990 1191 5062 insipiens
1221 4998 1325 5047 est.
1378 4992 1489 5058 Qui
1539 4991 1733 5049 bonus
1788 4995 1875 5048 est
1911 4991 2142 5047 hauriet

491 5073 603 5130 sibi
623 5074 879 5144 gratiam
902 5091 939 5133 a
966 5078 1218 5135 Domino
1251 5097 1264 5135 :
1298 5081 1401 5152 qui
1430 5086 1631 5137 autem
1676 5078 1919 5135 conﬁdit
1956 5078 2017 5132 in
2045 5093 2141 5132 co-

492 5163 885 5235 gitationibus
925 5166 1068 5237 suis,
1097 5167 1275 5238 impie
1304 5170 1447 5237 agit.
1475 5172 1602 5225 Non
1621 5168 2003 5224 roborabitur
2037 5167 2140 5222 ho-

492 5271 593 5312 mo
616 5271 690 5312 ex
717 5253 1019 5327 impietate
1047 5274 1062 5315 ε
1093 5256 1330 5313 etradix
1344 5258 1644 5327 justorum
1659 5273 1779 5314 non
1803 5270 2144 5314 commove-

490 5342 669 5402 bitur.
697 5355 761 5415 ἢ.
785 5348 1001 5401 Amen.

778 5431 976 5489 Lectio
1008 5430 1147 5488 libri
1178 5430 1409 5489 Genesis
1450 5432 1622 5501 (Cap.
1655 5434 1855 5503 XLVII).

566 5530 630 5587 ἢ.
660 5522 779 5577 Deo
809 5518 1054 5591 gratias.

2247 4544 3008 4610 metuatconscientia,cum
3026 4550 3078 4601 te
3086 4546 3108 4615 j
3120 4545 3392 4602 udicante
3404 4548 3769 4604 conturbata
3786 4549 3902 4603 fue-

2247 4634 2319 4689 rit
2334 4639 2487 4688 terra
2518 4651 2530 4690 :
2568 4631 3221 4705 ﬂuministuiimpetus,
3254 4639 3569 4707 tamquam
3589 4636 3655 4691 in
3678 4637 3903 4692 sanctis

2248 4722 2363 4779 tuis
2389 4720 2686 4787 habitans,
2712 4720 2972 4777 laetiﬁcat
2984 4723 3288 4779 Civitatem
3308 4728 3516 4794 :atque
3536 4724 3600 4780 in
3616 4740 3689 4780 ea
3700 4729 3905 4780 sumat

2248 4826 2319 4867 ex
2346 4809 2509 4864 vultu
2540 4813 2640 4865 tuo
2671 4809 3039 4879 adjutorium
3072 4828 3085 4862 :
3119 4827 3256 4866 cum
3290 4812 3487 4868 Sancti
3518 4813 3793 4883 Spiritus,
3847 4818 3905 4868 te

2249 4897 2555 4968 largiente,
2588 4899 2915 4971 perceperit
2942 4900 3191 4955 donum.
3228 4911 3292 4969 It.
3314 4904 3521 4956 Amen.

2321 4989 2425 5044 Per
2452 4986 2941 5044 misericordiam.

2322 5077 2672 5146 Antiphona
2701 5081 2750 5131 3.
2788 5078 2940 5131 Deus
2962 5076 3021 5130 in
3042 5077 3285 5131 nomine
3312 5083 3414 5131 tuo
3429 5076 3627 5132 salvos
3660 5094 3774 5135 nos
3792 5079 3907 5145 fac,

2253 5171 2308 5220 et
2336 5166 2398 5220 in
2423 5165 2635 5220 virtute
2661 5171 2763 5220 tua
2784 5164 2967 5219 libera
2994 5181 3124 5219 nos.
3148 5166 3300 5220 Deus
3317 5166 3538 5221 exaudi
3568 5169 3910 5223 orationem

2256 5259 2537 5312 nostram.
2578 5255 2849 5310 Psalmus
2882 5270 2997 5310 Lm.

2325 5353 2387 5410 It.
2419 5342 2687 5406 Domine,
2721 5343 3000 5400 miserere
3030 5342 3205 5398 nobis
3238 5362 3250 5399 :
3294 5348 3345 5398 te
3378 5345 3539 5399 enim
3571 5346 3909 5418 expectavi-

2254 5430 2523 5486 mustota
2534 5427 2629 5484 die
2662 5445 2675 5483 :
2709 5430 3163 5487 estobrachium
3175 5435 3447 5488 nostrum
3462 5431 3912 5499 infortitudine,

2254 5520 2311 5572 et
2331 5514 2492 5581 salus
2519 5520 2739 5578 nostra.
2768 5519 2836 5576 P.
2870 5522 2931 5575 In
2958 5523 3223 5591 tempore
3256 5518 3680 5580 tribulationis.
3700 5521 3767 5582 ν.
3800 5524 3912 5579 Do-
