4102 6176
198 304 309 361 345

1404 294 1752 359 DOMINICA
1786 290 1835 348 ΙΙ
1874 288 2478 361 QUADBAGESIMIE.

3522 292 3631 361 346'

202 430 386 494 mine,
422 424 641 482 exaudi
685 425 1007 481 orationem
1024 430 1317 495 nostram,
1350 432 1406 484 et
1422 427 1649 484 clamor
1666 424 1867 480 noster
1894 418 1941 472 A
2043 418 2395 488 Antiphone
2432 424 2478 476 t.
2506 421 2677 477 Recte
2693 419 2954 492 judicate
2983 419 3087 477 ﬁlii
3114 422 3428 481 hominum
3453 426 3626 484 Psal-

202 517 276 572 ad
300 522 353 571 te
383 513 713 587 perveniat.
739 514 800 567 P.
856 518 918 569 ln
951 518 1238 586 tempore.
1262 515 1326 575 ἰν.
1369 516 1563 571 Gloria
1592 520 1648 570 et
1674 514 1867 569 honor

201 606 370 670 Patri,
401 609 514 658 etc.
551 604 892 658 Reiteretur
921 614 991 669 Bt.

272 693 501 748 Preces.
552 691 838 745 Dicamus
886 706 1096 746 omnes
1149 692 1479 761 :Miserere,
1507 691 1774 755 Domine,
1814 692 1870 744 et

206 780 459 837 exaudi‘t
481 796 620 835 nos.
650 780 716 834 P.
751 779 900 844 Quia
947 780 1081 851 pius
1103 796 1190 838 es.
1229 781 1293 842 it.
1322 785 1402 836 Ex
1426 785 1548 836 toto
1578 779 1776 841 corde,
1815 781 1870 833 et

209 886 276 924 ex
336 875 457 925 tota
496 873 697 923 mente
748 873 987 922 orantes
1046 868 1123 923 ad
1183 874 1239 925 te
1307 869 1545 935 exaudi,
1598 868 1865 932 Domine,

210 959 439 1023 P.Quia
463 959 602 1028 pius
636 972 719 1011 es.
746 967 810 1025 BI.
845 957 951 1021 Qui
969 956 1206 1013 habitas
1240 957 1301 1011 in
1323 958 1510 1027 ccelis,
1537 963 1592 1013 et
1620 954 1870 1011 humilia

212 1046 457 1117 respicis
482 1063 495 1095 :
526 1044 952 1117 pcenitentibus
982 1045 1145 1101 dona
1170 1045 1624 1116 indulgentiam.
1647 1045 1705 1099 P.
1722 1044 1870 1109 Quia

208 1136 360 1207 pius.
388 1146 449 1203 It.
487 1135 793 1190 Civitatem
847 1134 1017 1200 hanc,
1077 1140 1133 1191 et
1171 1151 1382 1191 omnes
1437 1135 1771 1189 habitantes
1808 1134 1869 1188 in

205 1240 274 1279 ea
302 1230 572 1295 protege,
596 1222 842 1291 Christe,
885 1223 1129 1279 dextera
1170 1224 1405 1279 virtutis
1438 1230 1574 1291 tuae,
1604 1224 1667 1277 P.
1700 1223 1865 1288 Quia.

204 1324 271 1383 ἢ.
304 1312 734 1367 Remissionem
753 1316 1163 1382 peccatorum,
1181 1316 1236 1367 et
1258 1312 1730 1367 emendationem
1748 1326 1871 1367 mo-

213 1416 354 1456 rum
390 1399 665 1464 concede,
693 1400 964 1457 Domine.
998 1402 1068 1455 P.
1092 1400 1392 1455 Dicamus.
1428 1402 1654 1455 Totum.

274 1488 559 1558 Hymnus.
588 1489 629 1542 Ο
652 1490 970 1543 Nazarene.
996 1489 1110 1556 fol.
1144 1490 1261 1544 144.

270 1576 588 1644 Capitula.
625 1576 806 1632 Salva
827 1591 938 1631 nos
960 1575 1211 1631 Domine
1236 1576 1296 1631 in
1316 1580 1418 1632 tuo
1434 1576 1677 1631 nomine
1701 1592 1713 1643 ;
1740 1575 1869 1631 etli-

194 1663 346 1720 bera
378 1665 440 1719 in
473 1664 690 1719 virtute
721 1681 733 1719 :
773 1663 926 1719 educ
957 1664 1032 1719 de
1063 1663 1477 1731 tribulatione;
1510 1668 1566 1720 et
1590 1664 1750 1736 reple
1777 1664 1871 1735 jo-

1975 523 2105 563 mus
2136 524 2266 564 LVII.

2049 596 2273 652 Oratio.
2298 597 2473 664 Deus,
2506 599 2679 669 cujus
2698 604 2836 654 sunt
2864 598 3105 670 eloquia
3134 603 3377 665 casta,et
3392 602 3622 673 judicia

1976 690 2166 753 recta;
2186 684 2380 740 tribue
2406 685 2778 757 nobis,casto
2793 703 2892 742 ore
2909 686 3094 743 verba
3123 692 3222 743 tua
3236 689 3583 760 depromere
3608 707 3622 757 ;

1978 776 2033 827 et
2049 772 2225 827 corde
2242 773 2562 845 purissimo
2570 775 2591 845 j
2602 775 2864 831 udicioru
2875 791 2933 829 m
2947 779 3188 831 tuorum
3205 777 3493 832 mandata
3508 794 3625 832 ser-

1976 876 2116 915 vare
2140 879 2152 915 :
2181 861 2430 917 extende
2458 862 2659 935 itaque
2684 879 2892 919 arcum
2916 868 3087 919 tuum
3115 864 3194 919 ob
3212 864 3623 920 defensionem

1977 952 2245 1004 nostram
2266 950 2443 1015 ;etad
2463 950 2828 1007 inﬁrmanda
2849 952 3229 1007 inimicorum
3242 952 3630 1023 consilia,spi-

1977 1034 2213 1091 ritualia
2229 1036 2416 1105 dirige
2439 1038 2888 1110 tela;molasque
2902 1038 3206 1107 confringe
3223 1038 3630 1111 leonum,quaa

1977 1127 2147 1179 tuum
2168 1124 2440 1179 demoliri
2461 1126 2728 1182 nituntur
2752 1131 3053 1198 sceptrum
3083 1143 3098 1182 :
3131 1131 3196 1181 ut
3219 1127 3278 1181 in
3302 1131 3354 1181 te
3401 1126 3629 1182 laetetur

1979 1212 2152 1283 copia
2162 1212 2609 1284 redemptorum
2620 1215 2735 1285 ,qui
2748 1230 2812 1270 es
2825 1230 3048 1270 corona
3055 1215 3075 1284 j
3088 1218 3354 1269 ustorum
3377 1230 3390 1280 ;
3408 1213 3627 1286 tibique

1979 1298 2367 1355 decantemus
2382 1302 2683 1371 psalmum
2715 1302 2927 1357 laetitiae
2948 1302 3406 1372 ;cujus_muuere
3426 1316 3632 1373 perve-

1978 1387 2139 1443 nitur
2159 1389 2238 1444 ad
2257 1389 2515 1445 fructum
2540 1390 2798 1459 justitiee.
2834 1402 2898 1461 ἢν.
2931 1392 3139 1446 Amen.

2048 1476 2153 1531 Per
2178 1476 2645 1533 misericordiam
2676 1482 2863 1548 tuam,
2894 1482 3001 1533 etc.

2048 1564 2394 1635 Antiphone
2420 1570 2474 1619 2.
2518 1568 2802 1621 Converte
2820 1565 3070 1621 Domine
3095 1564 3496 1636 captivitatem
3526 1578 3628 1620 no-

1983 1657 2190 1723 stram,
2223 1654 2374 1709 sicut
2394 1659 2625 1710 torrens
2657 1654 2716 1710 in
2740 1660 2963 1711 austro.
2986 1655 3259 1711 Psalmus
3288 1670 3450 1710 cxxv.

195 1752 874 1808 cunditatezneasalute
906 1756 1110 1807 nostra
1128 1752 1476 1822 praesidium
1498 1754 1875 1824 retrahas;et
1903 1763 1945 1817 Β
2054 1743 2278 1798 Oratio.
2340 1744 2686 1799 Convertere
2739 1744 3006 1809 Domine,
3063 1743 3461 1814 captivitatem
3525 1758 3630 1798 n0-

198 1840 533 1912 quominus
557 1839 904 1905 liberemur,
931 1840 1209 1896 virtutem
1238 1840 1553 1912 impendas
1589 1857 1601 1895 :
1633 1844 1695 1896 ut
1725 1841 1871 1895 dum

199 1927 383 1983 nobis
412 1927 573 1983 salus
594 1932 698 1982 tuo
718 1932 1034 1999 praestatur
1051 1945 1123 1983 ex
1150 1928 1529 1993 munere,tibi
1560 1929 1748 1999 gloria
1785 1944 1868 1984 re-

196 2015 501 2088 pendatur
516 2016 579 2070 in
608 2014 877 2080 laudem,
910 2019 965 2071 et
988 2016 1164 2071 nobis
1192 2016 1436 2072 libertas
1459 2016 1768 2086 contingat
1807 2016 1869 2072 in

193 2103 495 2175 requiem.

262 2193 441 2247 Pater
480 2194 705 2247 noster.

832 2278 925 2333 Ad
952 2280 1212 2335 Sea-tam.

332 2367 541 2424 Lectio
574 2368 720 2423 libri
747 2368 949 2425 Esaiae
979 2368 1290 2438 Prophetas
1309 2368 1485 2438 (Cap.
1526 2370 1703 2438 Lxm).

256 2468 328 2523 ἢ.
359 2458 483 2511 Deo
513 2456 761 2525 gratias.

250 2545 543 2614 Attende,
567 2545 836 2611 Domine,
870 2545 944 2600 de
970 2544 1139 2609 caelo,
1165 2548 1221 2600 et
1239 2544 1375 2599 vide
1421 2544 1495 2601 de
1525 2545 1865 2601 habitaculo

184 2638 404 2690 sancto
436 2637 629 2695 tuo,et
659 2633 862 2703 gloriae
884 2638 1000 2690 tuae
1026 2652 1038 2686 :
1074 2634 1177 2689 ubi
1199 2639 1287 2689 est
1306 2633 1465 2689 zelus
1493 2637 1650 2697 tuus,
1678 2638 1735 2689 et
1748 2633 1858 2689 for-

185 2722 384 2778 titudo
400 2721 856 2786 tua,multitudo
874 2722 1170 2778 viscerum
1200 2726 1521 2787 tuorum,et
1544 2722 1867 2778 miseratio-

182 2826 338 2866 num
362 2814 609 2865 tuarum
629 2809 659 2863 ?
684 2825 865 2881 super
902 2826 999 2865 me
1037 2809 1453 2865 continuerunt
1479 2825 1559 2864 se.
1592 2812 1676 2864 Tu
1707 2810 1866 2864 enim

183 2904 364 2971 pater
392 2903 623 2968 noster,
675 2903 732 2953 et
763 2898 1068 2954 Abraham
1115 2899 1363 2954 nescivit
1416 2913 1545 2963 nos,
1580 2902 1637 2953 et
1686 2897 1867 2953 Israel

186 2987 497 3059 ignoravit
522 2989 729 3041 nos:tu
755 2986 1001 3041 Domine
1025 2989 1194 3057 pater
1217 2988 1437 3048 noster,
1462 2984 1868 3055 etredemptor

1984 1834 2167 1886 stram
2198 1831 2276 1886 ab
2305 1831 2689 1886 inlecebrosis
2727 1832 2952 1887 inimici
2983 1831 3428 1887 seductionibus
3482 1831 3633 1886 redi-

1980 1919 2202 1974 mendo
2223 1936 2234 1973 :
2254 1923 2309 1974 et
2330 1919 2485 1990 reple
2508 1919 2918 1975 consolatione
2940 1920 3499 1990 indulgentiae,quos
3531 1918 3633 1975 de-

1980 2007 2202 2062 solatos
2216 2008 2507 2079 prospicis
2518 2008 2598 2063 ob
2612 2008 3039 2063 admissionem
3058 2006 3442 2080 nequitieezda
3454 2006 3630 2062 nobis

1977 2111 2349 2166 quaesumus,
2405 2096 2637 2151 contriti
2680 2096 2877 2151 cordis
2901 2095 3298 2151 humilitatem
3342 2110 3627 2167 quaerere,

1977 2187 2033 2239 et
2056 2184 2670 2255 inquinamenta,quas
2696 2200 2807 2240 nos
2829 2183 3366 2256 polluunt,ﬂuentis
3396 2183 3629 2255 lachry-

1975 2287 2213 2329 marum
2243 2272 2524 2328 abluere:
2569 2272 2655 2328 sic
2693 2274 2869 2329 etiam
2923 2271 3313 2328 confessionis
3365 2271 3633 2327 remedia

1977 2376 2251 2417 seramus
2280 2360 2341 2415 in
2353 2361 2699 2432 lachrymis,
2717 2360 3178 2431 utindulgentiaa
3198 2359 3425 2416 fructus
3447 2364 3632 2415 meta-

1973 2463 2111 2503 mus
2131 2449 2191 2502 in
2226 2448 2481 2517 gaudiis.
2510 2461 2575 2518 Br.
2594 2450 2804 2504 Amen.

2045 2536 2175 2590 Per.

2044 2621 2389 2690 Antiphona
2420 2627 2471 2678 3.
2496 2622 2603 2691 Adj
2616 2621 2874 2677 utorium
2893 2624 3164 2676 nostrum
3178 2621 3241 2675 in
3255 2620 3502 2676 nomine
3520 2621 3630 2676 Do-

1975 2709 2141 2776 mini,
2179 2710 2284 2780 qui
2323 2709 2457 2764 fecit
2485 2708 2702 2765 cmlum
2733 2714 2788 2764 et
2818 2713 3056 2763 terram.
3084 2708 3354 2762 Psalmus
3384 2722 3574 2762 cxxm.

2046 2808 2109 2866 BI.
2144 2797 2253 2862 Qui
2285 2796 2455 2851 sedes
2477 2811 2655 2867 super
2676 2796 2979 2860 thronum,
3026 2799 3084 2849 et
3115 2794 3353 2864 judicas
3387 2794 3632 2864 aequita-

1975 2891 2118 2941 tem.
2146 2888 2211 2940 P.
2241 2887 2378 2940 Esto
2419 2883 2715 2953 refugium
2759 2898 3098 2955 pauperum
3149 2881 3210 2936 in
3254 2880 3629 2936 tribulatione

1975 2974 2118 3045 quia
2147 2977 2211 3028 tu
2241 2972 2402 3028 solus
2439 2972 2727 3043 laborem,
2762 2976 2820 3027 et
2848 2971 3112 3026 dolorem
3161 2968 3524 3024 consideras.
3547 2967 3591 3027 ἲν
3614 3009 3627 3024 .

185 3056 467 3140 noster,a
490 3073 714 3129 saeculo
732 3089 953 3129 nomen
984 3056 1175 3129 tuum.
1196 3075 1389 3138 Quare
1417 3089 1614 3128 errare
1640 3089 1751 3128 nos
1778 3073 1856 3128 fe-
1897 3085 1938 3140 c
1978 3061 2089 3127 Olli
2127 3061 2281 3131 regis
2327 3060 2521 3126 Israel,
2555 3060 2796 3115 intende
2828 3078 2840 3114 ε
2880 3059 2983 3130 qni
3008 3057 3253 3113 ἀθάυοίε
3278 3056 3437 3111 vel“
3455 3071 3631 3110 ovem

191 3164 330 3219 cisti
349 3162 609 3218 Domine
639 3162 713 3217 de
744 3161 855 3217 viis
877 3162 990 3217 tuis
1010 3162 1328 3217 :indurasti
1358 3177 1460 3217 cor
1480 3166 1751 3217 nostrum
1791 3177 1866 3217 ne

190 3252 552 3308 timeremus
573 3256 628 3306 te
651 3251 1026 3306 ‘tconvertere
1036 3256 1279 3322 propter
1291 3266 1493 3305 servos
1514 3250 1869 3315 tuos,tribus

192 3341 552 3398 hereditatis
570 3340 898 3405 tuae.Quasi
912 3339 1163 3395 nihilum
1180 3340 1572 3410 possederunt
1584 3339 1867 3410 populum

190 3447 295 3486 san
304 3437 473 3485 ctum
490 3434 665 3483 tuum
681 3446 694 3483 :
712 3428 913 3484 hostes
938 3428 1126 3483 nostri
1146 3427 1647 3483 conculcaverunt
1659 3427 1869 3483 sancti-

189 3519 548 3575 ﬁcationem
566 3521 753 3572 tuam.
764 3517 917 3574 Facti
932 3531 1140 3572 sumus
1153 3516 1325 3588 quasi
1338 3515 1397 3572 in
1412 3515 1869 3589 principio,cum

191 3624 315 3666 non
336 3606 752 3664 dominareris
779 3605 987 3674 nostri,
1014 3620 1213 3679 neque
1246 3605 1619 3662 invocaretur
1647 3619 1870 3660 nomen

192 3702 364 3754 tuum
388 3710 580 3767 super
599 3708 736 3750 nos.
767 3694 938 3763 (Cap.
972 3695 1148 3765 sxw.)
1187 3694 1421 3749 Utinam
1467 3692 1870 3764 disrumperes

198 3783 402 3847 caelos,
436 3788 493 3838 et
522 3781 920 3837 descenderes
952 3798 963 3836 :
998 3796 1035 3835 a
1064 3780 1214 3836 facie
1254 3784 1357 3835 tua
1387 3784 1622 3835 montes
1652 3779 1873 3834 deﬂue-

194 3876 346 3929 rent.
371 3871 541 3928 Sicut
556 3870 792 3926 exustio
809 3868 968 3938 ignis
996 3868 1383 3931 tabescerent.
1409 3883 1583 3939 aquae
1596 3867 1874 3936 arderent

196 3962 415 4032 igni,ut
452 3964 665 4015 notum
706 3959 873 4014 ﬁeret
901 3972 1124 4013 nomen
1155 3961 1320 4012 tuum
1347 3956 1603 4011 inimicis
1633 3955 1749 4010 tuis
1785 3974 1796 4008 :
1838 3971 1875 4010 a

194 4049 353 4104 faeie
374 4052 481 4103 tua
510 4052 715 4115 gentes
746 4045 1146 4102 turbarentur.
1166 4047 1314 4100 Cum
1338 4043 1545 4099 feceris
1569 4042 1874 4099 mirabilia

206 4150 339 4190 non
356 4134 779 4189 sustinebimus
802 4152 814 4190 :
833 4131 1283 4199 descendisti,et
1295 4146 1330 4186 a
1350 4129 1502 4185 facie
1519 4133 1623 4185 tua
1641 4134 1875 4185 montes

208 4220 615 4277 deﬂuxerunt.
645 4225 690 4278 Δ
711 4220 929 4277 saeculo
969 4236 1092 4275 non
1122 4217 1458 4280 audierunt,
1490 4232 1684 4289 neque
1715 4218 1876 4276 auri-

203 4310 330 4365 bus
342 4314 761 4381 perceperunt:
781 4309 993 4364 oculus
1015 4324 1138 4363 non
1161 4306 1333 4362 vidit.
1364 4308 1516 4361 Deus
1537 4305 1771 4377 absque
1791 4311 1873 4375 te,

1975 3150 2339 3221 Joseph.Qui
2357 3149 2527 3204 sedes
2549 3164 2731 3220 super
2766 3147 3105 3204 Cherubim.
3138 3148 3204 3201 P.
3228 3148 3384 3211 Esto,
3416 3144 3479 3204 Ἰὶτ.
3503 3144 3634 3199 Glo-

1975 3238 2081 3303 ria,
2112 3243 2222 3293 etc.
2253 3238 2589 3294 Reiteretur
2612 3248 2675 3306 Βι.

2046 3326 2269 3382 Preces.
2300 3325 2576 3380 Dicamus
2614 3337 2863 3378 omnes:
2899 3320 3223 3390 Propitiare
3253 3316 3479 3389 populo
3504 3320 3626 3382 tuo,

1979 3414 2222 3471 Christe.
2252 3415 2314 3467 P.
2345 3416 2411 3467 Et
2445 3412 2747 3467 miserere.
2770 3410 2829 3469 )7.
2851 3408 3095 3464 Intende
3124 3405 3344 3461 nostris
3387 3404 3631 3459 taudem

1978 3503 2255 3575 precibus
2289 3518 2301 3558 :
2335 3499 2575 3557 intende
2623 3500 2752 3569 jam
2772 3495 3084 3568 propitius.
3129 3496 3201 3549 P.
3236 3496 3303 3549 Et
3329 3492 3628 3547 miserere.

1978 3590 2039 3651 il.
2074 3594 2189 3646 Nos
2214 3589 2617 3661 peccavimus,
2639 3603 2751 3643 nos
2770 3585 2975 3657 inique
2992 3584 3246 3653 egimus.
3274 3583 3335 3635 P.
3364 3582 3429 3635 Et
3454 3580 3630 3633 mise-

1979 3693 2125 3733 rere.
2153 3676 2214 3737 ἵ.
2248 3680 2454 3732 Averte
2482 3676 2636 3731 iram
2674 3678 2863 3737 tuam,
2895 3676 2951 3728 et
2977 3672 3140 3727 dona
3176 3667 3628 3736 indulgentiam.

1980 3767 2042 3821 P.
2072 3768 2139 3821 Et
2166 3764 2463 3819 miserere.
2491 3762 2553 3823 ν.
2577 3761 2899 3834 Apeccatis
2931 3776 3002 3816 ac
3026 3756 3255 3813 delictis
3283 3755 3500 3812 nostris
3523 3769 3631 3825 pu-

1980 3853 2147 3910 riﬁca
2175 3868 2311 3919 nos,
2345 3852 2613 3908 Domine.
2643 3851 2699 3904 P.
2730 3853 2795 3906 Et
2820 3848 3116 3904 miserere.

2054 3944 2347 4011 Hymnus.
2373 3943 2416 3997 Ο
2446 3944 2762 4005 Nazarene,
2793 3938 2918 3994 lux.
2939 3938 3054 4007 fol.
3083 3938 3204 3990 144.

2055 4031 2367 4099 Capitula.
2381 4029 2755 4100 Adjutorium
2771 4031 3041 4082 nostrum
3056 4024 3118 4079 in
3134 4021 3377 4079 nomine
3398 4022 3499 4076 tuo
3521 4021 3630 4086 est,

1985 4119 2235 4177 Domine
2269 4139 2280 4177 :
2311 4119 2391 4174 da
2418 4117 2592 4174 nobis
2621 4116 2792 4173 odire
2822 4114 3033 4170 mundi
3064 4112 3394 4167 inlecebras
3414 4127 3432 4181 ;
3457 4111 3513 4164 et
3532 4123 3632 4161 ve-

1982 4210 2255 4265 nantium
2269 4206 2643 4278 voluptatum
2658 4218 2990 4276 praecavere
3003 4199 3407 4272 muscipulam
3423 4201 3488 4252 ut
3502 4195 3635 4267 ipse

1982 4296 2362 4353 insidiantem
2377 4293 2677 4367 perimas,i
2684 4308 2791 4365 pse
2804 4290 3195 4347 conﬁdentem
3205 4288 3444 4345 munias
3456 4289 3634 4355 atque

198 4414 346 4471 quas
365 4398 720 4469 praeparasti
734 4396 1187 4468 expectantibus
1203 4394 1606 4451 te.0ccurristi
1628 4394 1871 4462 laetanti,
1905 4422 1950 4476 Ι)
1984 4385 2289 4442 defendas.

200 4486 517 4543 etfacienti
526 4485 827 4556 justitiam
858 4496 875 4546 :
899 4484 961 4540 in
987 4484 1098 4539 viis
1130 4484 1243 4539 tuis
1267 4482 1746 4540 recordabuntur
1766 4482 1869 4538 tui:

204 4590 350 4632 ecce
382 4579 446 4630 tu
482 4575 672 4630 iratus
699 4589 783 4641 es,
811 4578 867 4629 et
905 4588 1017 4629 nos
1046 4572 1429 4644 peccavimus
1456 4589 1469 4625 :
1497 4572 1558 4625 in
1588 4570 1737 4642 ipsis
1761 4570 1875 4625 fui-

202 4679 347 4719 mus
372 4676 633 4733 semper,
658 4665 717 4716 et
738 4660 1127 4717 salvabimur.
1158 4660 1224 4715 Et
1257 4659 1401 4715 facti
1426 4674 1635 4714 sumus
1666 4665 1730 4713 ut
1768 4659 1873 4713 im-

204 4750 425 4808 mundi
437 4764 655 4805 omnes
675 4752 873 4813 nos,et
890 4750 1067 4821 quasi
1082 4762 1319 4819 pannus
1339 4749 1720 4802 menstruatm
1743 4745 1875 4801 uni-

203 4854 399 4897 versae
426 4843 635 4894 terrae:
665 4841 723 4892 et
749 4835 1074 4892 cecidimus
1100 4836 1273 4907 quasi
1300 4835 1507 4890 folium
1534 4834 1878 4897 universi,et

206 4928 562 5000 iniquitates
576 4930 796 4980 nostrae
812 4924 989 4997 quasi
1000 4928 1213 4979 ventus
1226 4922 1598 4979 abstulerunt
1609 4937 1741 4977 nos.
1752 4925 1876 4977 Non

206 5023 295 5073 est
325 5017 435 5089 qui
461 5016 704 5072 invocet
731 5029 954 5070 nomen
979 5018 1186 5072 tuum:
1224 5013 1328 5083 qui
1349 5016 1684 5080 consurgat,
1716 5015 1772 5065 et
1796 5016 1875 5065 te-

207 5112 351 5162 neat
379 5112 435 5161 te
452 5122 467 5159 :
487 5103 864 5159 abscondisti
881 5102 1092 5159 faciem
1121 5106 1286 5156 tuam
1305 5116 1343 5156 a
1367 5099 1626 5173 nobis,et
1652 5097 1878 5153 allisisti

203 5208 320 5249 nos
360 5194 425 5248 in
456 5206 653 5247 manu
678 5189 1008 5261 iniquitatis
1037 5195 1279 5245 nostrae.
1350 5187 1543 5258 193.
1604 5188 1668 5241 Et
1715 5200 1877 5241 nunc

201 5282 485 5348 Domine,
518 5284 692 5352 pater
710 5283 913 5333 noster
931 5292 993 5333 es
1031 5282 1231 5343 tu,nos
1254 5291 1395 5332 vero
1426 5275 1647 5330 lutum:
1688 5278 1745 5330 et
1775 5274 1875 5329 ﬁc-

198 5376 299 5427 tor
327 5375 538 5428 noster
558 5372 643 5439 tu,
660 5370 717 5424 et
742 5381 927 5439 opera
946 5380 1241 5422 manuum
1253 5367 1487 5421 tuarum
1508 5377 1719 5419 omnes
1738 5376 1877 5418 nos.

198 5463 289 5516 Ne
320 5456 608 5517 irascaris
649 5454 899 5511 Domine
939 5453 1103 5517 satis,
1152 5456 1210 5509 et
1238 5467 1313 5510 ne
1341 5451 1499 5510 ultra
1536 5448 1878 5508 memineris

201 5546 531 5619 inquitatis
550 5548 802 5603 nostrae.
831 5553 895 5613 Βι.
922 5544 1132 5599 Amen.

2053 4476 2223 4529 Pater
2240 4474 2457 4528 noster.

2636 4556 2999 4612 AdNonam.

2196 4648 2646 4706 Proverbiorum
2670 4643 3006 4701 Salomonis
3028 4640 3197 4712 (Cap.
3232 4639 3419 4700 mu).

2056 4749 2119 4807 Bt.
2151 4738 2270 4792 Deo
2302 4735 2546 4805 gratias.

2062 4824 2181 4886 Fili,
2204 4824 2356 4880 Audi
2374 4827 2606 4895 patrem
2627 4824 2815 4884 tuum,
2838 4818 2943 4891 qui
2967 4814 3171 4887 genuit
3195 4818 3252 4868 te
3281 4827 3292 4864 :
3316 4814 3373 4865 et
3392 4823 3467 4864 ne
3490 4822 3636 4864 con-

1986 4918 2220 4970 temnas
2248 4929 2386 4968 cum
2417 4909 2674 4967 senuerit
2698 4912 2888 4963 mater
2912 4911 3034 4962 tua.
3064 4901 3378 4957 Veritatem
3401 4914 3552 4963 eme,
3581 4900 3638 4953 et

1986 5001 2108 5056 noli
2132 5000 2389 5055 vendere
2433 4997 2807 5068 sapientiam,
2836 4999 2893 5049 et
2929 4990 3284 5053 doctrinam,
3337 4992 3393 5044 et
3434 4984 3636 5043 intelli-

1987 5090 2268 5159 gentiam.
2296 5086 2512 5142 Esultet
2544 5084 2761 5153 gaudio
2782 5087 2947 5153 pater
2962 5079 3132 5151 justi:
3162 5080 3267 5152 qui
3283 5076 3633 5151 sapientiam

1987 5177 2193 5240 tenuit,
2234 5175 2526 5230 laetabitur
2553 5174 2614 5227 in
2648 5188 2737 5228 eo.
2759 5169 3025 5227 Gaudeat
3054 5175 3223 5242 pater
3247 5174 3402 5229 tuus,
3436 5166 3490 5216 et
3511 5171 3635 5212 ma-

1987 5270 2073 5323 ter
2099 5270 2223 5329 tua,
2246 5268 2302 5318 et
2331 5260 2668 5332 exultetqui
2699 5260 2902 5331 genuit
2932 5262 3007 5315 te.
3050 5270 3113 5328 Βι.
3143 5258 3353 5312 Amen.

2290 5350 2483 5407 Lectio
2505 5348 2647 5406 libri
2669 5349 2897 5408 Genesis
2914 5348 3085 5418 (Cap.
3119 5339 3312 5406 xsvu.)

2058 5454 2122 5513 1p.
2157 5442 2276 5497 Deo
2306 5438 2548 5511 gratias.
3065 5514 3114 5516 Α
3193 5508 3236 5516 _
3371 5508 3381 5516 Α
3456 5505 3467 5516 _

2095 5532 2161 5587 In
2179 5529 2291 5587 illis
2309 5504 2532 5587 diebus
2562 5545 2573 5584 ε
2590 5524 2884 5587 Habitavit
2900 5515 3079 5576 Israel
3099 5504 3516 5580 inJEgyptoﬁd
3535 5509 3629 5565 est
