4102 6176
402 265 507 329 1M7

1661 242 2122 307 BREVIARIUH
2157 242 2547 301 GOTHICUM.

3704 241 3823 300 348

404 389 469 447 in
492 392 647 445 terra
662 388 903 451 Gessen,
926 384 983 441 et
1008 380 1275 456 possedit
1301 395 1433 438 eam
1466 394 1481 435 :
1503 380 1835 449 auctusque
1867 375 1971 438 est,
2001 373 2060 456 et
2090 368 2134 423 A
2165 370 2416 424 conatus
2434 372 2524 425 est
2539 368 2613 425 de
2624 367 2817 441 capite
2828 363 3188 438 Ephraim,et
3200 360 3516 456 transferre
3529 377 3712 437 super
3729 370 3827 456 ea”

404 475 833 548 multiplicatus
896 452 1094 528 nimis.
1167 473 1233 525 Et
1272 469 1415 524 vixit
1442 469 1497 523 in
1526 467 1737 523 eadem
1767 464 1973 519 decem
2004 452 2059 515 et

410 572 634 640 septem
665 564 873 621 annis:
906 560 1162 632 factique
1196 563 1333 614 sunt
1357 574 1564 614 omnes
1587 557 1712 613 dies
1729 555 1857 609 vitae
1880 551 2054 614 illius,

409 662 647 712 centum
669 651 1067 726 quadraginta
1095 653 1323 720 septem
1339 662 1656 703 annorum.
1680 647 1944 714 Cumque
1956 654 2060 711 ap-

408 745 817 819 propinquare
848 742 1111 795 cerneret
1150 738 1309 793 diem
1347 736 1575 798 mortis,
1614 733 1846 789 vocavit
1871 730 2060 785 ﬁlium

412 851 587 893 suum
613 831 851 903 Joseph,
883 833 937 884 et
963 827 1113 883 dixit
1138 826 1217 881 ad
1247 842 1382 882 eum
1407 845 1419 885 :
1444 826 1499 881 Si
1514 823 1712 879 inveni
1734 819 2061 891 gratiamin

414 925 739 994 conspectu
761 924 1045 989 tuo,pone
1065 931 1314 971 manum
1335 919 1501 970 tuam
1523 912 1636 968 sub
1651 912 1872 967 femore
1888 924 2023 966 meo
2041 915 2056 951 ε

410 1018 466 1071 et
503 1011 685 1067 facies
717 1006 863 1062 mihi
893 1004 1362 1060 misericordiam
1396 1008 1452 1059 et
1490 1002 1818 1064 veritatem,
1850 1003 1916 1056 ut
1940 1013 2063 1053 non

415 1098 668 1171 sepelias
685 1111 780 1150 me
796 1095 857 1149 in
878 1091 1135 1163 Egypto
1160 1108 1173 1146 :
1190 1092 1294 1147 sed
1313 1091 1615 1147 dormiam
1634 1106 1772 1145 cum
1792 1087 2063 1160 patribus

413 1188 582 1250 meis,
615 1188 672 1240 et
700 1183 938 1239 auferas
970 1196 1066 1237 me
1081 1183 1151 1236 de
1174 1180 1288 1237 hac
1317 1184 1494 1249 terra,
1526 1179 1871 1250 condasque
1896 1180 1955 1234 in
1973 1195 2064 1235 se-

412 1276 661 1351 pulchro
685 1272 989 1342 majorum
1012 1285 1306 1325 meorum.
1339 1268 1445 1324 Cui
1474 1268 1781 1339 respondit
1802 1268 2059 1340 Joseph:

413 1370 535 1435 Ego
559 1362 778 1419 faciam
810 1359 972 1431 quod
989 1359 1233 1428 jussisti.
1255 1360 1323 1413 Et
1349 1357 1443 1413 ille
1468 1360 1641 1422 ;Jura
1663 1373 1827 1426 ergo,
1854 1358 2061 1429 inquit,

414 1454 579 1510 mihi.
604 1454 731 1515 Quo
756 1449 1013 1518 jurante,
1047 1447 1315 1503 adoravit
1344 1445 1522 1502 Israel
1552 1446 1894 1509 Dominum,
1929 1460 2067 1501 con-

413 1556 621 1597 versus
652 1537 730 1594 ad
792 1535 990 1591 lectuli
1019 1542 1217 1605 caput.
1270 1536 1448 1605 (Cap.
1479 1534 1695 1604 vam.)
1745 1535 1841 1589 His
1864 1534 2067 1605 itaque

415 1626 749 1695 transactis,
770 1624 1107 1679 nuntiatum
1130 1623 1446 1694 estJoseph
1458 1622 1623 1693 quod
1639 1627 1950 1691 aegrotaret
1967 1637 2068 1692 pa-

2165 463 2271 530 put
2296 459 2858 531 Manasse.Dixitque
2873 456 2948 511 ad
2971 458 3231 527 patrem:
3252 453 3383 506 Non
3412 451 3496 507 ita
3525 454 3826 521 convenit,

2166 553 2365 619 pater:
2398 549 2545 619 quia
2590 548 2685 603 hic
2719 554 2805 603 est
2847 543 3285 618 prmogenitus,
3312 556 3475 613 pone
3506 541 3830 601 dexteram

2168 652 2344 707 super
2364 642 2542 709 caput
2570 637 2716 707 ejus.
2752 636 2857 701 Qui
2907 648 3183 696 renuens,
3218 630 3303 686 ait
3336 645 3347 681 :
3395 630 3526 687 Scio
3590 632 3677 687 ﬁli
3718 634 3827 697 mi,

2168 726 2288 780 scio
2318 744 2330 777 :
2358 730 2415 781 et
2437 726 2545 781 iste
2561 726 2669 780 erit
2695 724 2941 797 quidem
2970 721 3029 777 in
3060 719 3339 792 populos,
3374 724 3430 775 et
3461 720 3831 791 multiplica-

2166 813 2325 869 bitur
2358 834 2368 871 :
2399 815 2503 870 sed
2536 814 2712 869 frater
2736 813 2863 883 ejus
2873 811 3099 882 junior,
3132 810 3326 879 major
3352 809 3451 864 illo
3475 808 3620 865 erit:
3650 815 3709 866 et
3740 826 3834 867 se-

2172 919 2307 959 men
2333 903 2488 958 illius
2513 902 2807 959 crescetin
2820 898 3479 970 gentes.Benedixitque
3507 898 3673 955 eisin
3691 900 3830 972 ipso

2172 994 2434 1064 tempore
2492 992 2696 1047 dicens
2750 991 2859 1046 :In
2907 994 2961 1045 te
3011 987 3395 1044 benedicetur
3426 987 3621 1053 Israel,
3645 993 3833 1062 atque

2172 1080 2397 1136 dicetur
2436 1096 2449 1134 :
2482 1079 2684 1135 Faciat
2721 1079 2825 1135 tibi
2854 1082 3009 1134 Deus
3048 1076 3199 1132 sicut
3232 1075 3533 1147 Ephraim,
3565 1080 3622 1133 et
3674 1078 3835 1135 sicut

2172 1171 2465 1225 Manasse.
2497 1168 2927 1239 Constituitque
2948 1165 3230 1238 Ephraim
3252 1168 3388 1220 ante
3411 1167 3751 1222 Manassen.
3767 1168 3836 1221 Et

2174 1258 2254 1314 ait
2283 1258 2360 1314 ad
2376 1257 2597 1330 Joseph
2624 1257 2813 1312 ﬁlium
2846 1271 3025 1310 suum
3050 1271 3061 1304 :
3107 1256 3191 1309 En
3221 1268 3333 1323 ego
3365 1254 3606 1324 morior,
3638 1258 3698 1310 et
3726 1255 3840 1311 erit

2179 1350 2334 1403 Deus
2363 1344 3069 1416 vobiscum,reducetque
3098 1358 3208 1398 vos
3233 1341 3311 1397 ad
3345 1346 3562 1397 terram
3592 1348 3839 1414 patrum

2174 1438 2653 1493 vestrorum.Deo
2676 1435 2781 1489 tibi
2801 1440 3035 1506 partem
3058 1448 3243 1487 unam
3272 1436 3438 1487 extra
3448 1431 3652 1487 fratres
3675 1437 3834 1497 tuos,

2174 1542 2357 1599 quam
2380 1524 2482 1580 tuli
2497 1524 2570 1579 de
2584 1539 2769 1580 manu
2787 1520 3119 1578 Amorrhaai
3147 1521 3209 1577 in
3226 1519 3427 1590 gladio
3443 1524 3501 1576 et
3511 1535 3651 1576 arcu
3670 1536 3834 1591 meo.

2175 1626 2241 1685 ἣν.
2272 1619 2477 1669 Amen.

416 1722 501 1774 ter
528 1716 656 1785 ejus
683 1731 695 1768 :
726 1712 853 1784 qui,
883 1711 1201 1781 assumptis
1230 1711 1469 1766 duobus
1496 1710 1631 1765 ﬁliis
1661 1711 1782 1765 suis
1803 1713 2067 1766 Manasse
2100 1714 2146 1769 B
2247 1703 2592 1771 Antiphona
2614 1706 2663 1756 t.
2694 1702 2779 1756 Da
2800 1700 2976 1756 nobis
3007 1698 3569 1763 auxilium,Deus,in
3588 1697 3835 1755 tribula-

417 1810 475 1862 et
503 1803 805 1876 Ephraim,
834 1800 1102 1871 perrexit.
1153 1800 1503 1871 Dictumque
1530 1804 1617 1854 est
1642 1799 1767 1854 seni
1791 1815 1803 1854 :
1830 1802 1973 1854 Ecce
1997 1799 2072 1853 ﬁ-

416 1895 535 1950 lius
559 1898 695 1947 tuus
716 1889 935 1960 Joseph
955 1888 1111 1943 venit
1133 1889 1209 1943 ad
1236 1888 1429 1953 te.Qui
1452 1888 1815 1943 confortatus
1842 1888 1992 1942 sedit
2009 1887 2072 1942 in

414 1981 651 2039 lectulo.
672 1983 735 2034 Et
753 1980 1024 2050 ingresso
1042 1978 1119 2033 ad
1141 1994 1202 2034 se
1218 1980 1479 2034 ait:Deus
1490 1977 1869 2048 omnipotens
1891 1993 2074 2048 appa-

417 2072 535 2127 ruit
562 2068 709 2124 mihi
730 2068 790 2122 in
818 2070 1128 2138 Luza,quaa
1160 2071 1247 2123 est
1274 2068 1335 2122 in
1368 2072 1522 2122 terra
1544 2067 1829 2122 Chanaan
1857 2084 1869 2121 :
1894 2066 2070 2121 bene-

419 2160 681 2228 dixitque
704 2155 871 2220 mihi,
893 2160 948 2209 et
968 2155 1049 2209 ait
1069 2172 1082 2207 :
1102 2157 1222 2223 Ego
1239 2159 1294 2209 te
1316 2154 1548 2225 augebo
1566 2159 1621 2209 et
1639 2154 2069 2226 multiplicabo,

420 2252 476 2303 et
504 2246 723 2302 faciam
750 2244 879 2299 tein
891 2244 1099 2299 turbas
1115 2244 1479 2315 populorum
1505 2243 1817 2314 :daboque
1846 2243 1950 2299 tibi
1968 2248 2078 2301 ter-

419 2352 553 2395 ram
577 2336 753 2400 hanc,
785 2336 843 2389 et
880 2332 1097 2388 semini
1135 2336 1238 2388 tuo
1265 2336 1400 2403 post
1428 2337 1503 2400 te,
1536 2332 1597 2387 in
1636 2334 2079 2403 possessionem

423 2424 1006 2496 sempiternam.Duo
1032 2435 1173 2489 ergo
1194 2420 1298 2475 ﬁlii
1320 2420 1425 2487 tui,
1450 2420 1553 2492 qui
1574 2422 1696 2475 nati
1724 2426 1863 2476 sunt
1881 2422 2080 2477 tibiin-

421 2518 577 2571 terra
608 2510 844 2581 Egypti
876 2513 1201 2580 antequam
1260 2509 1378 2563 huc
1430 2510 1697 2564 venirem
1749 2510 1827 2565 ad
1858 2515 1930 2576 te,
1963 2514 2081 2567 mei

424 2604 635 2657 erunt:
665 2596 964 2667 Ephraim,
997 2600 1053 2650 et
1078 2598 1401 2661 Manasses,
1458 2595 1607 2650 sicut
1648 2596 1856 2651 Ruben
1915 2602 1971 2653 et
2003 2598 2082 2653 Si-

424 2703 605 2744 meon
626 2683 1065 2756 reputabuntur
1083 2682 1250 2737 mihi.
1286 2682 1560 2755 Reliquos
1586 2689 1785 2739 autem
1817 2700 1971 2755 quos
1987 2693 2084 2755 ge"

418 2776 622 2833 nueris
651 2777 789 2844 post
817 2787 942 2837 eos,
984 2771 1071 2825 tui
1104 2776 1295 2839 erunt,
1319 2776 1380 2827 et
1402 2786 1469 2826 ex
1488 2771 1733 2827 nomine
1774 2772 1946 2845 194
1964 2773 2081 2829 fra-

422 2868 581 2920 trum
612 2876 859 2917 suorum
883 2860 1262 2917 vocabuntur
1310 2861 1371 2916 in
1416 2862 1904 2932 possessionibus
1936 2863 2078 2927 suis,

421 2950 557 3005 Mihi
581 2945 1014 3018 enim,quando
1034 2948 1348 3003 veniebam
1366 2948 1440 3003 de
1463 2949 1905 3019 Mesopotamia,
1926 2964 2080 3004 mor-

2179 1793 2354 1847 tione.
2387 1792 2668 1847 Psalmus.
2701 1806 2812 1845 LIX.

2251 1881 2475 1936 Oratio.
2486 1883 2568 1935 Da
2587 1878 2761 1934 nobis
2773 1878 3022 1934 Domine
3043 1875 3333 1933 auxilium
3348 1875 3409 1931 in
3420 1874 3804 1931 tribulatione
3822 1891 3837 1941 ;

2177 1970 2281 2042 qui
2306 1984 2461 2024 vana
2487 1973 2575 2022 est
2604 1967 2767 2022 salus
2793 1966 2871 2022 ab
2892 1966 3136 2021 homine
3162 1964 3257 2019 :in
3282 1971 3336 2020 te
3360 1964 3521 2020 enim
3542 1964 3837 2019 faciemus

2179 2058 2477 2124 virtutem,
2510 2056 2696 2127 quiet
2748 2054 3047 2109 contortas
3078 2052 3356 2121 famulos,
3388 2057 3446 2108 et
3475 2052 3555 2109 ad
3582 2051 3839 2108 nihilum

2180 2146 2398 2215 redigis
2428 2144 2718 2199 inimicos.
2747 2154 2811 2211 ﬁ.
2836 2146 3042 2198 Amen.

2254 2234 2383 2288 Per.

2254 2322 2606 2391 Antiphona
2622 2325 2673 2376 2.
2699 2320 2906 2376 Omnis
2948 2322 3105 2375 terra
3141 2317 3350 2375 adoret
3377 2320 3433 2374 te
3461 2318 3755 2383 Domine;
3790 2304 3847 2373 et

2186 2410 2518 2481 tibipsallat
2530 2408 2660 2464 vitas
2681 2407 2997 2480 participio
3023 2407 3383 2478 incorrupta
3407 2425 3421 2460 :
3450 2411 3515 2463 ut
3548 2408 3851 2463 sicutsunt

2188 2499 2394 2556 omnia
2420 2504 2524 2554 tuo
2554 2498 2810 2553 formata
2854 2496 3113 2568 opiﬁcio,
3146 2496 3228 2553 ita
3256 2500 3474 2553 cuncta
3499 2500 3603 2552 tuo
3629 2496 3854 2567 pariter

2190 2587 2526 2643 subdantur
2554 2585 2825 2658 imperio.
2859 2596 2923 2655 Β),
2956 2590 3164 2641 Amen.

2260 2678 2390 2732 Per.

2260 2765 2739 2833 Ants'phonasln
2770 2762 3136 2833 adjutorium
3177 2765 3447 2818 nostrum
3479 2760 3719 2817 intende
3735 2762 3854 2818 Do-

2190 2856 2383 2910 mine:
2418 2853 2496 2909 ad
2526 2852 2944 2923 adjuvandum
2971 2868 3085 2908 nos
3122 2850 3357 2908 festina.
3388 2851 3652 2908 Psalmus
3688 2867 3855 2907 uix.

2260 2944 2553 3012 Hymnus.
2576 2943 2619 2997 Ο
2641 2944 2957 2997 Nazarene.
3000 2942 3114 3010 fol.
3150 2944 3270 3004 144,

421 3041 526 3093 tua
554 3040 642 3091 est
694 3034 913 3089 Rachel
949 3034 1010 3089 in
1052 3038 1205 3089 terra
1257 3034 1539 3091 Chanaan
1568 3036 1630 3089 in
1666 3036 1798 3107 ipso
1851 3037 2074 3107 itinere,

2263 3030 2635 3100 CapitulaJn
2649 3030 2747 3100 adj
2758 3034 2993 3085 utorum
3016 3033 3289 3085 nostrum
3305 3028 3543 3085 intende
3561 3029 3816 3085 Domine
3834 3045 3850 3096 ;

424 3132 669 3195 eratque
687 3137 937 3177 vernum
979 3126 1299 3193 tempus:et
1320 3123 1697 3193 ingrediebar
1727 3124 2073 3195 Ephratam,

425 3216 481 3268 et
501 3211 739 3282 sepelivi
766 3226 901 3265 eam
925 3211 1097 3281 juxta
1122 3210 1282 3265 viam
1322 3212 1614 3282 Ephrataa,
1647 3228 1783 3283 quae
1815 3213 1931 3267 alio
1968 3229 2075 3269 no-

424 3301 585 3357 mine
632 3298 966 3371 appellatur
1009 3298 1362 3354 Bethlehem.
1420 3300 1639 3355 Videns
1672 3304 1872 3357 autem
1920 3301 2073 3357 ﬁlios

425 3389 573 3459 ejus,
612 3386 761 3441 dixit
776 3384 855 3441 ad
882 3400 1054 3440 eum:
1084 3385 1195 3450 Qui
1225 3389 1363 3441 sunt
1382 3386 1475 3441 isti
1504 3386 1532 3441 ‘I
1562 3387 1885 3459 Respondit
1916 3388 2074 3446 :Filii

424 3476 545 3532 mei
566 3479 721 3540 sunt,
746 3490 902 3545 quos
926 3474 1403 3529 deditmihiDeus
1421 3474 1482 3529 in
1521 3476 1635 3531 hoc
1661 3475 1812 3531 loco.
1840 3476 2069 3542 Adduc,

428 3562 753 3633 inquit,eos
783 3562 863 3617 ad
890 3578 1007 3627 me,
1036 3567 1101 3618 ut
1125 3562 1481 3619 benedicam
1509 3564 1638 3619 illis.
1669 3564 1831 3620 Oculi
1872 3569 2071 3620 autem

432 3649 620 3705 lsrael
644 3648 1046 3718 caligaverant
1064 3666 1185 3722 prae
1202 3652 1390 3707 nimia
1412 3656 1792 3723 senectute,et
1815 3653 1971 3709 clare
1990 3653 2073 3708 vi-

428 3737 568 3793 dere
587 3752 710 3792 non
729 3741 981 3807 poterat.
1009 3740 1448 3812 Applicatisque
1478 3741 1555 3796 ad
1585 3757 1667 3806 se,
1696 3741 2072 3797 deosculatus

428 3830 601 3890 est,et
629 3825 1244 3896 circumplexus,dixit
1274 3828 1352 3883 ad
1367 3828 1587 3884 ﬁlium:
1608 3833 1734 3885 Non
1757 3846 1891 3885 sum
1918 3830 2073 3885 frau-

430 3914 608 3969 datus
624 3918 871 3984 aspectu
892 3917 1027 3969 tuo:
1054 3914 1301 3987 insuper
1328 3918 1589 3972 ostendit
1617 3918 1765 3974 mihi
1783 3918 2071 3973 Dominus

431 4019 638 4060 semen
662 4006 1127 4075 tuum.Cumque
1148 4005 1373 4061 tulisset
1386 4021 1489 4061 eos
1507 4009 1730 4079 Joseph
1758 4008 1832 4063 de
1850 4009 2074 4078 gremio

430 4094 638 4164 patris,
658 4092 922 4147 adoravit
939 4107 1163 4163 pronus
1178 4092 1238 4146 in
1253 4097 1471 4148 terram
1486 4100 1563 4149 :et
1584 4096 1785 4165 posuit
1797 4097 2077 4167 Ephraim

429 4180 509 4237 ad
528 4180 833 4235 dexteram
853 4180 1115 4245 suam,id
1140 4180 1331 4244 est,ad
1362 4182 1661 4238 sinistram
1694 4184 1870 4240 lsrael
1899 4200 1912 4236 :
1963 4187 2077 4239 Ma-

431 4283 651 4324 nassen
679 4283 821 4325 vero
844 4269 905 4323 in
957 4269 1192 4324 sinistra
1222 4284 1351 4331 sua,
1396 4270 1474 4325 ad
1502 4271 1806 4328 dexteram
1859 4271 2081 4328 scilicet

2188 3134 2418 3190 nosque
2447 3118 2525 3174 ad
2541 3118 2639 3188 adj
2651 3118 2958 3173 uvandum
2980 3117 3223 3172 festina:
3246 3116 3394 3171 nihil
3421 3116 3576 3172 enim
3590 3117 3649 3172 in
3666 3116 3853 3173 bonis

2185 3207 2465 3279 operibus
2496 3210 2747 3263 conatus
2786 3206 2975 3262 nostri
2996 3212 3052 3262 te
3078 3207 3394 3263 desistente
3418 3206 3769 3278 proﬁciunt;
3804 3222 3839 3262 ε

2183 3311 2305 3368 quo
2367 3311 2607 3365 gressus
2657 3311 2867 3351 omnes
2921 3295 3297 3364 diriguntur:
3339 3300 3403 3351 tu
3427 3310 3493 3351 es
3529 3295 3709 3365 enim,
3741 3310 3853 3366 per

2182 3400 2365 3456 quem
2386 3388 2594 3439 nostra
2630 3384 2949 3441 roboratur
2970 3383 3283 3454 fragilitas.

2251 3476 2418 3530 Pater
2440 3476 2659 3529 noster.

2792 3562 2877 3617 Ad
2910 3562 3237 3633 Vesperum.

2250 3650 2606 3706 llluminatio
2628 3665 2783 3715 mea,
2810 3654 2864 3705 et
2894 3650 3058 3706 salus
3089 3666 3225 3706 mea
3248 3649 3555 3706 Dominus.

2251 3739 2537 3795 Dominus
2559 3744 2634 3794 sit
2665 3754 2900 3810 semper
2923 3738 3259 3793 vobiscum.
3294 3749 3359 3807 ἢ.
3393 3740 3647 3794 Etcum.

2250 3828 2608 3896 Antiphona.
2632 3826 2967 3883 Benedictio
2991 3827 3221 3883 Domini
3252 3842 3542 3897 supervos
3565 3843 3580 3880 :
3604 3826 3852 3883 benedi'

2183 3915 2376 3971 cimus
2401 3916 2462 3971 in
2485 3916 2728 3972 nomine
2754 3915 2989 3971 Domini
3026 3916 3254 3972 Psalm.
3281 3930 3513 3971 cxxvm.

2252 4005 2483 4061 Lauda.
2500 4008 2711 4060 Averte
2726 4004 2931 4060 oculos
2948 4020 3121 4059 meos
3145 4019 3221 4059 ne
3257 4004 3497 4060 videant
3517 4004 3850 4061 vanitatem

2182 4093 2249 4147 P.
2282 4094 2346 4147 Et
2388 4092 2449 4148 in
2504 4093 2602 4148 via
2647 4097 2752 4148 tua
2804 4092 3037 4149 viviﬁca
3080 4108 3197 4158 me,
3252 4093 3519 4148 Domine.
3561 4091 3609 4153 ῒ
3645 4094 3850 4149 Statue

2186 4197 2354 4237 servo
2370 4185 2471 4236 tuo
2501 4181 2805 4252 eloquium
2836 4186 3026 4247 tuum,
3067 4180 3129 4236 in
3160 4180 3375 4237 timore
3402 4184 3523 4238 tuo.
3551 4182 3634 4239 P.
3676 4182 3744 4237 Et
3762 4180 3845 4236 in.

2186 4269 2249 4331 ir.
2282 4269 2495 4334 Gloria,
2538 4273 2645 4323 etc.
2674 4271 2744 4323 P.
2779 4272 2845 4324 Et
2872 4268 2956 4327 in.

428 4357 638 4429 patris,
661 4357 1099 4428 applicavitque
1120 4357 1333 4413 ambos
1360 4358 1611 4415 adeum.
1630 4361 1738 4425 Qui
1760 4364 2082 4416 extendens
2115 4400 2160 4455 Β
2190 4358 2485 4425 Hymnus.
2519 4356 2737 4412 Christe
2766 4356 2962 4412 lucem
2991 4361 3365 4429 perpetuum.
3403 4357 3517 4427 fol.
3585 4361 3707 4413 155.
3740 4358 3851 4413 Ca-

429 4460 683 4502 manum
702 4445 1029 4510 dexteram,
1057 4446 1257 4516 posuit
1286 4463 1465 4518 super
1493 4454 1671 4520 caput
1690 4449 1973 4520 Ephraim
1993 4450 2084 4518 ju-

430 4534 618 4589 nioris
634 4533 799 4589 fatris
823 4555 837 4588 :
860 4534 1157 4589 sinistram
1178 4539 1380 4590 autem
1412 4552 1589 4608 super
1612 4542 1793 4608 caput
1822 4540 2086 4592 Manasse

431 4622 539 4693 qui
562 4622 753 4693 major
771 4628 918 4677 natu
937 4628 1081 4688 erat,
1100 4629 1478 4680 commutans
1501 4640 1740 4680 manus.
1787 4624 2089 4682 Benedixit

432 4724 549 4779 que
577 4709 760 4765 Jacob
780 4709 933 4765 ﬁlios
950 4712 1189 4783 Joseph,
1221 4716 1278 4767 et
1303 4711 1387 4768 ait
1416 4731 1427 4764 :
1456 4713 1627 4777 Deus,
1658 4714 1718 4767 in
1749 4712 1919 4782 cujus
1946 4727 2086 4767 con-

434 4803 643 4867 spectu
672 4797 1134 4855 ambulaverunt
1150 4805 1349 4872 patres
1370 4802 1487 4856 mei
1505 4801 1807 4856 Abraham
1824 4805 1881 4855 et
1900 4801 2085 4883 Isaac,

433 4882 590 4939 Deus
619 4886 722 4955 qui
754 4888 947 4957 pascit
972 4904 1071 4943 me
1107 4887 1184 4943 ab
1222 4889 1627 4945 adolescentia
1651 4904 1787 4943 mea
1814 4903 2007 4959 usque
2027 4882 2088 4944 in

434 4977 789 5043 praesentem
810 4974 969 5031 diem
996 4992 1011 5027 :
1042 4976 1431 5049 Angelus,qui
1460 4978 1608 5032 eruit
1632 4992 1729 5031 me
1758 4976 1831 5031 de
1862 4976 2087 5031 cunctis

433 5060 609 5116 malis
637 5060 952 5119 benedicat
968 5065 1166 5136 pueris
1190 5066 1315 5120 istis
1345 5082 1358 5119 :
1383 5070 1439 5121 et
1460 5066 1767 5121 invocetur
1782 5080 1959 5137 super
1977 5065 2087 5121 hos

431 5163 647 5204 nomen
662 5152 1109 5220 meum,nomina
1123 5168 1363 5225 quoque
1381 5158 1608 5225 patrum
1626 5170 1893 5208 meorum
1913 5155 2089 5210 Abra-

434 5238 578 5294 ham
608 5243 663 5293 et
708 5239 895 5304 Isaac,
957 5245 1013 5296 et
1038 5247 1309 5297 crescant
1355 5242 1415 5298 in
1442 5243 1880 5298 multitudinem
1912 5259 2087 5314 super

433 5330 673 5383 terram.
701 5328 917 5383 Videns
950 5334 1149 5384 autem
1178 5331 1393 5401 Joseph
1418 5332 1583 5401 quod
1608 5333 1893 5402 posuisset
1924 5338 2088 5403 pater

438 5430 583 5468 suus
606 5415 911 5472 dexteram
950 5432 1200 5471 manum
1223 5432 1403 5487 super
1423 5423 1600 5487 caput
1635 5420 1931 5489 Ephraim,
1959 5434 2089 5489 gra-

437 5500 585 5558 viter
596 5504 825 5574 accepit
846 5519 860 5559 :
879 5508 937 5561 et
951 5505 1390 5575 apprehensam
1415 5516 1667 5562 manum
1682 5507 1871 5577 patris
1894 5505 2087 5561 levare

2191 4446 2411 4515 pitula.
2437 4444 2632 4500 Servis
2659 4445 2774 4500 tuis
2802 4446 2918 4513 fol.
2956 4446 3078 4503 189.
3130 4446 3352 4514 Lauda,
3414 4446 3498 4502 Ne
3546 4444 3745 4502 oferas
3774 4445 3851 4501 de

2198 4550 2322 4591 ore.
2352 4535 2465 4603 fol.
2491 4538 2612 4589 191.

2797 4638 3013 4687 QUARTA
3052 4638 3233 4679 FERIA.

2748 4711 2833 4765 Ad
2877 4712 3264 4767 Mammium.

2267 4798 2637 4868 Antiphona.
2671 4798 2867 4855 Gloria
2891 4814 3044 4854 mea.
3067 4801 3178 4868 fol.
3214 4804 3334 4857 156.
3356 4800 3585 4855 Psalm.
3607 4814 3690 4855 ιιι.
3708 4799 3851 4855 Ora-

2198 4888 2299 4944 tio.
2331 4888 2525 4943 Gloria
2554 4891 2756 4943 nostra
2784 4889 2937 4943 Deus
2965 4894 3185 4943 noster.
3216 4890 3327 4957 fol.
3365 4889 3486 4943 156.

2265 4977 2612 5047 Antiphonti
2625 4979 2656 5032 1
2670 4979 3004 5031 ,Cantemus
3036 4976 3286 5031 Domino
3306 4976 3381 5031 de
3400 4975 3649 5032 canticis
3667 4976 3809 5033 Sion
3833 4992 3848 5041 ;

2194 5069 2260 5121 ut
2282 5064 2623 5120 recordetur
2643 5064 2919 5131 nostri,et
2951 5062 3155 5119 liberet
3183 5079 3295 5119 nos
3320 5064 3596 5119 Psalmus
3618 5078 3851 5119 cxxxvr.

2266 5154 2484 5209 Oratio.
2518 5152 2952 5219 Peregrinantis
2974 5151 3249 5207 Ecclesiae
3292 5153 3857 5217 tuae,Domine,me-

2194 5257 2325 5297 mor
2341 5246 2497 5295 esto:
2518 5256 2585 5294 ac
2599 5240 2742 5294 dum
2758 5255 2938 5309 super
2955 5240 3206 5295 ﬂumina
3229 5240 3551 5311 Babylonis
3571 5240 3857 5297 deflentes

2196 5328 2895 5397 sedimus,praatereuntis
2919 5328 3355 5399 saaculiimpetu
3372 5344 3495 5383 non
3542 5329 3857 5385 trahamur

2198 5416 2296 5473 sed
2324 5416 2688 5486 aprtnsentis
2716 5416 2850 5471 vitae
2904 5415 3135 5472 liberati
3186 5417 3475 5485 contagio,
3527 5417 3607 5472 ad
3652 5419 3855 5474 Hieru-

2200 5504 2386 5561 salem
2410 5518 2738 5575 supernam
2764 5507 2972 5563 nostra
2984 5504 3243 5575 erigatur
3259 5504 3527 5564 intentio.
3559 5514 3622 5575 ﬁ.
3659 5506 3855 5565 Amen
