  <div class='ocr_page' id='page_1' title='image "/cluster/home/n/w/nwhite01/storage/ocr_20150623/86/hvd.32044054758909/180.png"; bbox 0 0 4102 6176; ppageno 0'>
   <div class='ocr_carea' id='block_1_1' title="bbox 203 275 318 333">
    <p class='ocr_par' dir='ltr' id='par_1_1' title="bbox 203 275 318 333">
     <span class='ocr_line' id='line_1_1' title="bbox 203 275 318 333; baseline -0.009 0"><span class='ocrx_word' id='word_1_1' title='bbox 203 275 318 333; x_wconf 68' lang='grc'>349</span> 
     </span>
    </p>
   </div>
   <div class='ocr_carea' id='block_1_2' title="bbox 280 392 917 455">
    <p class='ocr_par' dir='ltr' id='par_1_2' title="bbox 280 392 917 455">
     <span class='ocr_line' id='line_1_2' title="bbox 280 392 917 455; baseline -0.006 0"><span class='ocrx_word' id='word_1_2' title='bbox 280 399 397 455; x_wconf 83' lang='lat' dir='ltr'>Per</span> <span class='ocrx_word' id='word_1_3' title='bbox 424 392 917 453; x_wconf 86' lang='lat' dir='ltr'>misericordiam.</span> 
     </span>
    </p>
   </div>
   <div class='ocr_carea' id='block_1_3' title="bbox 293 483 1864 558">
    <p class='ocr_par' dir='ltr' id='par_1_3' title="bbox 293 483 1864 558">
     <span class='ocr_line' id='line_1_3' title="bbox 293 483 1864 558; baseline -0.001 -15"><span class='ocrx_word' id='word_1_4' title='bbox 293 487 466 558; x_wconf 82' lang='lat'>195</span> <span class='ocrx_word' id='word_1_5' title='bbox 506 483 862 549; x_wconf 72' lang='lat' dir='ltr'>Antiphone</span> <span class='ocrx_word' id='word_1_6' title='bbox 888 488 940 538; x_wconf 86' lang='lat'>2.</span> <span class='ocrx_word' id='word_1_7' title='bbox 964 483 1143 540; x_wconf 89' lang='lat' dir='ltr'>Nobis</span> <span class='ocrx_word' id='word_1_8' title='bbox 1163 484 1468 541; x_wconf 85' lang='lat' dir='ltr'>adhmrere</span> <span class='ocrx_word' id='word_1_9' title='bbox 1497 488 1615 542; x_wconf 93' lang='lat' dir='ltr'>Deo</span> <span class='ocrx_word' id='word_1_10' title='bbox 1631 485 1864 542; x_wconf 88' lang='lat' dir='ltr'>bonum</span> 
     </span>
    </p>
   </div>
   <div class='ocr_carea' id='block_1_4' title="bbox 206 572 1865 647">
    <p class='ocr_par' dir='ltr' id='par_1_4' title="bbox 206 572 1865 647">
     <span class='ocr_line' id='line_1_4' title="bbox 206 572 1865 647; baseline -0.002 -13"><span class='ocrx_word' id='word_1_11' title='bbox 206 581 304 634; x_wconf 87' lang='lat' dir='ltr'>est</span> <span class='ocrx_word' id='word_1_12' title='bbox 333 595 350 629; x_wconf 89' lang='lat'><strong><em>:</em></strong></span> <span class='ocrx_word' id='word_1_13' title='bbox 380 589 604 647; x_wconf 91' lang='lat' dir='ltr'>ponere</span> <span class='ocrx_word' id='word_1_14' title='bbox 633 572 697 628; x_wconf 88' lang='lat' dir='ltr'>in</span> <span class='ocrx_word' id='word_1_15' title='bbox 726 572 981 629; x_wconf 90' lang='lat' dir='ltr'>Domino</span> <span class='ocrx_word' id='word_1_16' title='bbox 1038 589 1208 645; x_wconf 88' lang='lat' dir='ltr'><strong>spem</strong></span> <span class='ocrx_word' id='word_1_17' title='bbox 1251 575 1546 634; x_wconf 88' lang='lat' dir='ltr'>nostram.</span> <span class='ocrx_word' id='word_1_18' title='bbox 1577 575 1865 632; x_wconf 76' lang='lat' dir='ltr'>Psatmus</span> 
     </span>
    </p>
   </div>
   <div class='ocr_carea' id='block_1_5' title="bbox 208 680 379 721">
    <p class='ocr_par' dir='ltr' id='par_1_5' title="bbox 208 680 379 721">
     <span class='ocr_line' id='line_1_5' title="bbox 208 680 379 721; baseline -0.023 0"><span class='ocrx_word' id='word_1_19' title='bbox 208 680 358 721; x_wconf 72' lang='lat' dir='ltr'>LXXII</span> <span class='ocrx_word' id='word_1_20' title='bbox 368 704 379 717; x_wconf 92' lang='lat'>.</span> 
     </span>
    </p>
   </div>
   <div class='ocr_carea' id='block_1_6' title="bbox 284 749 1865 819">
    <p class='ocr_par' dir='ltr' id='par_1_6' title="bbox 284 749 1865 819">
     <span class='ocr_line' id='line_1_6' title="bbox 284 749 1865 819; baseline 0 -10"><span class='ocrx_word' id='word_1_21' title='bbox 284 753 509 809; x_wconf 78' lang='lat' dir='ltr'>Oratio.</span> <span class='ocrx_word' id='word_1_22' title='bbox 543 749 728 807; x_wconf 88' lang='lat' dir='ltr'>Nobis</span> <span class='ocrx_word' id='word_1_23' title='bbox 741 749 1046 807; x_wconf 85' lang='lat' dir='ltr'>adhmrere</span> <span class='ocrx_word' id='word_1_24' title='bbox 1067 753 1186 807; x_wconf 91' lang='lat' dir='ltr'>Deo</span> <span class='ocrx_word' id='word_1_25' title='bbox 1236 750 1458 809; x_wconf 88' lang='lat' dir='ltr'>bonum</span> <span class='ocrx_word' id='word_1_26' title='bbox 1490 755 1599 819; x_wconf 92' lang='lat' dir='ltr'>est,</span> <span class='ocrx_word' id='word_1_27' title='bbox 1634 752 1738 808; x_wconf 85' lang='lat' dir='ltr'>tibi</span> <span class='ocrx_word' id='word_1_28' title='bbox 1760 755 1865 809; x_wconf 89' lang='lat' dir='ltr'>Do-</span> 
     </span>
    </p>
   </div>
   <div class='ocr_carea' id='block_1_7' title="bbox 206 838 1865 898">
    <p class='ocr_par' dir='ltr' id='par_1_7' title="bbox 206 838 1865 898">
     <span class='ocr_line' id='line_1_7' title="bbox 206 838 1865 898; baseline -0.001 0"><span class='ocrx_word' id='word_1_29' title='bbox 206 841 378 898; x_wconf 90' lang='lat' dir='ltr'>mino</span> <span class='ocrx_word' id='word_1_30' title='bbox 396 841 634 895; x_wconf 91' lang='lat' dir='ltr'>bonum</span> <span class='ocrx_word' id='word_1_31' title='bbox 645 843 733 895; x_wconf 89' lang='lat' dir='ltr'>est</span> <span class='ocrx_word' id='word_1_32' title='bbox 760 860 773 894; x_wconf 90' lang='lat'><strong>:</strong></span> <span class='ocrx_word' id='word_1_33' title='bbox 793 838 896 894; x_wconf 92' lang='lat' dir='ltr'>sed</span> <span class='ocrx_word' id='word_1_34' title='bbox 927 842 991 895; x_wconf 90' lang='lat' dir='ltr'>tu</span> <span class='ocrx_word' id='word_1_35' title='bbox 1020 839 1382 897; x_wconf 83' lang='lat' dir='ltr'>desiderium</span> <span class='ocrx_word' id='word_1_36' title='bbox 1399 842 1541 897; x_wconf 89' lang='lat' dir='ltr'>boni</span> <span class='ocrx_word' id='word_1_37' title='bbox 1573 842 1657 897; x_wconf 91' lang='lat' dir='ltr'>sic</span> <span class='ocrx_word' id='word_1_38' title='bbox 1683 841 1747 897; x_wconf 88' lang='lat' dir='ltr'>in</span> <span class='ocrx_word' id='word_1_39' title='bbox 1762 857 1865 898; x_wconf 91' lang='lat' dir='ltr'>no-</span> 
     </span>
    </p>
   </div>
   <div class='ocr_carea' id='block_1_8' title="bbox 204 927 1867 1000">
    <p class='ocr_par' dir='ltr' id='par_1_8' title="bbox 204 927 1867 1000">
     <span class='ocr_line' id='line_1_8' title="bbox 204 927 1867 1000; baseline 0.001 -15"><span class='ocrx_word' id='word_1_40' title='bbox 204 929 303 985; x_wconf 89' lang='lat' dir='ltr'>bis</span> <span class='ocrx_word' id='word_1_41' title='bbox 350 927 703 994; x_wconf 83' lang='lat' dir='ltr'>accumula;</span> <span class='ocrx_word' id='word_1_42' title='bbox 734 931 799 982; x_wconf 90' lang='lat' dir='ltr'>ut</span> <span class='ocrx_word' id='word_1_43' title='bbox 828 942 983 998; x_wconf 88' lang='lat' dir='ltr'>spes,</span> <span class='ocrx_word' id='word_1_44' title='bbox 1013 942 1271 1000; x_wconf 89' lang='lat' dir='ltr'>qumnos</span> <span class='ocrx_word' id='word_1_45' title='bbox 1287 929 1392 986; x_wconf 87' lang='lat' dir='ltr'>tibi</span> <span class='ocrx_word' id='word_1_46' title='bbox 1405 931 1679 997; x_wconf 87' lang='lat' dir='ltr'>associat,</span> <span class='ocrx_word' id='word_1_47' title='bbox 1700 929 1867 987; x_wconf 89' lang='lat' dir='ltr'>nulla</span> 
     </span>
    </p>
   </div>
   <div class='ocr_carea' id='block_1_9' title="bbox 207 1015 1865 1077">
    <p class='ocr_par' dir='ltr' id='par_1_9' title="bbox 207 1015 1865 1077">
     <span class='ocr_line' id='line_1_9' title="bbox 207 1015 1865 1077; baseline 0.001 -4"><span class='ocrx_word' id='word_1_48' title='bbox 207 1016 353 1074; x_wconf 85' lang='lat' dir='ltr'>ﬁdei</span> <span class='ocrx_word' id='word_1_49' title='bbox 386 1016 743 1073; x_wconf 89' lang='lat' dir='ltr'>titubatione</span> <span class='ocrx_word' id='word_1_50' title='bbox 758 1015 993 1072; x_wconf 78' lang='lat' dir='ltr'>vacillet</span> <span class='ocrx_word' id='word_1_51' title='bbox 1027 1017 1170 1073; x_wconf 87' lang='lat' dir='ltr'>:sed</span> <span class='ocrx_word' id='word_1_52' title='bbox 1194 1017 1499 1076; x_wconf 85' lang='lat' dir='ltr'>charitatis</span> <span class='ocrx_word' id='word_1_53' title='bbox 1549 1019 1865 1077; x_wconf 78' lang='lat' dir='ltr'>stabilitate</span> 
     </span>
    </p>
   </div>
   <div class='ocr_carea' id='block_1_10' title="bbox 209 1106 861 1178">
    <p class='ocr_par' dir='ltr' id='par_1_10' title="bbox 209 1106 861 1178">
     <span class='ocr_line' id='line_1_10' title="bbox 209 1106 861 1178; baseline -0.002 -16"><span class='ocrx_word' id='word_1_54' title='bbox 209 1106 511 1178; x_wconf 84' lang='lat' dir='ltr'>perduret.</span> <span class='ocrx_word' id='word_1_55' title='bbox 545 1115 611 1177; x_wconf 54' lang='lat' dir='ltr'>an</span> <span class='ocrx_word' id='word_1_56' title='bbox 645 1108 861 1161; x_wconf 82' lang='lat' dir='ltr'>Amen.</span> 
     </span>
    </p>
   </div>
   <div class='ocr_carea' id='block_1_11' title="bbox 281 1194 1111 1251">
    <p class='ocr_par' dir='ltr' id='par_1_11' title="bbox 281 1194 1111 1251">
     <span class='ocr_line' id='line_1_11' title="bbox 281 1194 1111 1251; baseline 0.002 -2"><span class='ocrx_word' id='word_1_57' title='bbox 281 1195 392 1251; x_wconf 87' lang='lat' dir='ltr'>Per</span> <span class='ocrx_word' id='word_1_58' title='bbox 409 1194 895 1250; x_wconf 81' lang='lat' dir='ltr'>misericordiam</span> <span class='ocrx_word' id='word_1_59' title='bbox 922 1197 1111 1251; x_wconf 88' lang='lat' dir='ltr'>tuam.</span> 
     </span>
    </p>
   </div>
   <div class='ocr_carea' id='block_1_12' title="bbox 284 1284 1861 1358">
    <p class='ocr_par' dir='ltr' id='par_1_12' title="bbox 284 1284 1861 1358">
     <span class='ocr_line' id='line_1_12' title="bbox 284 1284 1861 1358; baseline 0.004 -19"><span class='ocrx_word' id='word_1_60' title='bbox 284 1284 612 1355; x_wconf 80' lang='lat' dir='ltr'>Antiphona</span> <span class='ocrx_word' id='word_1_61' title='bbox 651 1287 704 1339; x_wconf 90' lang='lat'>3.</span> <span class='ocrx_word' id='word_1_62' title='bbox 736 1285 1047 1340; x_wconf 83' lang='lat' dir='ltr'>Memento.</span> <span class='ocrx_word' id='word_1_63' title='bbox 1090 1286 1321 1343; x_wconf 69' lang='lat' dir='ltr'>Oratio.</span> <span class='ocrx_word' id='word_1_64' title='bbox 1347 1289 1635 1345; x_wconf 84' lang='lat' dir='ltr'>Memento</span> <span class='ocrx_word' id='word_1_65' title='bbox 1651 1289 1861 1358; x_wconf 86' lang='lat' dir='ltr'>nostri,</span> 
     </span>
    </p>
   </div>
   <div class='ocr_carea' id='block_1_13' title="bbox 213 1372 1223 1442">
    <p class='ocr_par' dir='ltr' id='par_1_13' title="bbox 213 1372 1223 1442">
     <span class='ocr_line' id='line_1_13' title="bbox 213 1372 1223 1442; baseline 0.005 -17"><span class='ocrx_word' id='word_1_66' title='bbox 213 1372 494 1428; x_wconf 86' lang='lat' dir='ltr'>Domine.</span> <span class='ocrx_word' id='word_1_67' title='bbox 520 1373 628 1442; x_wconf 78' lang='lat' dir='ltr'>fol.</span> <span class='ocrx_word' id='word_1_68' title='bbox 652 1377 776 1428; x_wconf 77' lang='grc'>177.</span> <span class='ocrx_word' id='word_1_69' title='bbox 822 1374 1111 1430; x_wconf 76' lang='lat' dir='ltr'>Psalmus</span> <span class='ocrx_word' id='word_1_70' title='bbox 1135 1390 1223 1431; x_wconf 69' lang='grc' dir='ltr'>(ιν.</span> 
     </span>
    </p>
   </div>
   <div class='ocr_carea' id='block_1_14' title="bbox 287 1460 1859 1536">
    <p class='ocr_par' dir='ltr' id='par_1_14' title="bbox 287 1460 1859 1536">
     <span class='ocr_line' id='line_1_14' title="bbox 287 1460 1859 1536; baseline 0.006 -23"><span class='ocrx_word' id='word_1_71' title='bbox 287 1472 348 1529; x_wconf 67' lang='grc' dir='ltr'>Ην.</span> <span class='ocrx_word' id='word_1_72' title='bbox 386 1460 547 1517; x_wconf 87' lang='lat' dir='ltr'>Facti</span> <span class='ocrx_word' id='word_1_73' title='bbox 588 1476 818 1530; x_wconf 91' lang='lat' dir='ltr'>sumus,</span> <span class='ocrx_word' id='word_1_74' title='bbox 853 1463 1123 1529; x_wconf 90' lang='lat' dir='ltr'>Domine,</span> <span class='ocrx_word' id='word_1_75' title='bbox 1166 1467 1477 1536; x_wconf 83' lang='lat' dir='ltr'>tamquam</span> <span class='ocrx_word' id='word_1_76' title='bbox 1518 1465 1696 1521; x_wconf 89' lang='lat' dir='ltr'>alieni</span> <span class='ocrx_word' id='word_1_77' title='bbox 1719 1482 1756 1522; x_wconf 87' lang='lat' dir='ltr'>a</span> <span class='ocrx_word' id='word_1_78' title='bbox 1786 1468 1859 1522; x_wconf 91' lang='lat' dir='ltr'>te.</span> 
     </span>
    </p>
   </div>
   <div class='ocr_carea' id='block_1_15' title="bbox 210 1550 1865 1626">
    <p class='ocr_par' dir='ltr' id='par_1_15' title="bbox 210 1550 1865 1626">
     <span class='ocr_line' id='line_1_15' title="bbox 210 1550 1865 1626; baseline 0.004 -22"><span class='ocrx_word' id='word_1_79' title='bbox 210 1552 305 1605; x_wconf 85' lang='lat' dir='ltr'>Vm</span> <span class='ocrx_word' id='word_1_80' title='bbox 327 1550 505 1605; x_wconf 90' lang='lat' dir='ltr'>nobis</span> <span class='ocrx_word' id='word_1_81' title='bbox 533 1550 679 1622; x_wconf 83' lang='lat' dir='ltr'>quia</span> <span class='ocrx_word' id='word_1_82' title='bbox 701 1550 1083 1622; x_wconf 89' lang='lat' dir='ltr'>peccavimus</span> <span class='ocrx_word' id='word_1_83' title='bbox 1107 1571 1121 1605; x_wconf 90' lang='lat'><strong>:</strong></span> <span class='ocrx_word' id='word_1_84' title='bbox 1143 1553 1364 1609; x_wconf 87' lang='lat' dir='ltr'>inimici</span> <span class='ocrx_word' id='word_1_85' title='bbox 1396 1554 1479 1610; x_wconf 92' lang='lat' dir='ltr'>tui</span> <span class='ocrx_word' id='word_1_86' title='bbox 1526 1555 1865 1626; x_wconf 89' lang='lat' dir='ltr'>polluerunt</span> 
     </span>
    </p>
   </div>
   <div class='ocr_carea' id='block_1_16' title="bbox 207 1639 1865 1713">
    <p class='ocr_par' dir='ltr' id='par_1_16' title="bbox 207 1639 1865 1713">
     <span class='ocr_line' id='line_1_16' title="bbox 207 1639 1865 1713; baseline 0.004 -20"><span class='ocrx_word' id='word_1_87' title='bbox 207 1643 418 1694; x_wconf 90' lang='lat' dir='ltr'>sancta</span> <span class='ocrx_word' id='word_1_88' title='bbox 446 1643 572 1694; x_wconf 89' lang='lat' dir='ltr'>tua.</span> <span class='ocrx_word' id='word_1_89' title='bbox 612 1641 694 1696; x_wconf 92' lang='lat' dir='ltr'>P.</span> <span class='ocrx_word' id='word_1_90' title='bbox 730 1640 960 1695; x_wconf 83' lang='lat' dir='ltr'>Utinam</span> <span class='ocrx_word' id='word_1_91' title='bbox 990 1639 1395 1713; x_wconf 89' lang='lat' dir='ltr'>disrumperes</span> <span class='ocrx_word' id='word_1_92' title='bbox 1430 1643 1627 1710; x_wconf 85' lang='lat' dir='ltr'>cmlos,</span> <span class='ocrx_word' id='word_1_93' title='bbox 1648 1648 1707 1700; x_wconf 88' lang='lat' dir='ltr'>et</span> <span class='ocrx_word' id='word_1_94' title='bbox 1734 1645 1865 1701; x_wconf 87' lang='lat' dir='ltr'>des-</span> 
     </span>
    </p>
   </div>
   <div class='ocr_carea' id='block_1_17' title="bbox 1383 272 2464 345">
    <p class='ocr_par' dir='ltr' id='par_1_17' title="bbox 1383 272 2464 345">
     <span class='ocr_line' id='line_1_17' title="bbox 1383 272 2464 345; baseline 0.012 -18"><span class='ocrx_word' id='word_1_95' title='bbox 1383 272 1731 332; x_wconf 79' lang='lat' dir='ltr'>DOMINIGA</span> <span class='ocrx_word' id='word_1_96' title='bbox 1769 273 1818 331; x_wconf 89' lang='grc' dir='ltr'>Π</span> <span class='ocrx_word' id='word_1_97' title='bbox 1854 272 2464 345; x_wconf 63' lang='lat' dir='ltr'>QUADRAGESIMIE.</span> 
     </span>
    </p>
   </div>
   <div class='ocr_carea' id='block_1_18' title="bbox 1895 400 3617 483">
    <p class='ocr_par' dir='ltr' id='par_1_18' title="bbox 1895 400 3617 483">
     <span class='ocr_line' id='line_1_18' title="bbox 1895 400 3617 483; baseline 0.01 -24"><span class='ocrx_word' id='word_1_98' title='bbox 1895 400 1943 453; x_wconf 87' lang='lat' dir='ltr'><strong>A</strong></span> <span class='ocrx_word' id='word_1_99' title='bbox 2046 405 2162 461; x_wconf 75' lang='lat' dir='ltr'>Aut</span> <span class='ocrx_word' id='word_1_100' title='bbox 2181 422 2319 464; x_wconf 90' lang='lat' dir='ltr'>cum</span> <span class='ocrx_word' id='word_1_101' title='bbox 2341 407 2731 482; x_wconf 86' lang='lat' dir='ltr'>principibus,</span> <span class='ocrx_word' id='word_1_102' title='bbox 2748 409 2853 483; x_wconf 87' lang='lat' dir='ltr'>qui</span> <span class='ocrx_word' id='word_1_103' title='bbox 2881 412 3189 483; x_wconf 84' lang='lat' dir='ltr'>possident</span> <span class='ocrx_word' id='word_1_104' title='bbox 3236 428 3472 483; x_wconf 87' lang='lat' dir='ltr'>aurum,</span> <span class='ocrx_word' id='word_1_105' title='bbox 3504 413 3529 442; x_wconf 61' lang='grc' dir='ltr'>θ</span> <span class='ocrx_word' id='word_1_106' title='bbox 3558 420 3617 476; x_wconf 91' lang='lat' dir='ltr'>et</span> 
     </span>
    </p>
   </div>
   <div class='ocr_carea' id='block_1_19' title="bbox 3514 293 3618 349">
    <p class='ocr_par' dir='ltr' id='par_1_19' title="bbox 3514 293 3618 349">
     <span class='ocr_line' id='line_1_19' title="bbox 3514 293 3618 349; baseline 0 0"><span class='ocrx_word' id='word_1_107' title='bbox 3514 293 3618 349; x_wconf 79' lang='lat'>350</span> 
     </span>
    </p>
   </div>
   <div class='ocr_carea' id='block_1_20' title="bbox 1976 494 2933 569">
    <p class='ocr_par' dir='ltr' id='par_1_20' title="bbox 1976 494 2933 569">
     <span class='ocr_line' id='line_1_20' title="bbox 1976 494 2933 569; baseline 0.009 -22"><span class='ocrx_word' id='word_1_108' title='bbox 1976 494 2205 565; x_wconf 88' lang='lat' dir='ltr'>replent</span> <span class='ocrx_word' id='word_1_109' title='bbox 2228 497 2441 553; x_wconf 90' lang='lat' dir='ltr'>domos</span> <span class='ocrx_word' id='word_1_110' title='bbox 2472 514 2613 554; x_wconf 90' lang='lat' dir='ltr'>suas</span> <span class='ocrx_word' id='word_1_111' title='bbox 2637 504 2883 569; x_wconf 86' lang='lat' dir='ltr'>argento</span> <span class='ocrx_word' id='word_1_112' title='bbox 2912 511 2933 556; x_wconf 66' lang='grc' dir='ltr'><strong><em>ὲ</em></strong></span> 
     </span>
    </p>
   </div>
   <div class='ocr_carea' id='block_1_21' title="bbox 2043 581 3604 651">
    <p class='ocr_par' dir='ltr' id='par_1_21' title="bbox 2043 581 3604 651">
     <span class='ocr_line' id='line_1_21' title="bbox 2043 581 3604 651; baseline 0.01 -16"><span class='ocrx_word' id='word_1_113' title='bbox 2043 581 2155 637; x_wconf 85' lang='lat' dir='ltr'>Aut</span> <span class='ocrx_word' id='word_1_114' title='bbox 2184 583 2332 641; x_wconf 90' lang='lat' dir='ltr'>sicut</span> <span class='ocrx_word' id='word_1_115' title='bbox 2352 586 2689 642; x_wconf 81' lang='lat' dir='ltr'>abortivum</span> <span class='ocrx_word' id='word_1_116' title='bbox 2712 587 3133 645; x_wconf 89' lang='lat' dir='ltr'>absconditum</span> <span class='ocrx_word' id='word_1_117' title='bbox 3164 606 3284 646; x_wconf 87' lang='lat' dir='ltr'>non</span> <span class='ocrx_word' id='word_1_118' title='bbox 3345 593 3604 651; x_wconf 81' lang='lat' dir='ltr'>subsiste</span> 
     </span>
    </p>
   </div>
   <div class='ocr_carea' id='block_1_22' title="bbox 1974 673 3391 747">
    <p class='ocr_par' dir='ltr' id='par_1_22' title="bbox 1974 673 3391 747">
     <span class='ocr_line' id='line_1_22' title="bbox 1974 673 3391 747; baseline 0.007 -22"><span class='ocrx_word' id='word_1_119' title='bbox 1974 683 2121 735; x_wconf 90' lang='lat' dir='ltr'>rem,</span> <span class='ocrx_word' id='word_1_120' title='bbox 2150 674 2165 689; x_wconf 88' lang='lat'>&#39;</span> <span class='ocrx_word' id='word_1_121' title='bbox 2190 673 2280 728; x_wconf 87' lang='lat' dir='ltr'>vel</span> <span class='ocrx_word' id='word_1_122' title='bbox 2298 676 2401 746; x_wconf 88' lang='lat' dir='ltr'>qui</span> <span class='ocrx_word' id='word_1_123' title='bbox 2422 676 2688 747; x_wconf 87' lang='lat' dir='ltr'>concepti</span> <span class='ocrx_word' id='word_1_124' title='bbox 2716 692 2836 733; x_wconf 90' lang='lat' dir='ltr'>non</span> <span class='ocrx_word' id='word_1_125' title='bbox 2871 677 3146 733; x_wconf 91' lang='lat' dir='ltr'>viderunt</span> <span class='ocrx_word' id='word_1_126' title='bbox 3169 678 3391 738; x_wconf 71' lang='lat' dir='ltr'>lucem.</span> 
     </span>
    </p>
   </div>
   <div class='ocr_carea' id='block_1_23' title="bbox 2044 759 3608 842">
    <p class='ocr_par' dir='ltr' id='par_1_23' title="bbox 2044 759 3608 842">
     <span class='ocr_line' id='line_1_23' title="bbox 2044 759 3608 842; baseline 0.007 -27"><span class='ocrx_word' id='word_1_127' title='bbox 2044 759 2130 816; x_wconf 89' lang='lat' dir='ltr'>Ibi</span> <span class='ocrx_word' id='word_1_128' title='bbox 2156 761 2324 834; x_wconf 89' lang='lat' dir='ltr'>impii</span> <span class='ocrx_word' id='word_1_129' title='bbox 2351 771 2733 821; x_wconf 88' lang='lat' dir='ltr'>cessaverunt</span> <span class='ocrx_word' id='word_1_130' title='bbox 2762 782 2797 823; x_wconf 92' lang='lat' dir='ltr'>a</span> <span class='ocrx_word' id='word_1_131' title='bbox 2822 766 3096 830; x_wconf 87' lang='lat' dir='ltr'>tumultu,</span> <span class='ocrx_word' id='word_1_132' title='bbox 3124 768 3144 789; x_wconf 63' lang='grc' dir='ltr'>ί</span> <span class='ocrx_word' id='word_1_133' title='bbox 3171 772 3227 823; x_wconf 91' lang='lat' dir='ltr'>et</span> <span class='ocrx_word' id='word_1_134' title='bbox 3253 768 3337 824; x_wconf 87' lang='lat' dir='ltr'>ibi</span> <span class='ocrx_word' id='word_1_135' title='bbox 3381 770 3608 842; x_wconf 90' lang='lat' dir='ltr'>requie-</span> 
     </span>
    </p>
   </div>
   <div class='ocr_carea' id='block_1_24' title="bbox 1974 850 2589 910">
    <p class='ocr_par' dir='ltr' id='par_1_24' title="bbox 1974 850 2589 910">
     <span class='ocr_line' id='line_1_24' title="bbox 1974 850 2589 910; baseline 0.008 -7"><span class='ocrx_word' id='word_1_136' title='bbox 1974 855 2184 905; x_wconf 90' lang='lat' dir='ltr'>verunt</span> <span class='ocrx_word' id='word_1_137' title='bbox 2203 850 2340 907; x_wconf 89' lang='lat' dir='ltr'>fessi</span> <span class='ocrx_word' id='word_1_138' title='bbox 2358 851 2589 910; x_wconf 86' lang='lat' dir='ltr'>robore.</span> 
     </span>
    </p>
   </div>
   <div class='ocr_carea' id='block_1_25' title="bbox 2043 939 3613 1015">
    <p class='ocr_par' dir='ltr' id='par_1_25' title="bbox 2043 939 3613 1015">
     <span class='ocr_line' id='line_1_25' title="bbox 2043 939 3613 1015; baseline 0.007 -24"><span class='ocrx_word' id='word_1_139' title='bbox 2043 939 2108 993; x_wconf 90' lang='lat' dir='ltr'>Et</span> <span class='ocrx_word' id='word_1_140' title='bbox 2130 940 2440 1011; x_wconf 88' lang='lat' dir='ltr'>quondam</span> <span class='ocrx_word' id='word_1_141' title='bbox 2474 942 2649 998; x_wconf 85' lang='lat' dir='ltr'>vincti</span> <span class='ocrx_word' id='word_1_142' title='bbox 2679 944 2896 1015; x_wconf 89' lang='lat' dir='ltr'>pariter</span> <span class='ocrx_word' id='word_1_143' title='bbox 2944 944 3067 1000; x_wconf 89' lang='lat' dir='ltr'>sine</span> <span class='ocrx_word' id='word_1_144' title='bbox 3123 941 3459 1015; x_wconf 75' lang='lat' dir='ltr'>molestia,‘</span> <span class='ocrx_word' id='word_1_145' title='bbox 3485 960 3613 1002; x_wconf 89' lang='lat' dir='ltr'>non</span> 
     </span>
    </p>
   </div>
   <div class='ocr_carea' id='block_1_26' title="bbox 1974 1026 3425 1110">
    <p class='ocr_par' dir='ltr' id='par_1_26' title="bbox 1974 1026 3425 1110">
     <span class='ocr_line' id='line_1_26' title="bbox 1974 1026 3425 1110; baseline 0.007 -28"><span class='ocrx_word' id='word_1_146' title='bbox 1974 1026 2365 1086; x_wconf 83' lang='lat' dir='ltr'>exaudierunt</span> <span class='ocrx_word' id='word_1_147' title='bbox 2392 1045 2601 1088; x_wconf 89' lang='lat' dir='ltr'>vocem</span> <span class='ocrx_word' id='word_1_148' title='bbox 2626 1033 2933 1089; x_wconf 80' lang='lat' dir='ltr'>exactoris.</span> <span class='ocrx_word' id='word_1_149' title='bbox 3423 1108 3425 1110; x_wconf 22' lang='grc' dir='ltr'><strong>η</strong></span> 
     </span>
    </p>
   </div>
   <div class='ocr_carea' id='block_1_27' title="bbox 2043 1118 3612 1192">
    <p class='ocr_par' dir='ltr' id='par_1_27' title="bbox 2043 1118 3612 1192">
     <span class='ocr_line' id='line_1_27' title="bbox 2043 1118 3612 1192; baseline 0.004 -20"><span class='ocrx_word' id='word_1_150' title='bbox 2043 1118 2267 1174; x_wconf 82' lang='lat' dir='ltr'>Parvus</span> <span class='ocrx_word' id='word_1_151' title='bbox 2292 1126 2345 1174; x_wconf 88' lang='lat' dir='ltr'>et</span> <span class='ocrx_word' id='word_1_152' title='bbox 2368 1135 2627 1192; x_wconf 90' lang='lat' dir='ltr'>magnus</span> <span class='ocrx_word' id='word_1_153' title='bbox 2644 1120 2727 1177; x_wconf 90' lang='lat' dir='ltr'>ibi</span> <span class='ocrx_word' id='word_1_154' title='bbox 2757 1124 2915 1189; x_wconf 88' lang='lat' dir='ltr'>sunt,</span> <span class='ocrx_word' id='word_1_155' title='bbox 2940 1124 2960 1145; x_wconf 78' lang='lat'><strong><em>&#39;</em></strong></span> <span class='ocrx_word' id='word_1_156' title='bbox 2989 1124 3047 1178; x_wconf 90' lang='lat' dir='ltr'>et</span> <span class='ocrx_word' id='word_1_157' title='bbox 3076 1136 3281 1178; x_wconf 85' lang='lat' dir='ltr'>servus</span> <span class='ocrx_word' id='word_1_158' title='bbox 3316 1125 3373 1179; x_wconf 88' lang='lat' dir='ltr'>et</span> <span class='ocrx_word' id='word_1_159' title='bbox 3393 1122 3544 1179; x_wconf 92' lang='lat' dir='ltr'>liber</span> <span class='ocrx_word' id='word_1_160' title='bbox 3574 1136 3612 1180; x_wconf 87' lang='lat' dir='ltr'>a</span> 
     </span>
    </p>
   </div>
   <div class='ocr_carea' id='block_1_28' title="bbox 1973 1205 2390 1267">
    <p class='ocr_par' dir='ltr' id='par_1_28' title="bbox 1973 1205 2390 1267">
     <span class='ocr_line' id='line_1_28' title="bbox 1973 1205 2390 1267; baseline 0.012 -5"><span class='ocrx_word' id='word_1_161' title='bbox 1973 1205 2221 1263; x_wconf 89' lang='lat' dir='ltr'>domino</span> <span class='ocrx_word' id='word_1_162' title='bbox 2260 1225 2390 1267; x_wconf 88' lang='lat' dir='ltr'>suo.</span> 
     </span>
    </p>
   </div>
   <div class='ocr_carea' id='block_1_29' title="bbox 2045 1296 3611 1371">
    <p class='ocr_par' dir='ltr' id='par_1_29' title="bbox 2045 1296 3611 1371">
     <span class='ocr_line' id='line_1_29' title="bbox 2045 1296 3611 1371; baseline 0.004 -20"><span class='ocrx_word' id='word_1_163' title='bbox 2045 1298 2235 1361; x_wconf 84' lang='lat' dir='ltr'>Quare</span> <span class='ocrx_word' id='word_1_164' title='bbox 2265 1298 2409 1353; x_wconf 89' lang='lat' dir='ltr'>data</span> <span class='ocrx_word' id='word_1_165' title='bbox 2429 1302 2515 1354; x_wconf 91' lang='lat' dir='ltr'>est</span> <span class='ocrx_word' id='word_1_166' title='bbox 2542 1300 2759 1356; x_wconf 90' lang='lat' dir='ltr'>misero</span> <span class='ocrx_word' id='word_1_167' title='bbox 2778 1300 2899 1366; x_wconf 83' lang='lat' dir='ltr'>lux,</span> <span class='ocrx_word' id='word_1_168' title='bbox 2923 1296 3075 1356; x_wconf 70' lang='lat' dir='ltr'>*vila</span> <span class='ocrx_word' id='word_1_169' title='bbox 3090 1300 3202 1371; x_wconf 85' lang='lat' dir='ltr'>his,</span> <span class='ocrx_word' id='word_1_170' title='bbox 3236 1298 3341 1371; x_wconf 92' lang='lat' dir='ltr'>qui</span> <span class='ocrx_word' id='word_1_171' title='bbox 3366 1299 3429 1355; x_wconf 90' lang='lat' dir='ltr'>in</span> <span class='ocrx_word' id='word_1_172' title='bbox 3445 1313 3611 1357; x_wconf 88' lang='lat' dir='ltr'>ama-</span> 
     </span>
    </p>
   </div>
   <div class='ocr_carea' id='block_1_30' title="bbox 1971 1382 2696 1443">
    <p class='ocr_par' dir='ltr' id='par_1_30' title="bbox 1971 1382 2696 1443">
     <span class='ocr_line' id='line_1_30' title="bbox 1971 1382 2696 1443; baseline 0.004 -4"><span class='ocrx_word' id='word_1_173' title='bbox 1971 1382 2225 1441; x_wconf 82' lang='lat' dir='ltr'>ritudine</span> <span class='ocrx_word' id='word_1_174' title='bbox 2256 1385 2474 1442; x_wconf 91' lang='lat' dir='ltr'>animm</span> <span class='ocrx_word' id='word_1_175' title='bbox 2514 1387 2696 1443; x_wconf 81' lang='lat' dir='ltr'>sunt?</span> 
     </span>
    </p>
   </div>
   <div class='ocr_carea' id='block_1_31' title="bbox 2044 1474 3616 1547">
    <p class='ocr_par' dir='ltr' id='par_1_31' title="bbox 2044 1474 3616 1547">
     <span class='ocr_line' id='line_1_31' title="bbox 2044 1474 3616 1547; baseline 0.003 -20"><span class='ocrx_word' id='word_1_176' title='bbox 2044 1474 2153 1538; x_wconf 87' lang='lat' dir='ltr'>Qui</span> <span class='ocrx_word' id='word_1_177' title='bbox 2180 1478 2492 1545; x_wconf 84' lang='lat' dir='ltr'>expectant</span> <span class='ocrx_word' id='word_1_178' title='bbox 2506 1479 2781 1543; x_wconf 90' lang='lat' dir='ltr'>mortem,</span> <span class='ocrx_word' id='word_1_179' title='bbox 2805 1479 3001 1532; x_wconf 85' lang='lat' dir='ltr'>etnon</span> <span class='ocrx_word' id='word_1_180' title='bbox 3042 1475 3219 1539; x_wconf 82' lang='lat' dir='ltr'>venit,</span> <span class='ocrx_word' id='word_1_181' title='bbox 3268 1474 3443 1547; x_wconf 91' lang='lat' dir='ltr'>quasi</span> <span class='ocrx_word' id='word_1_182' title='bbox 3473 1474 3616 1531; x_wconf 81' lang='lat' dir='ltr'>effo-</span> 
     </span>
    </p>
   </div>
   <div class='ocr_carea' id='block_1_32' title="bbox 1972 1560 3616 1636">
    <p class='ocr_par' dir='ltr' id='par_1_32' title="bbox 1972 1560 3616 1636">
     <span class='ocr_line' id='line_1_32' title="bbox 1972 1560 3616 1636; baseline 0.002 -20"><span class='ocrx_word' id='word_1_183' title='bbox 1972 1560 2197 1619; x_wconf 91' lang='lat' dir='ltr'>dientes</span> <span class='ocrx_word' id='word_1_184' title='bbox 2213 1564 2526 1620; x_wconf 84' lang='lat' dir='ltr'>thesauros</span> <span class='ocrx_word' id='word_1_185' title='bbox 2554 1581 2568 1620; x_wconf 91' lang='lat'><strong>:</strong></span> <span class='ocrx_word' id='word_1_186' title='bbox 2594 1567 2613 1589; x_wconf 79' lang='lat'><strong>‘</strong></span> <span class='ocrx_word' id='word_1_187' title='bbox 2635 1565 2898 1636; x_wconf 82' lang='lat' dir='ltr'>gaudent</span> <span class='ocrx_word' id='word_1_188' title='bbox 2910 1566 3440 1621; x_wconf 90' lang='lat' dir='ltr'>vehementercum</span> <span class='ocrx_word' id='word_1_189' title='bbox 3452 1564 3616 1620; x_wconf 85' lang='lat' dir='ltr'>inve-</span> 
     </span>
    </p>
   </div>
   <div class='ocr_carea' id='block_1_33' title="bbox 1973 1653 2651 1724">
    <p class='ocr_par' dir='ltr' id='par_1_33' title="bbox 1973 1653 2651 1724">
     <span class='ocr_line' id='line_1_33' title="bbox 1973 1653 2651 1724; baseline 0.004 -19"><span class='ocrx_word' id='word_1_190' title='bbox 1973 1657 2188 1708; x_wconf 91' lang='lat' dir='ltr'>nerunt</span> <span class='ocrx_word' id='word_1_191' title='bbox 2226 1653 2611 1724; x_wconf 84' lang='lat' dir='ltr'>sepulchrum</span> <span class='ocrx_word' id='word_1_192' title='bbox 2639 1671 2651 1709; x_wconf 90' lang='lat'><strong>:</strong></span> 
     </span>
    </p>
   </div>
   <div class='ocr_carea' id='block_1_34' title="bbox 204 1727 3614 1820">
    <p class='ocr_par' dir='ltr' id='par_1_34' title="bbox 204 1727 3614 1820">
     <span class='ocr_line' id='line_1_34' title="bbox 204 1727 3614 1820; baseline 0.004 -37"><span class='ocrx_word' id='word_1_193' title='bbox 204 1730 522 1783; x_wconf 90' lang='lat' dir='ltr'>cenderes:</span> <span class='ocrx_word' id='word_1_194' title='bbox 556 1732 613 1782; x_wconf 90' lang='lat' dir='ltr'>et</span> <span class='ocrx_word' id='word_1_195' title='bbox 646 1727 1044 1820; x_wconf 81' lang='lat' dir='ltr'>innotesceres</span> <span class='ocrx_word' id='word_1_196' title='bbox 1089 1745 1311 1785; x_wconf 91' lang='lat' dir='ltr'>nomen</span> <span class='ocrx_word' id='word_1_197' title='bbox 1354 1736 1524 1787; x_wconf 92' lang='lat' dir='ltr'>tuum</span> <span class='ocrx_word' id='word_1_198' title='bbox 1554 1745 1567 1786; x_wconf 87' lang='lat'><strong>:</strong></span> <span class='ocrx_word' id='word_1_199' title='bbox 1603 1737 1660 1789; x_wconf 90' lang='lat' dir='ltr'>et</span> <span class='ocrx_word' id='word_1_200' title='bbox 1687 1733 1749 1787; x_wconf 94' lang='lat' dir='ltr'>in</span> <span class='ocrx_word' id='word_1_201' title='bbox 1774 1733 1863 1789; x_wconf 88' lang='lat' dir='ltr'>ira</span> <span class='ocrx_word' id='word_1_202' title='bbox 1894 1766 1937 1820; x_wconf 79' lang='grc' dir='ltr'>Β</span> <span class='ocrx_word' id='word_1_203' title='bbox 2044 1741 2174 1796; x_wconf 88' lang='lat' dir='ltr'>Viro</span> <span class='ocrx_word' id='word_1_204' title='bbox 2198 1742 2370 1811; x_wconf 89' lang='lat' dir='ltr'>cujus</span> <span class='ocrx_word' id='word_1_205' title='bbox 2421 1741 2779 1798; x_wconf 90' lang='lat' dir='ltr'>abscondita</span> <span class='ocrx_word' id='word_1_206' title='bbox 2831 1746 2917 1797; x_wconf 90' lang='lat' dir='ltr'>est</span> <span class='ocrx_word' id='word_1_207' title='bbox 2958 1741 3076 1809; x_wconf 89' lang='lat' dir='ltr'>via,</span> <span class='ocrx_word' id='word_1_208' title='bbox 3107 1740 3124 1762; x_wconf 78' lang='lat'><strong>‘</strong></span> <span class='ocrx_word' id='word_1_209' title='bbox 3149 1744 3206 1796; x_wconf 92' lang='lat' dir='ltr'>et</span> <span class='ocrx_word' id='word_1_210' title='bbox 3224 1739 3614 1795; x_wconf 87' lang='lat' dir='ltr'>circumdedit</span> 
     </span>
    </p>
   </div>
   <div class='ocr_carea' id='block_1_35' title="bbox 204 1815 2622 1893">
    <p class='ocr_par' dir='ltr' id='par_1_35' title="bbox 204 1815 2622 1893">
     <span class='ocr_line' id='line_1_35' title="bbox 204 1815 2622 1893; baseline 0.005 -22"><span class='ocrx_word' id='word_1_211' title='bbox 204 1820 311 1871; x_wconf 88' lang='lat' dir='ltr'>tua</span> <span class='ocrx_word' id='word_1_212' title='bbox 335 1819 545 1885; x_wconf 78' lang='lat' dir='ltr'>gentes</span> <span class='ocrx_word' id='word_1_213' title='bbox 574 1815 1085 1873; x_wconf 88' lang='lat' dir='ltr'>conturbarentur.</span> <span class='ocrx_word' id='word_1_214' title='bbox 1111 1817 1172 1879; x_wconf 58' lang='grc' dir='ltr'>γ.</span> <span class='ocrx_word' id='word_1_215' title='bbox 1219 1819 1379 1875; x_wconf 90' lang='lat' dir='ltr'>Facti</span> <span class='ocrx_word' id='word_1_216' title='bbox 1392 1823 1787 1893; x_wconf 90' lang='lat' dir='ltr'>sumusquasi</span> <span class='ocrx_word' id='word_1_217' title='bbox 1800 1822 1863 1878; x_wconf 92' lang='lat' dir='ltr'>in</span> <span class='ocrx_word' id='word_1_218' title='bbox 1894 1815 1932 1820; x_wconf 53' lang='grc'>⁷</span> <span class='ocrx_word' id='word_1_219' title='bbox 1971 1843 2108 1885; x_wconf 84' lang='lat' dir='ltr'>eum</span> <span class='ocrx_word' id='word_1_220' title='bbox 2136 1832 2286 1884; x_wconf 88' lang='lat' dir='ltr'>Deus</span> <span class='ocrx_word' id='word_1_221' title='bbox 2315 1829 2573 1884; x_wconf 87' lang='lat' dir='ltr'>tenebris</span> <span class='ocrx_word' id='word_1_222' title='bbox 2594 1829 2622 1883; x_wconf 77' lang='lat' dir='ltr'>‘t</span> 
     </span>
    </p>
   </div>
   <div class='ocr_carea' id='block_1_36' title="bbox 204 1904 1863 1981">
    <p class='ocr_par' dir='ltr' id='par_1_36' title="bbox 204 1904 1863 1981">
     <span class='ocr_line' id='line_1_36' title="bbox 204 1904 1863 1981; baseline 0.004 -22"><span class='ocrx_word' id='word_1_223' title='bbox 204 1904 523 1975; x_wconf 88' lang='lat' dir='ltr'>principio,</span> <span class='ocrx_word' id='word_1_224' title='bbox 547 1919 689 1960; x_wconf 91' lang='lat' dir='ltr'>cum</span> <span class='ocrx_word' id='word_1_225' title='bbox 704 1920 826 1960; x_wconf 93' lang='lat' dir='ltr'>non</span> <span class='ocrx_word' id='word_1_226' title='bbox 847 1905 1244 1962; x_wconf 88' lang='lat' dir='ltr'>dominareris</span> <span class='ocrx_word' id='word_1_227' title='bbox 1258 1909 1464 1976; x_wconf 88' lang='lat' dir='ltr'>nostri,</span> <span class='ocrx_word' id='word_1_228' title='bbox 1480 1923 1676 1981; x_wconf 89' lang='lat' dir='ltr'>neque</span> <span class='ocrx_word' id='word_1_229' title='bbox 1694 1910 1863 1967; x_wconf 89' lang='lat' dir='ltr'>invo-</span> 
     </span>
    </p>
   </div>
   <div class='ocr_carea' id='block_1_37' title="bbox 200 1995 1860 2065">
    <p class='ocr_par' dir='ltr' id='par_1_37' title="bbox 200 1995 1860 2065">
     <span class='ocr_line' id='line_1_37' title="bbox 200 1995 1860 2065; baseline 0.004 -18"><span class='ocrx_word' id='word_1_230' title='bbox 200 1996 443 2047; x_wconf 90' lang='lat' dir='ltr'>caretur</span> <span class='ocrx_word' id='word_1_231' title='bbox 464 2006 693 2048; x_wconf 89' lang='lat' dir='ltr'>nomen</span> <span class='ocrx_word' id='word_1_232' title='bbox 723 1997 894 2048; x_wconf 91' lang='lat' dir='ltr'>tuum</span> <span class='ocrx_word' id='word_1_233' title='bbox 910 2007 1229 2065; x_wconf 90' lang='lat' dir='ltr'>supernos.</span> <span class='ocrx_word' id='word_1_234' title='bbox 1264 1995 1326 2049; x_wconf 89' lang='lat' dir='ltr'>P.</span> <span class='ocrx_word' id='word_1_235' title='bbox 1348 1996 1602 2053; x_wconf 88' lang='lat' dir='ltr'>Utinam.</span> <span class='ocrx_word' id='word_1_236' title='bbox 1632 1996 1693 2057; x_wconf 63' lang='grc' dir='ltr'><strong><em>ν.</em></strong></span> <span class='ocrx_word' id='word_1_237' title='bbox 1731 1997 1860 2054; x_wconf 75' lang='grc' dir='ltr'>61οι</span> 
     </span>
    </p>
   </div>
   <div class='ocr_carea' id='block_1_38' title="bbox 200 2080 1397 2151">
    <p class='ocr_par' dir='ltr' id='par_1_38' title="bbox 200 2080 1397 2151">
     <span class='ocr_line' id='line_1_38' title="bbox 200 2080 1397 2151; baseline 0.004 -16"><span class='ocrx_word' id='word_1_238' title='bbox 200 2080 310 2144; x_wconf 89' lang='lat' dir='ltr'>ria,</span> <span class='ocrx_word' id='word_1_239' title='bbox 344 2084 403 2137; x_wconf 86' lang='lat' dir='ltr'>et</span> <span class='ocrx_word' id='word_1_240' title='bbox 432 2080 634 2136; x_wconf 88' lang='lat' dir='ltr'>honor</span> <span class='ocrx_word' id='word_1_241' title='bbox 663 2081 837 2151; x_wconf 87' lang='lat' dir='ltr'>Patri,</span> <span class='ocrx_word' id='word_1_242' title='bbox 866 2086 977 2138; x_wconf 89' lang='lat' dir='ltr'>etc.</span> <span class='ocrx_word' id='word_1_243' title='bbox 1035 2083 1095 2137; x_wconf 90' lang='lat' dir='ltr'>P.</span> <span class='ocrx_word' id='word_1_244' title='bbox 1142 2083 1397 2139; x_wconf 89' lang='lat' dir='ltr'>Utinam.</span> 
     </span>
    </p>
   </div>
   <div class='ocr_carea' id='block_1_39' title="bbox 854 2171 1225 2228">
    <p class='ocr_par' dir='ltr' id='par_1_39' title="bbox 854 2171 1225 2228">
     <span class='ocr_line' id='line_1_39' title="bbox 854 2171 1225 2228; baseline 0.005 -2"><span class='ocrx_word' id='word_1_245' title='bbox 854 2171 925 2226; x_wconf 87' lang='lat' dir='ltr'>In</span> <span class='ocrx_word' id='word_1_246' title='bbox 948 2171 1225 2228; x_wconf 71' lang='lat' dir='ltr'>laudibus</span> 
     </span>
    </p>
   </div>
   <div class='ocr_carea' id='block_1_40' title="bbox 270 2258 1861 2329">
    <p class='ocr_par' dir='ltr' id='par_1_40' title="bbox 270 2258 1861 2329">
     <span class='ocr_line' id='line_1_40' title="bbox 270 2258 1861 2329; baseline 0.003 -14"><span class='ocrx_word' id='word_1_247' title='bbox 270 2258 647 2329; x_wconf 69' lang='lat' dir='ltr'>Anta‘phona.</span> <span class='ocrx_word' id='word_1_248' title='bbox 678 2259 1019 2317; x_wconf 91' lang='lat' dir='ltr'>Secundum</span> <span class='ocrx_word' id='word_1_249' title='bbox 1045 2260 1487 2317; x_wconf 86' lang='lat' dir='ltr'>multitudinem</span> <span class='ocrx_word' id='word_1_250' title='bbox 1535 2262 1861 2319; x_wconf 88' lang='lat' dir='ltr'>miseratio-</span> 
     </span>
    </p>
   </div>
   <div class='ocr_carea' id='block_1_41' title="bbox 202 2348 1864 2421">
    <p class='ocr_par' dir='ltr' id='par_1_41' title="bbox 202 2348 1864 2421">
     <span class='ocr_line' id='line_1_41' title="bbox 202 2348 1864 2421; baseline 0.002 -16"><span class='ocrx_word' id='word_1_251' title='bbox 202 2364 357 2405; x_wconf 89' lang='lat' dir='ltr'>num</span> <span class='ocrx_word' id='word_1_252' title='bbox 380 2354 627 2405; x_wconf 89' lang='lat' dir='ltr'>tuarum</span> <span class='ocrx_word' id='word_1_253' title='bbox 655 2348 791 2405; x_wconf 89' lang='lat' dir='ltr'>lava</span> <span class='ocrx_word' id='word_1_254' title='bbox 809 2364 905 2405; x_wconf 90' lang='lat' dir='ltr'>me</span> <span class='ocrx_word' id='word_1_255' title='bbox 927 2349 1005 2405; x_wconf 93' lang='lat' dir='ltr'>ab</span> <span class='ocrx_word' id='word_1_256' title='bbox 1033 2349 1323 2421; x_wconf 91' lang='lat' dir='ltr'>injustitia</span> <span class='ocrx_word' id='word_1_257' title='bbox 1352 2365 1512 2407; x_wconf 86' lang='lat' dir='ltr'>mea:</span> <span class='ocrx_word' id='word_1_258' title='bbox 1536 2351 1697 2407; x_wconf 92' lang='lat' dir='ltr'>mala</span> <span class='ocrx_word' id='word_1_259' title='bbox 1726 2367 1864 2409; x_wconf 89' lang='lat' dir='ltr'>mea</span> 
     </span>
    </p>
   </div>
   <div class='ocr_carea' id='block_1_42' title="bbox 205 2437 1859 2510">
    <p class='ocr_par' dir='ltr' id='par_1_42' title="bbox 205 2437 1859 2510">
     <span class='ocr_line' id='line_1_42' title="bbox 205 2437 1859 2510; baseline 0.003 -17"><span class='ocrx_word' id='word_1_260' title='bbox 205 2437 461 2503; x_wconf 88' lang='lat' dir='ltr'>dimitte,</span> <span class='ocrx_word' id='word_1_261' title='bbox 491 2442 549 2494; x_wconf 89' lang='lat' dir='ltr'>et</span> <span class='ocrx_word' id='word_1_262' title='bbox 582 2453 791 2493; x_wconf 90' lang='lat' dir='ltr'>omnes</span> <span class='ocrx_word' id='word_1_263' title='bbox 812 2438 1150 2510; x_wconf 87' lang='lat' dir='ltr'>iniquitates</span> <span class='ocrx_word' id='word_1_264' title='bbox 1171 2450 1340 2495; x_wconf 89' lang='lat' dir='ltr'>meas</span> <span class='ocrx_word' id='word_1_265' title='bbox 1356 2437 1507 2495; x_wconf 90' lang='lat' dir='ltr'>dele.</span> <span class='ocrx_word' id='word_1_266' title='bbox 1526 2440 1787 2497; x_wconf 84' lang='lat' dir='ltr'>Psalmus</span> <span class='ocrx_word' id='word_1_267' title='bbox 1807 2457 1859 2498; x_wconf 85' lang='lat'>1..</span> 
     </span>
    </p>
   </div>
   <div class='ocr_carea' id='block_1_43' title="bbox 282 2526 1863 2599">
    <p class='ocr_par' dir='ltr' id='par_1_43' title="bbox 282 2526 1863 2599">
     <span class='ocr_line' id='line_1_43' title="bbox 282 2526 1863 2599; baseline 0.001 -16"><span class='ocrx_word' id='word_1_268' title='bbox 282 2528 515 2583; x_wconf 76' lang='lat' dir='ltr'>Oratio.</span> <span class='ocrx_word' id='word_1_269' title='bbox 548 2526 850 2583; x_wconf 80' lang='lat' dir='ltr'>Miserator</span> <span class='ocrx_word' id='word_1_270' title='bbox 867 2527 1135 2592; x_wconf 91' lang='lat' dir='ltr'>Domine,</span> <span class='ocrx_word' id='word_1_271' title='bbox 1186 2528 1518 2584; x_wconf 91' lang='lat' dir='ltr'>secundum</span> <span class='ocrx_word' id='word_1_272' title='bbox 1577 2545 1863 2599; x_wconf 90' lang='lat' dir='ltr'>magnam</span> 
     </span>
    </p>
   </div>
   <div class='ocr_carea' id='block_1_44' title="bbox 210 2616 1868 2688">
    <p class='ocr_par' dir='ltr' id='par_1_44' title="bbox 210 2616 1868 2688">
     <span class='ocr_line' id='line_1_44' title="bbox 210 2616 1868 2688; baseline 0.002 -16"><span class='ocrx_word' id='word_1_273' title='bbox 210 2616 692 2672; x_wconf 87' lang='lat' dir='ltr'>misericordiam</span> <span class='ocrx_word' id='word_1_274' title='bbox 712 2620 878 2672; x_wconf 88' lang='lat' dir='ltr'>tuam</span> <span class='ocrx_word' id='word_1_275' title='bbox 930 2616 1107 2672; x_wconf 87' lang='lat' dir='ltr'>nobis</span> <span class='ocrx_word' id='word_1_276' title='bbox 1128 2616 1418 2688; x_wconf 90' lang='lat' dir='ltr'>propitius</span> <span class='ocrx_word' id='word_1_277' title='bbox 1465 2619 1868 2676; x_wconf 78' lang='lat' dir='ltr'>miserere2ut</span> 
     </span>
    </p>
   </div>
   <div class='ocr_carea' id='block_1_45' title="bbox 208 2702 1869 2778">
    <p class='ocr_par' dir='ltr' id='par_1_45' title="bbox 208 2702 1869 2778">
     <span class='ocr_line' id='line_1_45' title="bbox 208 2702 1869 2778; baseline 0.003 -19"><span class='ocrx_word' id='word_1_278' title='bbox 208 2720 477 2778; x_wconf 88' lang='lat' dir='ltr'>quorum</span> <span class='ocrx_word' id='word_1_279' title='bbox 516 2708 572 2760; x_wconf 88' lang='lat' dir='ltr'>te</span> <span class='ocrx_word' id='word_1_280' title='bbox 610 2719 732 2761; x_wconf 91' lang='lat' dir='ltr'>non</span> <span class='ocrx_word' id='word_1_281' title='bbox 756 2702 941 2761; x_wconf 86' lang='lat' dir='ltr'>latent</span> <span class='ocrx_word' id='word_1_282' title='bbox 958 2705 1212 2777; x_wconf 87' lang='lat' dir='ltr'>occulta,</span> <span class='ocrx_word' id='word_1_283' title='bbox 1251 2706 1344 2761; x_wconf 92' lang='lat' dir='ltr'>his</span> <span class='ocrx_word' id='word_1_284' title='bbox 1382 2705 1456 2762; x_wconf 93' lang='lat' dir='ltr'>de</span> <span class='ocrx_word' id='word_1_285' title='bbox 1473 2710 1529 2762; x_wconf 92' lang='lat' dir='ltr'>te</span> <span class='ocrx_word' id='word_1_286' title='bbox 1565 2708 1869 2765; x_wconf 77' lang='lat' dir='ltr'>conﬁden-</span> 
     </span>
    </p>
   </div>
   <div class='ocr_carea' id='block_1_46' title="bbox 207 2793 1865 2869">
    <p class='ocr_par' dir='ltr' id='par_1_46' title="bbox 207 2793 1865 2869">
     <span class='ocr_line' id='line_1_46' title="bbox 207 2793 1865 2869; baseline 0.002 -20"><span class='ocrx_word' id='word_1_287' title='bbox 207 2793 373 2849; x_wconf 88' lang='lat' dir='ltr'>tibus</span> <span class='ocrx_word' id='word_1_288' title='bbox 401 2793 660 2850; x_wconf 88' lang='lat' dir='ltr'>donetur</span> <span class='ocrx_word' id='word_1_289' title='bbox 680 2793 1084 2851; x_wconf 86' lang='lat' dir='ltr'>misericordia</span> <span class='ocrx_word' id='word_1_290' title='bbox 1102 2794 1419 2852; x_wconf 89' lang='lat' dir='ltr'>manifesta</span> <span class='ocrx_word' id='word_1_291' title='bbox 1450 2816 1463 2850; x_wconf 89' lang='lat'><strong>:</strong></span> <span class='ocrx_word' id='word_1_292' title='bbox 1509 2797 1731 2867; x_wconf 90' lang='lat' dir='ltr'>quique</span> <span class='ocrx_word' id='word_1_293' title='bbox 1756 2813 1865 2869; x_wconf 89' lang='lat' dir='ltr'>pro</span> 
     </span>
    </p>
   </div>
   <div class='ocr_carea' id='block_1_47' title="bbox 207 2881 1864 2955">
    <p class='ocr_par' dir='ltr' id='par_1_47' title="bbox 207 2881 1864 2955">
     <span class='ocr_line' id='line_1_47' title="bbox 207 2881 1864 2955; baseline 0.002 -19"><span class='ocrx_word' id='word_1_294' title='bbox 207 2881 496 2937; x_wconf 87' lang='lat' dir='ltr'>admissis</span> <span class='ocrx_word' id='word_1_295' title='bbox 520 2883 755 2937; x_wconf 88' lang='lat' dir='ltr'>interno</span> <span class='ocrx_word' id='word_1_296' title='bbox 784 2884 982 2951; x_wconf 81' lang='lat' dir='ltr'>rugitu</span> <span class='ocrx_word' id='word_1_297' title='bbox 1009 2884 1305 2953; x_wconf 89' lang='lat' dir='ltr'>geminus,</span> <span class='ocrx_word' id='word_1_298' title='bbox 1320 2887 1499 2955; x_wconf 88' lang='lat' dir='ltr'>etpro</span> <span class='ocrx_word' id='word_1_299' title='bbox 1516 2885 1864 2941; x_wconf 87' lang='lat' dir='ltr'>remissione</span> 
     </span>
    </p>
   </div>
   <div class='ocr_carea' id='block_1_48' title="bbox 206 2972 1861 3045">
    <p class='ocr_par' dir='ltr' id='par_1_48' title="bbox 206 2972 1861 3045">
     <span class='ocr_line' id='line_1_48' title="bbox 206 2972 1861 3045; baseline 0.003 -20"><span class='ocrx_word' id='word_1_300' title='bbox 206 2976 596 3042; x_wconf 84' lang='lat' dir='ltr'>peccatorum</span> <span class='ocrx_word' id='word_1_301' title='bbox 617 2975 957 3027; x_wconf 88' lang='lat' dir='ltr'>nostrorum</span> <span class='ocrx_word' id='word_1_302' title='bbox 969 2972 1290 3028; x_wconf 91' lang='lat' dir='ltr'>criminum</span> <span class='ocrx_word' id='word_1_303' title='bbox 1309 2974 1679 3045; x_wconf 89' lang='lat' dir='ltr'>suspiramus</span> <span class='ocrx_word' id='word_1_304' title='bbox 1698 2992 1711 3041; x_wconf 93' lang='lat'><strong>;</strong></span> <span class='ocrx_word' id='word_1_305' title='bbox 1739 2989 1861 3030; x_wconf 92' lang='lat' dir='ltr'>non</span> 
     </span>
    </p>
   </div>
   <div class='ocr_carea' id='block_1_49' title="bbox 206 3059 1861 3134">
    <p class='ocr_par' dir='ltr' id='par_1_49' title="bbox 206 3059 1861 3134">
     <span class='ocr_line' id='line_1_49' title="bbox 206 3059 1861 3134; baseline 0.001 -19"><span class='ocrx_word' id='word_1_306' title='bbox 206 3074 319 3115; x_wconf 89' lang='lat' dir='ltr'>nos</span> <span class='ocrx_word' id='word_1_307' title='bbox 354 3075 388 3114; x_wconf 85' lang='lat' dir='ltr'>a</span> <span class='ocrx_word' id='word_1_308' title='bbox 417 3060 572 3115; x_wconf 85' lang='lat' dir='ltr'>facie</span> <span class='ocrx_word' id='word_1_309' title='bbox 595 3063 697 3115; x_wconf 88' lang='lat' dir='ltr'>tua</span> <span class='ocrx_word' id='word_1_310' title='bbox 721 3059 999 3131; x_wconf 87' lang='lat' dir='ltr'>projicias</span> <span class='ocrx_word' id='word_1_311' title='bbox 1031 3076 1044 3115; x_wconf 89' lang='lat'><strong>:</strong></span> <span class='ocrx_word' id='word_1_312' title='bbox 1086 3060 1191 3117; x_wconf 90' lang='lat' dir='ltr'>sed</span> <span class='ocrx_word' id='word_1_313' title='bbox 1224 3060 1329 3117; x_wconf 89' lang='lat' dir='ltr'>tibi</span> <span class='ocrx_word' id='word_1_314' title='bbox 1350 3061 1462 3117; x_wconf 89' lang='lat' dir='ltr'>soli</span> <span class='ocrx_word' id='word_1_315' title='bbox 1509 3060 1711 3118; x_wconf 86' lang='lat' dir='ltr'>debita</span> <span class='ocrx_word' id='word_1_316' title='bbox 1741 3062 1861 3134; x_wconf 91' lang='lat' dir='ltr'>pie-</span> 
     </span>
    </p>
   </div>
   <div class='ocr_carea' id='block_1_50' title="bbox 206 3147 1854 3221">
    <p class='ocr_par' dir='ltr' id='par_1_50' title="bbox 206 3147 1854 3221">
     <span class='ocr_line' id='line_1_50' title="bbox 206 3147 1854 3221; baseline 0.002 -19"><span class='ocrx_word' id='word_1_317' title='bbox 206 3152 326 3203; x_wconf 85' lang='lat' dir='ltr'>tate</span> <span class='ocrx_word' id='word_1_318' title='bbox 359 3147 433 3202; x_wconf 84' lang='lat' dir='ltr'>ad</span> <span class='ocrx_word' id='word_1_319' title='bbox 481 3147 869 3217; x_wconf 88' lang='lat' dir='ltr'>indulgentim</span> <span class='ocrx_word' id='word_1_320' title='bbox 922 3152 1161 3220; x_wconf 88' lang='lat' dir='ltr'>portum</span> <span class='ocrx_word' id='word_1_321' title='bbox 1208 3149 1505 3206; x_wconf 87' lang='lat' dir='ltr'>adducas.</span> <span class='ocrx_word' id='word_1_322' title='bbox 1538 3161 1603 3221; x_wconf 68' lang='grc' dir='ltr'>Ην.</span> <span class='ocrx_word' id='word_1_323' title='bbox 1647 3154 1854 3208; x_wconf 85' lang='lat' dir='ltr'>Amen.</span> 
     </span>
    </p>
   </div>
   <div class='ocr_carea' id='block_1_51' title="bbox 281 3236 1127 3293">
    <p class='ocr_par' dir='ltr' id='par_1_51' title="bbox 281 3236 1127 3293">
     <span class='ocr_line' id='line_1_51' title="bbox 281 3236 1127 3293; baseline 0.002 -3"><span class='ocrx_word' id='word_1_324' title='bbox 281 3236 392 3291; x_wconf 87' lang='lat' dir='ltr'>Per</span> <span class='ocrx_word' id='word_1_325' title='bbox 439 3237 913 3293; x_wconf 89' lang='lat' dir='ltr'>misericordiam</span> <span class='ocrx_word' id='word_1_326' title='bbox 939 3242 1127 3293; x_wconf 91' lang='lat' dir='ltr'>tuam.</span> 
     </span>
    </p>
   </div>
   <div class='ocr_carea' id='block_1_52' title="bbox 283 3326 1863 3400">
    <p class='ocr_par' dir='ltr' id='par_1_52' title="bbox 283 3326 1863 3400">
     <span class='ocr_line' id='line_1_52' title="bbox 283 3326 1863 3400; baseline 0.002 -20"><span class='ocrx_word' id='word_1_327' title='bbox 283 3327 638 3398; x_wconf 73' lang='lat' dir='ltr'>Antiphona.</span> <span class='ocrx_word' id='word_1_328' title='bbox 663 3326 844 3392; x_wconf 85' lang='lat' dir='ltr'>Quasi</span> <span class='ocrx_word' id='word_1_329' title='bbox 868 3326 1225 3383; x_wconf 89' lang='lat' dir='ltr'>inundantes</span> <span class='ocrx_word' id='word_1_330' title='bbox 1267 3341 1460 3400; x_wconf 88' lang='lat' dir='ltr'>aqum,</span> <span class='ocrx_word' id='word_1_331' title='bbox 1489 3326 1575 3382; x_wconf 90' lang='lat' dir='ltr'>sic</span> <span class='ocrx_word' id='word_1_332' title='bbox 1633 3328 1863 3397; x_wconf 85' lang='lat' dir='ltr'>rugitus</span> 
     </span>
    </p>
   </div>
   <div class='ocr_carea' id='block_1_53' title="bbox 208 3414 1406 3472">
    <p class='ocr_par' dir='ltr' id='par_1_53' title="bbox 208 3414 1406 3472">
     <span class='ocr_line' id='line_1_53' title="bbox 208 3414 1406 3472; baseline -0.001 -2"><span class='ocrx_word' id='word_1_333' title='bbox 208 3419 414 3471; x_wconf 89' lang='lat' dir='ltr'>noster</span> <span class='ocrx_word' id='word_1_334' title='bbox 452 3419 591 3472; x_wconf 89' lang='lat' dir='ltr'>ante</span> <span class='ocrx_word' id='word_1_335' title='bbox 616 3421 671 3471; x_wconf 89' lang='lat' dir='ltr'>te</span> <span class='ocrx_word' id='word_1_336' title='bbox 716 3414 964 3470; x_wconf 91' lang='lat' dir='ltr'>Domine</span> <span class='ocrx_word' id='word_1_337' title='bbox 1003 3416 1155 3471; x_wconf 87' lang='lat' dir='ltr'>Deus</span> <span class='ocrx_word' id='word_1_338' title='bbox 1185 3420 1406 3472; x_wconf 89' lang='lat' dir='ltr'>noster.</span> 
     </span>
    </p>
   </div>
   <div class='ocr_carea' id='block_1_54' title="bbox 646 3503 1433 3575">
    <p class='ocr_par' dir='ltr' id='par_1_54' title="bbox 646 3503 1433 3575">
     <span class='ocr_line' id='line_1_54' title="bbox 646 3503 1433 3575; baseline 0.001 -17"><span class='ocrx_word' id='word_1_339' title='bbox 646 3504 951 3560; x_wconf 72' lang='lat' dir='ltr'>Canticum</span> <span class='ocrx_word' id='word_1_340' title='bbox 991 3503 1091 3560; x_wconf 85' lang='lat' dir='ltr'>Job</span> <span class='ocrx_word' id='word_1_341' title='bbox 1132 3505 1296 3575; x_wconf 84' lang='lat' dir='ltr'>(Cap.</span> <span class='ocrx_word' id='word_1_342' title='bbox 1336 3513 1433 3575; x_wconf 86' lang='lat' dir='ltr'>IlI).</span> 
     </span>
    </p>
   </div>
   <div class='ocr_carea' id='block_1_55' title="bbox 285 3592 1865 3666">
    <p class='ocr_par' dir='ltr' id='par_1_55' title="bbox 285 3592 1865 3666">
     <span class='ocr_line' id='line_1_55' title="bbox 285 3592 1865 3666; baseline 0.001 -19"><span class='ocrx_word' id='word_1_343' title='bbox 285 3595 491 3650; x_wconf 90' lang='lat' dir='ltr'>Pereat</span> <span class='ocrx_word' id='word_1_344' title='bbox 524 3594 651 3649; x_wconf 89' lang='lat' dir='ltr'>dies</span> <span class='ocrx_word' id='word_1_345' title='bbox 684 3594 747 3648; x_wconf 91' lang='lat' dir='ltr'>in</span> <span class='ocrx_word' id='word_1_346' title='bbox 770 3608 895 3665; x_wconf 90' lang='lat' dir='ltr'>qua</span> <span class='ocrx_word' id='word_1_347' title='bbox 924 3597 1098 3649; x_wconf 88' lang='lat' dir='ltr'>natus</span> <span class='ocrx_word' id='word_1_348' title='bbox 1125 3594 1305 3658; x_wconf 74' lang='lat' dir='ltr'>sum,’</span> <span class='ocrx_word' id='word_1_349' title='bbox 1332 3599 1388 3650; x_wconf 87' lang='lat' dir='ltr'>et</span> <span class='ocrx_word' id='word_1_350' title='bbox 1414 3604 1535 3650; x_wconf 83' lang='lat' dir='ltr'>nox</span> <span class='ocrx_word' id='word_1_351' title='bbox 1554 3594 1616 3650; x_wconf 91' lang='lat' dir='ltr'>in</span> <span class='ocrx_word' id='word_1_352' title='bbox 1639 3608 1761 3666; x_wconf 89' lang='lat' dir='ltr'>qua</span> <span class='ocrx_word' id='word_1_353' title='bbox 1776 3592 1865 3649; x_wconf 86' lang='lat' dir='ltr'>di-</span> 
     </span>
    </p>
   </div>
   <div class='ocr_carea' id='block_1_56' title="bbox 215 3682 1225 3754">
    <p class='ocr_par' dir='ltr' id='par_1_56' title="bbox 215 3682 1225 3754">
     <span class='ocr_line' id='line_1_56' title="bbox 215 3682 1225 3754; baseline 0 -17"><span class='ocrx_word' id='word_1_354' title='bbox 215 3687 369 3737; x_wconf 84' lang='lat' dir='ltr'>ctum</span> <span class='ocrx_word' id='word_1_355' title='bbox 391 3687 479 3739; x_wconf 91' lang='lat' dir='ltr'>est</span> <span class='ocrx_word' id='word_1_356' title='bbox 497 3698 513 3737; x_wconf 90' lang='lat'><strong>:</strong></span> <span class='ocrx_word' id='word_1_357' title='bbox 534 3684 869 3754; x_wconf 85' lang='lat' dir='ltr'>Conceptus</span> <span class='ocrx_word' id='word_1_358' title='bbox 906 3687 997 3738; x_wconf 89' lang='lat' dir='ltr'>est</span> <span class='ocrx_word' id='word_1_359' title='bbox 1021 3682 1225 3738; x_wconf 93' lang='lat' dir='ltr'>homo.</span> 
     </span>
    </p>
   </div>
   <div class='ocr_carea' id='block_1_57' title="bbox 289 3770 1865 3843">
    <p class='ocr_par' dir='ltr' id='par_1_57' title="bbox 289 3770 1865 3843">
     <span class='ocr_line' id='line_1_57' title="bbox 289 3770 1865 3843; baseline -0.001 -17"><span class='ocrx_word' id='word_1_360' title='bbox 289 3772 421 3826; x_wconf 88' lang='lat' dir='ltr'>Dies</span> <span class='ocrx_word' id='word_1_361' title='bbox 442 3772 543 3826; x_wconf 91' lang='lat' dir='ltr'>illa</span> <span class='ocrx_word' id='word_1_362' title='bbox 570 3775 836 3826; x_wconf 90' lang='lat' dir='ltr'>vertatur</span> <span class='ocrx_word' id='word_1_363' title='bbox 850 3771 910 3825; x_wconf 91' lang='lat' dir='ltr'>in</span> <span class='ocrx_word' id='word_1_364' title='bbox 936 3770 1234 3835; x_wconf 87' lang='lat' dir='ltr'>tenebras,</span> <span class='ocrx_word' id='word_1_365' title='bbox 1272 3772 1426 3826; x_wconf 85' lang='lat' dir='ltr'>&#39;non</span> <span class='ocrx_word' id='word_1_366' title='bbox 1446 3772 1705 3843; x_wconf 88' lang='lat' dir='ltr'>requiret</span> <span class='ocrx_word' id='word_1_367' title='bbox 1731 3784 1865 3827; x_wconf 86' lang='lat' dir='ltr'>eam</span> 
     </span>
    </p>
   </div>
   <div class='ocr_carea' id='block_1_58' title="bbox 214 3858 1539 3931">
    <p class='ocr_par' dir='ltr' id='par_1_58' title="bbox 214 3858 1539 3931">
     <span class='ocr_line' id='line_1_58' title="bbox 214 3858 1539 3931; baseline -0.001 -15"><span class='ocrx_word' id='word_1_368' title='bbox 214 3861 375 3916; x_wconf 90' lang='lat' dir='ltr'>Deus</span> <span class='ocrx_word' id='word_1_369' title='bbox 407 3859 689 3931; x_wconf 88' lang='lat' dir='ltr'>desuper,</span> <span class='ocrx_word' id='word_1_370' title='bbox 722 3862 779 3915; x_wconf 89' lang='lat' dir='ltr'>et</span> <span class='ocrx_word' id='word_1_371' title='bbox 804 3873 924 3914; x_wconf 90' lang='lat' dir='ltr'>non</span> <span class='ocrx_word' id='word_1_372' title='bbox 944 3858 1269 3915; x_wconf 91' lang='lat' dir='ltr'>illustretur</span> <span class='ocrx_word' id='word_1_373' title='bbox 1298 3859 1539 3915; x_wconf 88' lang='lat' dir='ltr'>lumine.</span> 
     </span>
    </p>
   </div>
   <div class='ocr_carea' id='block_1_59' title="bbox 286 3948 1869 4018">
    <p class='ocr_par' dir='ltr' id='par_1_59' title="bbox 286 3948 1869 4018">
     <span class='ocr_line' id='line_1_59' title="bbox 286 3948 1869 4018; baseline 0 -14"><span class='ocrx_word' id='word_1_374' title='bbox 286 3950 621 4005; x_wconf 85' lang='lat' dir='ltr'>Obscurent</span> <span class='ocrx_word' id='word_1_375' title='bbox 644 3963 772 4003; x_wconf 89' lang='lat' dir='ltr'>eam</span> <span class='ocrx_word' id='word_1_376' title='bbox 798 3949 1078 4013; x_wconf 85' lang='lat' dir='ltr'>tenebrm,</span> <span class='ocrx_word' id='word_1_377' title='bbox 1110 3952 1167 4004; x_wconf 88' lang='lat' dir='ltr'>et</span> <span class='ocrx_word' id='word_1_378' title='bbox 1203 3948 1435 4004; x_wconf 75' lang='lat' dir='ltr'>umbrae</span> <span class='ocrx_word' id='word_1_379' title='bbox 1461 3948 1691 4018; x_wconf 92' lang='lat' dir='ltr'>mortis,</span> <span class='ocrx_word' id='word_1_380' title='bbox 1713 3950 1734 3971; x_wconf 82' lang='grc'><strong>·</strong></span> <span class='ocrx_word' id='word_1_381' title='bbox 1774 3964 1869 4005; x_wconf 91' lang='lat' dir='ltr'>oc-</span> 
     </span>
    </p>
   </div>
   <div class='ocr_carea' id='block_1_60' title="bbox 210 4035 1649 4108">
    <p class='ocr_par' dir='ltr' id='par_1_60' title="bbox 210 4035 1649 4108">
     <span class='ocr_line' id='line_1_60' title="bbox 210 4035 1649 4108; baseline -0.001 -16"><span class='ocrx_word' id='word_1_382' title='bbox 210 4041 401 4108; x_wconf 86' lang='lat' dir='ltr'>cupet</span> <span class='ocrx_word' id='word_1_383' title='bbox 429 4052 566 4092; x_wconf 87' lang='lat' dir='ltr'>eam</span> <span class='ocrx_word' id='word_1_384' title='bbox 590 4035 804 4105; x_wconf 86' lang='lat' dir='ltr'>caligo,</span> <span class='ocrx_word' id='word_1_385' title='bbox 864 4036 1201 4093; x_wconf 87' lang='lat' dir='ltr'>involvatur</span> <span class='ocrx_word' id='word_1_386' title='bbox 1227 4035 1649 4093; x_wconf 89' lang='lat' dir='ltr'>amaritudine.</span> 
     </span>
    </p>
   </div>
   <div class='ocr_carea' id='block_1_61' title="bbox 290 4122 1868 4195">
    <p class='ocr_par' dir='ltr' id='par_1_61' title="bbox 290 4122 1868 4195">
     <span class='ocr_line' id='line_1_61' title="bbox 290 4122 1868 4195; baseline 0.001 -16"><span class='ocrx_word' id='word_1_387' title='bbox 290 4128 536 4179; x_wconf 83' lang='lat' dir='ltr'>Noctem</span> <span class='ocrx_word' id='word_1_388' title='bbox 558 4124 718 4181; x_wconf 89' lang='lat' dir='ltr'>illam</span> <span class='ocrx_word' id='word_1_389' title='bbox 748 4124 1097 4181; x_wconf 87' lang='lat' dir='ltr'>tenebrosus</span> <span class='ocrx_word' id='word_1_390' title='bbox 1141 4126 1314 4180; x_wconf 87' lang='lat' dir='ltr'>turbo</span> <span class='ocrx_word' id='word_1_391' title='bbox 1334 4122 1663 4195; x_wconf 87' lang='lat' dir='ltr'>possideat,</span> <span class='ocrx_word' id='word_1_392' title='bbox 1700 4125 1717 4143; x_wconf 87' lang='lat'><strong>&#39;</strong></span> <span class='ocrx_word' id='word_1_393' title='bbox 1746 4138 1868 4181; x_wconf 92' lang='lat' dir='ltr'>non</span> 
     </span>
    </p>
   </div>
   <div class='ocr_carea' id='block_1_62' title="bbox 213 4212 1870 4283">
    <p class='ocr_par' dir='ltr' id='par_1_62' title="bbox 213 4212 1870 4283">
     <span class='ocr_line' id='line_1_62' title="bbox 213 4212 1870 4283; baseline -0.001 -14"><span class='ocrx_word' id='word_1_394' title='bbox 213 4215 603 4283; x_wconf 86' lang='lat' dir='ltr'>computetur</span> <span class='ocrx_word' id='word_1_395' title='bbox 626 4213 687 4269; x_wconf 89' lang='lat' dir='ltr'>in</span> <span class='ocrx_word' id='word_1_396' title='bbox 712 4213 926 4270; x_wconf 87' lang='lat' dir='ltr'>diebus</span> <span class='ocrx_word' id='word_1_397' title='bbox 954 4214 1232 4278; x_wconf 91' lang='lat' dir='ltr'>anni,nec</span> <span class='ocrx_word' id='word_1_398' title='bbox 1252 4217 1599 4269; x_wconf 89' lang='lat' dir='ltr'>numeretur</span> <span class='ocrx_word' id='word_1_399' title='bbox 1625 4212 1690 4268; x_wconf 92' lang='lat' dir='ltr'>in</span> <span class='ocrx_word' id='word_1_400' title='bbox 1707 4228 1870 4269; x_wconf 89' lang='lat' dir='ltr'>men-</span> 
     </span>
    </p>
   </div>
   <div class='ocr_carea' id='block_1_63' title="bbox 215 4300 422 4357">
    <p class='ocr_par' dir='ltr' id='par_1_63' title="bbox 215 4300 422 4357">
     <span class='ocr_line' id='line_1_63' title="bbox 215 4300 422 4357; baseline -0.014 0"><span class='ocrx_word' id='word_1_401' title='bbox 215 4300 422 4357; x_wconf 83' lang='lat' dir='ltr'>sibus.</span> 
     </span>
    </p>
   </div>
   <div class='ocr_carea' id='block_1_64' title="bbox 290 4389 1871 4461">
    <p class='ocr_par' dir='ltr' id='par_1_64' title="bbox 290 4389 1871 4461">
     <span class='ocr_line' id='line_1_64' title="bbox 290 4389 1871 4461; baseline -0.001 -14"><span class='ocrx_word' id='word_1_402' title='bbox 290 4390 350 4447; x_wconf 86' lang='lat' dir='ltr'>Si</span> <span class='ocrx_word' id='word_1_403' title='bbox 377 4404 501 4445; x_wconf 84' lang='lat' dir='ltr'>nox</span> <span class='ocrx_word' id='word_1_404' title='bbox 526 4390 619 4446; x_wconf 86' lang='lat' dir='ltr'>illa</span> <span class='ocrx_word' id='word_1_405' title='bbox 646 4391 927 4456; x_wconf 89' lang='lat' dir='ltr'>solitaria,</span> <span class='ocrx_word' id='word_1_406' title='bbox 954 4406 1065 4447; x_wconf 90' lang='lat' dir='ltr'>nec</span> <span class='ocrx_word' id='word_1_407' title='bbox 1119 4390 1294 4446; x_wconf 89' lang='lat' dir='ltr'>laude</span> <span class='ocrx_word' id='word_1_408' title='bbox 1341 4390 1527 4461; x_wconf 87' lang='lat' dir='ltr'>digna</span> <span class='ocrx_word' id='word_1_409' title='bbox 1559 4390 1617 4445; x_wconf 73' lang='grc' dir='ltr'>τ’</span> <span class='ocrx_word' id='word_1_410' title='bbox 1636 4389 1871 4447; x_wconf 80' lang='lat' dir='ltr'>Maledi-</span> 
     </span>
    </p>
   </div>
   <div class='ocr_carea' id='block_1_65' title="bbox 2040 1915 3614 1989">
    <p class='ocr_par' dir='ltr' id='par_1_65' title="bbox 2040 1915 3614 1989">
     <span class='ocr_line' id='line_1_65' title="bbox 2040 1915 3614 1989; baseline -0.001 -17"><span class='ocrx_word' id='word_1_411' title='bbox 2040 1921 2375 1989; x_wconf 83' lang='lat' dir='ltr'>Antequam</span> <span class='ocrx_word' id='word_1_412' title='bbox 2390 1918 2708 1974; x_wconf 89' lang='lat' dir='ltr'>comedam</span> <span class='ocrx_word' id='word_1_413' title='bbox 2730 1918 2997 1989; x_wconf 88' lang='lat' dir='ltr'>suspiro:</span> <span class='ocrx_word' id='word_1_414' title='bbox 3026 1918 3041 1936; x_wconf 85' lang='lat'>&#39;</span> <span class='ocrx_word' id='word_1_415' title='bbox 3064 1920 3119 1972; x_wconf 90' lang='lat' dir='ltr'>et</span> <span class='ocrx_word' id='word_1_416' title='bbox 3130 1915 3303 1988; x_wconf 89' lang='lat' dir='ltr'>quasi</span> <span class='ocrx_word' id='word_1_417' title='bbox 3316 1915 3614 1972; x_wconf 79' lang='lat' dir='ltr'>inundan-</span> 
     </span>
    </p>
   </div>
   <div class='ocr_carea' id='block_1_66' title="bbox 1970 2006 2885 2077">
    <p class='ocr_par' dir='ltr' id='par_1_66' title="bbox 1970 2006 2885 2077">
     <span class='ocr_line' id='line_1_66' title="bbox 1970 2006 2885 2077; baseline -0.001 -15"><span class='ocrx_word' id='word_1_418' title='bbox 1970 2009 2055 2062; x_wconf 90' lang='lat' dir='ltr'>tes</span> <span class='ocrx_word' id='word_1_419' title='bbox 2080 2021 2274 2077; x_wconf 89' lang='lat' dir='ltr'>aqum,</span> <span class='ocrx_word' id='word_1_420' title='bbox 2309 2006 2391 2061; x_wconf 91' lang='lat' dir='ltr'>sic</span> <span class='ocrx_word' id='word_1_421' title='bbox 2414 2006 2641 2075; x_wconf 87' lang='lat' dir='ltr'>rugitus</span> <span class='ocrx_word' id='word_1_422' title='bbox 2671 2022 2841 2062; x_wconf 91' lang='lat' dir='ltr'>meus</span> <span class='ocrx_word' id='word_1_423' title='bbox 2872 2022 2885 2061; x_wconf 89' lang='lat'><strong>:</strong></span> 
     </span>
    </p>
   </div>
   <div class='ocr_carea' id='block_1_67' title="bbox 2038 2090 3613 2166">
    <p class='ocr_par' dir='ltr' id='par_1_67' title="bbox 2038 2090 3613 2166">
     <span class='ocr_line' id='line_1_67' title="bbox 2038 2090 3613 2166; baseline -0.006 -11"><span class='ocrx_word' id='word_1_424' title='bbox 2038 2095 2185 2155; x_wconf 87' lang='lat' dir='ltr'>Quia</span> <span class='ocrx_word' id='word_1_425' title='bbox 2200 2095 2591 2166; x_wconf 89' lang='lat' dir='ltr'>timor,quem</span> <span class='ocrx_word' id='word_1_426' title='bbox 2613 2094 2919 2160; x_wconf 90' lang='lat' dir='ltr'>timebam,</span> <span class='ocrx_word' id='word_1_427' title='bbox 2952 2091 3306 2150; x_wconf 90' lang='lat' dir='ltr'>evenitmihi</span> <span class='ocrx_word' id='word_1_428' title='bbox 3336 2092 3425 2151; x_wconf 89' lang='lat' dir='ltr'>:et</span> <span class='ocrx_word' id='word_1_429' title='bbox 3445 2090 3613 2163; x_wconf 90' lang='lat' dir='ltr'>quod</span> 
     </span>
    </p>
   </div>
   <div class='ocr_carea' id='block_1_68' title="bbox 1967 2184 2478 2239">
    <p class='ocr_par' dir='ltr' id='par_1_68' title="bbox 1967 2184 2478 2239">
     <span class='ocr_line' id='line_1_68' title="bbox 1967 2184 2478 2239; baseline 0.002 -1"><span class='ocrx_word' id='word_1_430' title='bbox 1967 2184 2218 2239; x_wconf 89' lang='lat' dir='ltr'>verebar</span> <span class='ocrx_word' id='word_1_431' title='bbox 2244 2184 2478 2239; x_wconf 91' lang='lat' dir='ltr'>accidit.</span> 
     </span>
    </p>
   </div>
   <div class='ocr_carea' id='block_1_69' title="bbox 2040 2268 3615 2343">
    <p class='ocr_par' dir='ltr' id='par_1_69' title="bbox 2040 2268 3615 2343">
     <span class='ocr_line' id='line_1_69' title="bbox 2040 2268 3615 2343; baseline -0.004 -14"><span class='ocrx_word' id='word_1_432' title='bbox 2040 2276 2243 2329; x_wconf 88' lang='lat' dir='ltr'>Nonne</span> <span class='ocrx_word' id='word_1_433' title='bbox 2269 2273 2636 2330; x_wconf 86' lang='lat' dir='ltr'>dissimulavi</span> <span class='ocrx_word' id='word_1_434' title='bbox 2660 2275 2690 2330; x_wconf 74' lang='lat' dir='ltr'>‘i‘</span> <span class='ocrx_word' id='word_1_435' title='bbox 2718 2287 2919 2329; x_wconf 90' lang='lat' dir='ltr'>nonne</span> <span class='ocrx_word' id='word_1_436' title='bbox 2940 2271 3074 2328; x_wconf 90' lang='lat' dir='ltr'>silui</span> <span class='ocrx_word' id='word_1_437' title='bbox 3092 2271 3322 2327; x_wconf 82' lang='lat' dir='ltr'>?nonne</span> <span class='ocrx_word' id='word_1_438' title='bbox 3334 2268 3534 2343; x_wconf 90' lang='lat' dir='ltr'>quievi</span> <span class='ocrx_word' id='word_1_439' title='bbox 3552 2268 3615 2322; x_wconf 67' lang='lat'>7&#39;</span> 
     </span>
    </p>
   </div>
   <div class='ocr_carea' id='block_1_70' title="bbox 1969 2361 2977 2435">
    <p class='ocr_par' dir='ltr' id='par_1_70' title="bbox 1969 2361 2977 2435">
     <span class='ocr_line' id='line_1_70' title="bbox 1969 2361 2977 2435; baseline 0.001 -17"><span class='ocrx_word' id='word_1_440' title='bbox 1969 2362 2213 2419; x_wconf 89' lang='lat' dir='ltr'>etvenit</span> <span class='ocrx_word' id='word_1_441' title='bbox 2250 2378 2429 2435; x_wconf 88' lang='lat' dir='ltr'>super</span> <span class='ocrx_word' id='word_1_442' title='bbox 2480 2377 2577 2417; x_wconf 91' lang='lat' dir='ltr'>me</span> <span class='ocrx_word' id='word_1_443' title='bbox 2618 2361 2977 2431; x_wconf 90' lang='lat' dir='ltr'>indignatio.</span> 
     </span>
    </p>
   </div>
   <div class='ocr_carea' id='block_1_71' title="bbox 2039 2447 3429 2519">
    <p class='ocr_par' dir='ltr' id='par_1_71' title="bbox 2039 2447 3429 2519">
     <span class='ocr_line' id='line_1_71' title="bbox 2039 2447 3429 2519; baseline -0.005 -12"><span class='ocrx_word' id='word_1_444' title='bbox 2039 2452 2373 2507; x_wconf 75' lang='lat' dir='ltr'>Reiteretur</span> <span class='ocrx_word' id='word_1_445' title='bbox 2411 2451 2777 2519; x_wconf 80' lang='lat' dir='ltr'>Antiphona.</span> <span class='ocrx_word' id='word_1_446' title='bbox 2812 2450 2992 2516; x_wconf 89' lang='lat' dir='ltr'>Quasi</span> <span class='ocrx_word' id='word_1_447' title='bbox 3049 2447 3429 2504; x_wconf 89' lang='lat' dir='ltr'>inundantes.</span> 
     </span>
    </p>
   </div>
   <div class='ocr_carea' id='block_1_72' title="bbox 2045 2534 3617 2606">
    <p class='ocr_par' dir='ltr' id='par_1_72' title="bbox 2045 2534 3617 2606">
     <span class='ocr_line' id='line_1_72' title="bbox 2045 2534 3617 2606; baseline -0.004 -10"><span class='ocrx_word' id='word_1_448' title='bbox 2045 2540 2272 2596; x_wconf 76' lang='lat' dir='ltr'>Oratio.</span> <span class='ocrx_word' id='word_1_449' title='bbox 2285 2540 2581 2600; x_wconf 84' lang='lat' dir='ltr'>Quamdiu</span> <span class='ocrx_word' id='word_1_450' title='bbox 2595 2554 2805 2594; x_wconf 89' lang='lat' dir='ltr'>sumus</span> <span class='ocrx_word' id='word_1_451' title='bbox 2818 2539 3066 2593; x_wconf 91' lang='lat' dir='ltr'>Domine</span> <span class='ocrx_word' id='word_1_452' title='bbox 3077 2538 3137 2592; x_wconf 90' lang='lat' dir='ltr'>in</span> <span class='ocrx_word' id='word_1_453' title='bbox 3150 2537 3328 2606; x_wconf 90' lang='lat' dir='ltr'>hujus</span> <span class='ocrx_word' id='word_1_454' title='bbox 3342 2536 3480 2591; x_wconf 90' lang='lat' dir='ltr'>vitm</span> <span class='ocrx_word' id='word_1_455' title='bbox 3497 2534 3617 2591; x_wconf 82' lang='lat' dir='ltr'>exi-</span> 
     </span>
    </p>
   </div>
   <div class='ocr_carea' id='block_1_73' title="bbox 1972 2623 3614 2696">
    <p class='ocr_par' dir='ltr' id='par_1_73' title="bbox 1972 2623 3614 2696">
     <span class='ocr_line' id='line_1_73' title="bbox 1972 2623 3614 2696; baseline -0.004 -12"><span class='ocrx_word' id='word_1_456' title='bbox 1972 2628 2072 2694; x_wconf 91' lang='lat' dir='ltr'>lio,</span> <span class='ocrx_word' id='word_1_457' title='bbox 2100 2643 2211 2682; x_wconf 89' lang='lat' dir='ltr'>nec</span> <span class='ocrx_word' id='word_1_458' title='bbox 2236 2626 2589 2682; x_wconf 88' lang='lat' dir='ltr'>autmalitim</span> <span class='ocrx_word' id='word_1_459' title='bbox 2601 2626 2866 2696; x_wconf 85' lang='lat' dir='ltr'>nequitia</span> <span class='ocrx_word' id='word_1_460' title='bbox 2880 2625 3096 2693; x_wconf 86' lang='lat' dir='ltr'>vigeat,</span> <span class='ocrx_word' id='word_1_461' title='bbox 3131 2638 3241 2677; x_wconf 90' lang='lat' dir='ltr'>nec</span> <span class='ocrx_word' id='word_1_462' title='bbox 3272 2629 3488 2677; x_wconf 90' lang='lat' dir='ltr'>nostrm</span> <span class='ocrx_word' id='word_1_463' title='bbox 3502 2623 3614 2678; x_wconf 84' lang='lat' dir='ltr'>vir-</span> 
     </span>
    </p>
   </div>
   <div class='ocr_carea' id='block_1_74' title="bbox 1974 2709 3613 2782">
    <p class='ocr_par' dir='ltr' id='par_1_74' title="bbox 1974 2709 3613 2782">
     <span class='ocr_line' id='line_1_74' title="bbox 1974 2709 3613 2782; baseline -0.005 -10"><span class='ocrx_word' id='word_1_464' title='bbox 1974 2717 2113 2773; x_wconf 87' lang='lat' dir='ltr'>tutis</span> <span class='ocrx_word' id='word_1_465' title='bbox 2143 2715 2327 2770; x_wconf 90' lang='lat' dir='ltr'>robur</span> <span class='ocrx_word' id='word_1_466' title='bbox 2346 2717 2602 2777; x_wconf 90' lang='lat' dir='ltr'>enervet,</span> <span class='ocrx_word' id='word_1_467' title='bbox 2638 2717 2738 2767; x_wconf 90' lang='lat' dir='ltr'>aut</span> <span class='ocrx_word' id='word_1_468' title='bbox 2766 2711 3148 2782; x_wconf 87' lang='lat' dir='ltr'>prmcipitatm</span> <span class='ocrx_word' id='word_1_469' title='bbox 3178 2710 3279 2763; x_wconf 87' lang='lat' dir='ltr'>irm</span> <span class='ocrx_word' id='word_1_470' title='bbox 3308 2709 3613 2763; x_wconf 88' lang='lat' dir='ltr'>turbulen-</span> 
     </span>
    </p>
   </div>
   <div class='ocr_carea' id='block_1_75' title="bbox 1972 2796 3615 2873">
    <p class='ocr_par' dir='ltr' id='par_1_75' title="bbox 1972 2796 3615 2873">
     <span class='ocr_line' id='line_1_75' title="bbox 1972 2796 3615 2873; baseline -0.009 -10"><span class='ocrx_word' id='word_1_471' title='bbox 1972 2812 2034 2863; x_wconf 89' lang='lat' dir='ltr'>ta</span> <span class='ocrx_word' id='word_1_472' title='bbox 2061 2803 2382 2861; x_wconf 91' lang='lat' dir='ltr'>commotio</span> <span class='ocrx_word' id='word_1_473' title='bbox 2406 2801 2874 2873; x_wconf 90' lang='lat' dir='ltr'>tranquilitatem</span> <span class='ocrx_word' id='word_1_474' title='bbox 2912 2803 3128 2854; x_wconf 90' lang='lat' dir='ltr'>nostrm</span> <span class='ocrx_word' id='word_1_475' title='bbox 3160 2797 3374 2851; x_wconf 91' lang='lat' dir='ltr'>mentis</span> <span class='ocrx_word' id='word_1_476' title='bbox 3404 2796 3615 2849; x_wconf 72' lang='lat' dir='ltr'>obscu~</span> 
     </span>
    </p>
   </div>
   <div class='ocr_carea' id='block_1_76' title="bbox 1972 2883 3613 2963">
    <p class='ocr_par' dir='ltr' id='par_1_76' title="bbox 1972 2883 3613 2963">
     <span class='ocr_line' id='line_1_76' title="bbox 1972 2883 3613 2963; baseline -0.009 -12"><span class='ocrx_word' id='word_1_477' title='bbox 1972 2891 2527 2963; x_wconf 44' lang='lat' dir='ltr'>ret,ﬁautcandorem</span> <span class='ocrx_word' id='word_1_478' title='bbox 2541 2888 2845 2944; x_wconf 87' lang='lat' dir='ltr'>munditim</span> <span class='ocrx_word' id='word_1_479' title='bbox 2875 2885 3204 2944; x_wconf 87' lang='lat' dir='ltr'>carnalium</span> <span class='ocrx_word' id='word_1_480' title='bbox 3242 2883 3613 2954; x_wconf 86' lang='lat' dir='ltr'>voluptatum</span> 
     </span>
    </p>
   </div>
   <div class='ocr_carea' id='block_1_77' title="bbox 1976 2969 3615 3042">
    <p class='ocr_par' dir='ltr' id='par_1_77' title="bbox 1976 2969 3615 3042">
     <span class='ocr_line' id='line_1_77' title="bbox 1976 2969 3615 3042; baseline -0.009 -3"><span class='ocrx_word' id='word_1_481' title='bbox 1976 2981 2285 3038; x_wconf 89' lang='lat' dir='ltr'>delectatio</span> <span class='ocrx_word' id='word_1_482' title='bbox 2316 2994 2556 3034; x_wconf 86' lang='lat' dir='ltr'>cmnosa</span> <span class='ocrx_word' id='word_1_483' title='bbox 2606 2976 3040 3041; x_wconf 84' lang='lat' dir='ltr'>commaculet;</span> <span class='ocrx_word' id='word_1_484' title='bbox 3066 2974 3166 3029; x_wconf 91' lang='lat' dir='ltr'>sed</span> <span class='ocrx_word' id='word_1_485' title='bbox 3201 2972 3378 3029; x_wconf 88' lang='lat' dir='ltr'>futuri</span> <span class='ocrx_word' id='word_1_486' title='bbox 3405 2969 3615 3042; x_wconf 90' lang='lat' dir='ltr'>judicii</span> 
     </span>
    </p>
   </div>
   <div class='ocr_carea' id='block_1_78' title="bbox 1972 3058 3618 3145">
    <p class='ocr_par' dir='ltr' id='par_1_78' title="bbox 1972 3058 3618 3145">
     <span class='ocr_line' id='line_1_78' title="bbox 1972 3058 3618 3145; baseline -0.007 -18"><span class='ocrx_word' id='word_1_487' title='bbox 1972 3070 2332 3145; x_wconf 83' lang='lat' dir='ltr'>prmstolatio</span> <span class='ocrx_word' id='word_1_488' title='bbox 2359 3068 2436 3124; x_wconf 87' lang='lat' dir='ltr'>ab</span> <span class='ocrx_word' id='word_1_489' title='bbox 2465 3066 2747 3123; x_wconf 90' lang='lat' dir='ltr'>omnibus</span> <span class='ocrx_word' id='word_1_490' title='bbox 2802 3063 3273 3139; x_wconf 89' lang='lat' dir='ltr'>inquinamentis</span> <span class='ocrx_word' id='word_1_491' title='bbox 3324 3077 3394 3119; x_wconf 89' lang='lat' dir='ltr'>ac</span> <span class='ocrx_word' id='word_1_492' title='bbox 3426 3058 3618 3117; x_wconf 91' lang='lat' dir='ltr'>sordi-</span> 
     </span>
    </p>
   </div>
   <div class='ocr_carea' id='block_1_79' title="bbox 1970 3156 2906 3226">
    <p class='ocr_par' dir='ltr' id='par_1_79' title="bbox 1970 3156 2906 3226">
     <span class='ocr_line' id='line_1_79' title="bbox 1970 3156 2906 3226; baseline -0.01 -9"><span class='ocrx_word' id='word_1_493' title='bbox 1970 3161 2085 3218; x_wconf 91' lang='lat' dir='ltr'>bus</span> <span class='ocrx_word' id='word_1_494' title='bbox 2114 3175 2226 3215; x_wconf 91' lang='lat' dir='ltr'>nos</span> <span class='ocrx_word' id='word_1_495' title='bbox 2257 3156 2565 3214; x_wconf 89' lang='lat' dir='ltr'>emundet.</span> <span class='ocrx_word' id='word_1_496' title='bbox 2608 3167 2672 3226; x_wconf 50' lang='lat' dir='ltr'>Ii.</span> <span class='ocrx_word' id='word_1_497' title='bbox 2700 3157 2906 3212; x_wconf 91' lang='lat' dir='ltr'>Amen.</span> 
     </span>
    </p>
   </div>
   <div class='ocr_carea' id='block_1_80' title="bbox 2041 3245 2665 3305">
    <p class='ocr_par' dir='ltr' id='par_1_80' title="bbox 2041 3245 2665 3305">
     <span class='ocr_line' id='line_1_80' title="bbox 2041 3245 2665 3305; baseline -0.003 -4"><span class='ocrx_word' id='word_1_498' title='bbox 2041 3248 2152 3305; x_wconf 91' lang='lat' dir='ltr'>Per</span> <span class='ocrx_word' id='word_1_499' title='bbox 2175 3245 2665 3304; x_wconf 88' lang='lat' dir='ltr'>misericordiam.</span> 
     </span>
    </p>
   </div>
   <div class='ocr_carea' id='block_1_81' title="bbox 2550 3332 3034 3389">
    <p class='ocr_par' dir='ltr' id='par_1_81' title="bbox 2550 3332 3034 3389">
     <span class='ocr_line' id='line_1_81' title="bbox 2550 3332 3034 3389; baseline -0.006 0"><span class='ocrx_word' id='word_1_500' title='bbox 2550 3332 3034 3389; x_wconf 74' lang='lat' dir='ltr'>Matutinam&#39;um.</span> 
     </span>
    </p>
   </div>
   <div class='ocr_carea' id='block_1_82' title="bbox 2042 3410 3608 3488">
    <p class='ocr_par' dir='ltr' id='par_1_82' title="bbox 2042 3410 3608 3488">
     <span class='ocr_line' id='line_1_82' title="bbox 2042 3410 3608 3488; baseline -0.013 -6"><span class='ocrx_word' id='word_1_501' title='bbox 2042 3426 2139 3482; x_wconf 84' lang='lat' dir='ltr'>Ad</span> <span class='ocrx_word' id='word_1_502' title='bbox 2177 3422 2545 3481; x_wconf 80' lang='lat' dir='ltr'>Benedictus.</span> <span class='ocrx_word' id='word_1_503' title='bbox 2602 3419 2969 3488; x_wconf 80' lang='lat' dir='ltr'>Antiphona.</span> <span class='ocrx_word' id='word_1_504' title='bbox 3012 3412 3302 3479; x_wconf 90' lang='lat' dir='ltr'>lllumina,</span> <span class='ocrx_word' id='word_1_505' title='bbox 3339 3410 3608 3474; x_wconf 90' lang='lat' dir='ltr'>Domine,</span> 
     </span>
    </p>
   </div>
   <div class='ocr_carea' id='block_1_83' title="bbox 1971 3499 3611 3582">
    <p class='ocr_par' dir='ltr' id='par_1_83' title="bbox 1971 3499 3611 3582">
     <span class='ocr_line' id='line_1_83' title="bbox 1971 3499 3611 3582; baseline -0.012 -10"><span class='ocrx_word' id='word_1_506' title='bbox 1971 3515 2198 3571; x_wconf 90' lang='lat' dir='ltr'>vultum</span> <span class='ocrx_word' id='word_1_507' title='bbox 2224 3518 2391 3569; x_wconf 91' lang='lat' dir='ltr'>tuum</span> <span class='ocrx_word' id='word_1_508' title='bbox 2417 3524 2596 3582; x_wconf 90' lang='lat' dir='ltr'>super</span> <span class='ocrx_word' id='word_1_509' title='bbox 2624 3524 2752 3573; x_wconf 92' lang='lat' dir='ltr'>nos,</span> <span class='ocrx_word' id='word_1_510' title='bbox 2787 3513 2842 3562; x_wconf 87' lang='lat' dir='ltr'>et</span> <span class='ocrx_word' id='word_1_511' title='bbox 2882 3504 3158 3560; x_wconf 91' lang='lat' dir='ltr'>miserere</span> <span class='ocrx_word' id='word_1_512' title='bbox 3188 3499 3381 3555; x_wconf 90' lang='lat' dir='ltr'>nobis.</span> <span class='ocrx_word' id='word_1_513' title='bbox 3417 3501 3486 3554; x_wconf 91' lang='lat' dir='ltr'>Ut</span> <span class='ocrx_word' id='word_1_514' title='bbox 3515 3512 3611 3552; x_wconf 91' lang='lat' dir='ltr'>co-</span> 
     </span>
    </p>
   </div>
   <div class='ocr_carea' id='block_1_84' title="bbox 1974 3588 3616 3673">
    <p class='ocr_par' dir='ltr' id='par_1_84' title="bbox 1974 3588 3616 3673">
     <span class='ocr_line' id='line_1_84' title="bbox 1974 3588 3616 3673; baseline -0.013 -13"><span class='ocrx_word' id='word_1_515' title='bbox 1974 3618 2336 3673; x_wconf 90' lang='lat' dir='ltr'>gnoscamus</span> <span class='ocrx_word' id='word_1_516' title='bbox 2356 3600 2416 3655; x_wconf 91' lang='lat' dir='ltr'>in</span> <span class='ocrx_word' id='word_1_517' title='bbox 2446 3602 2602 3653; x_wconf 89' lang='lat' dir='ltr'>terra</span> <span class='ocrx_word' id='word_1_518' title='bbox 2624 3597 2783 3651; x_wconf 90' lang='lat' dir='ltr'>viam</span> <span class='ocrx_word' id='word_1_519' title='bbox 2815 3598 3001 3649; x_wconf 89' lang='lat' dir='ltr'>tuam.</span> <span class='ocrx_word' id='word_1_520' title='bbox 3027 3591 3087 3651; x_wconf 62' lang='lat' dir='ltr'>V.</span> <span class='ocrx_word' id='word_1_521' title='bbox 3154 3590 3307 3644; x_wconf 90' lang='lat' dir='ltr'>Deus</span> <span class='ocrx_word' id='word_1_522' title='bbox 3337 3588 3616 3642; x_wconf 91' lang='lat' dir='ltr'>miserea-</span> 
     </span>
    </p>
   </div>
   <div class='ocr_carea' id='block_1_85' title="bbox 1972 3673 3616 3761">
    <p class='ocr_par' dir='ltr' id='par_1_85' title="bbox 1972 3673 3616 3761">
     <span class='ocr_line' id='line_1_85' title="bbox 1972 3673 3616 3761; baseline -0.011 -14"><span class='ocrx_word' id='word_1_523' title='bbox 1972 3697 2067 3748; x_wconf 89' lang='lat' dir='ltr'>tur</span> <span class='ocrx_word' id='word_1_524' title='bbox 2102 3691 2274 3761; x_wconf 79' lang='lat'>196</span> <span class='ocrx_word' id='word_1_525' title='bbox 2297 3687 2490 3751; x_wconf 90' lang='lat' dir='ltr'>nobis,</span> <span class='ocrx_word' id='word_1_526' title='bbox 2520 3690 2575 3741; x_wconf 92' lang='lat' dir='ltr'>et</span> <span class='ocrx_word' id='word_1_527' title='bbox 2602 3683 2917 3740; x_wconf 89' lang='lat' dir='ltr'>benedicat</span> <span class='ocrx_word' id='word_1_528' title='bbox 2935 3695 3047 3736; x_wconf 91' lang='lat' dir='ltr'>nos</span> <span class='ocrx_word' id='word_1_529' title='bbox 3075 3678 3400 3734; x_wconf 83' lang='lat' dir='ltr'>:illuminet</span> <span class='ocrx_word' id='word_1_530' title='bbox 3421 3673 3616 3731; x_wconf 85' lang='lat' dir='ltr'>Domi-</span> 
     </span>
    </p>
   </div>
   <div class='ocr_carea' id='block_1_86' title="bbox 1972 3777 2940 3842">
    <p class='ocr_par' dir='ltr' id='par_1_86' title="bbox 1972 3777 2940 3842">
     <span class='ocr_line' id='line_1_86' title="bbox 1972 3777 2940 3842; baseline -0.011 -6"><span class='ocrx_word' id='word_1_531' title='bbox 1972 3795 2087 3836; x_wconf 90' lang='lat' dir='ltr'>nus</span> <span class='ocrx_word' id='word_1_532' title='bbox 2110 3777 2343 3834; x_wconf 91' lang='lat' dir='ltr'>vultum</span> <span class='ocrx_word' id='word_1_533' title='bbox 2373 3790 2551 3830; x_wconf 90' lang='lat' dir='ltr'>suum</span> <span class='ocrx_word' id='word_1_534' title='bbox 2603 3786 2783 3842; x_wconf 90' lang='lat' dir='ltr'>super</span> <span class='ocrx_word' id='word_1_535' title='bbox 2805 3786 2940 3827; x_wconf 91' lang='lat' dir='ltr'>nos.</span> 
     </span>
    </p>
   </div>
   <div class='ocr_carea' id='block_1_87' title="bbox 2048 3856 3361 3922">
    <p class='ocr_par' dir='ltr' id='par_1_87' title="bbox 2048 3856 3361 3922">
     <span class='ocr_line' id='line_1_87' title="bbox 2048 3856 3361 3922; baseline -0.011 1"><span class='ocrx_word' id='word_1_536' title='bbox 2048 3866 2368 3922; x_wconf 77' lang='lat' dir='ltr'>Canticum.</span> <span class='ocrx_word' id='word_1_537' title='bbox 2400 3861 2752 3919; x_wconf 89' lang='lat' dir='ltr'>Benedictus</span> <span class='ocrx_word' id='word_1_538' title='bbox 2807 3875 2870 3914; x_wconf 89' lang='lat' dir='ltr'>es</span> <span class='ocrx_word' id='word_1_539' title='bbox 2910 3858 3157 3914; x_wconf 91' lang='lat' dir='ltr'>Domine</span> <span class='ocrx_word' id='word_1_540' title='bbox 3188 3856 3361 3911; x_wconf 89' lang='lat' dir='ltr'>Deus.</span> 
     </span>
    </p>
   </div>
   <div class='ocr_carea' id='block_1_88' title="bbox 2050 3945 3616 4012">
    <p class='ocr_par' dir='ltr' id='par_1_88' title="bbox 2050 3945 3616 4012">
     <span class='ocr_line' id='line_1_88' title="bbox 2050 3945 3616 4012; baseline -0.01 0"><span class='ocrx_word' id='word_1_541' title='bbox 2050 3956 2282 4012; x_wconf 89' lang='lat' dir='ltr'>Lauda.</span> <span class='ocrx_word' id='word_1_542' title='bbox 2314 3952 2571 4009; x_wconf 89' lang='lat' dir='ltr'>Laudate</span> <span class='ocrx_word' id='word_1_543' title='bbox 2596 3965 2818 4006; x_wconf 91' lang='lat' dir='ltr'>nomen</span> <span class='ocrx_word' id='word_1_544' title='bbox 2858 3948 3091 4004; x_wconf 91' lang='lat' dir='ltr'>Domini</span> <span class='ocrx_word' id='word_1_545' title='bbox 3147 3948 3381 4001; x_wconf 91' lang='lat' dir='ltr'>montes</span> <span class='ocrx_word' id='word_1_546' title='bbox 3406 3945 3462 3998; x_wconf 91' lang='lat' dir='ltr'>et</span> <span class='ocrx_word' id='word_1_547' title='bbox 3490 3956 3616 3997; x_wconf 92' lang='lat' dir='ltr'>om-</span> 
     </span>
    </p>
   </div>
   <div class='ocr_carea' id='block_1_89' title="bbox 1975 4030 3611 4113">
    <p class='ocr_par' dir='ltr' id='par_1_89' title="bbox 1975 4030 3611 4113">
     <span class='ocr_line' id='line_1_89' title="bbox 1975 4030 3611 4113; baseline -0.01 -12"><span class='ocrx_word' id='word_1_548' title='bbox 1975 4059 2082 4101; x_wconf 91' lang='lat' dir='ltr'>nes</span> <span class='ocrx_word' id='word_1_549' title='bbox 2110 4042 2319 4098; x_wconf 89' lang='lat' dir='ltr'>colles:</span> <span class='ocrx_word' id='word_1_550' title='bbox 2354 4039 2518 4113; x_wconf 89' lang='lat' dir='ltr'>ligna</span> <span class='ocrx_word' id='word_1_551' title='bbox 2566 4036 2884 4100; x_wconf 84' lang='lat' dir='ltr'>fructifera,</span> <span class='ocrx_word' id='word_1_552' title='bbox 2919 4040 2976 4092; x_wconf 89' lang='lat' dir='ltr'>et</span> <span class='ocrx_word' id='word_1_553' title='bbox 2998 4050 3209 4092; x_wconf 91' lang='lat' dir='ltr'>omnes</span> <span class='ocrx_word' id='word_1_554' title='bbox 3229 4032 3409 4089; x_wconf 90' lang='lat' dir='ltr'>cedri.</span> <span class='ocrx_word' id='word_1_555' title='bbox 3438 4030 3611 4087; x_wconf 83' lang='lat' dir='ltr'>Psal-</span> 
     </span>
    </p>
   </div>
   <div class='ocr_carea' id='block_1_90' title="bbox 1974 4146 2356 4189">
    <p class='ocr_par' dir='ltr' id='par_1_90' title="bbox 1974 4146 2356 4189">
     <span class='ocr_line' id='line_1_90' title="bbox 1974 4146 2356 4189; baseline -0.018 1"><span class='ocrx_word' id='word_1_556' title='bbox 1974 4148 2105 4189; x_wconf 87' lang='lat' dir='ltr'>mus</span> <span class='ocrx_word' id='word_1_557' title='bbox 2130 4146 2356 4187; x_wconf 76' lang='lat' dir='ltr'>CXLVIII.</span> 
     </span>
    </p>
   </div>
   <div class='ocr_carea' id='block_1_91' title="bbox 2295 4210 3295 4284">
    <p class='ocr_par' dir='ltr' id='par_1_91' title="bbox 2295 4210 3295 4284">
     <span class='ocr_line' id='line_1_91' title="bbox 2295 4210 3295 4284; baseline -0.008 -11"><span class='ocrx_word' id='word_1_558' title='bbox 2295 4219 2484 4275; x_wconf 86' lang='lat' dir='ltr'>Lectio</span> <span class='ocrx_word' id='word_1_559' title='bbox 2517 4216 2655 4273; x_wconf 80' lang='lat' dir='ltr'>libri</span> <span class='ocrx_word' id='word_1_560' title='bbox 2676 4213 2910 4271; x_wconf 76' lang='lat' dir='ltr'>Genesis</span> <span class='ocrx_word' id='word_1_561' title='bbox 2931 4212 3097 4284; x_wconf 83' lang='lat' dir='ltr'>(Cap.</span> <span class='ocrx_word' id='word_1_562' title='bbox 3122 4210 3295 4279; x_wconf 75' lang='lat' dir='ltr'>XLIX).</span> 
     </span>
    </p>
   </div>
   <div class='ocr_carea' id='block_1_92' title="bbox 2046 4307 2543 4380">
    <p class='ocr_par' dir='ltr' id='par_1_92' title="bbox 2046 4307 2543 4380">
     <span class='ocr_line' id='line_1_92' title="bbox 2046 4307 2543 4380; baseline -0.01 -13"><span class='ocrx_word' id='word_1_563' title='bbox 2046 4322 2114 4380; x_wconf 63' lang='lat' dir='ltr'>Br.</span> <span class='ocrx_word' id='word_1_564' title='bbox 2142 4312 2261 4365; x_wconf 91' lang='lat' dir='ltr'>Deo</span> <span class='ocrx_word' id='word_1_565' title='bbox 2300 4307 2543 4377; x_wconf 88' lang='lat' dir='ltr'>gratias.</span> 
     </span>
    </p>
   </div>
   <div class='ocr_carea' id='block_1_93' title="bbox 2047 4383 3617 4477">
    <p class='ocr_par' dir='ltr' id='par_1_93' title="bbox 2047 4383 3617 4477">
     <span class='ocr_line' id='line_1_93' title="bbox 2047 4383 3617 4477; baseline -0.011 -24"><span class='ocrx_word' id='word_1_566' title='bbox 2047 4402 2113 4453; x_wconf 92' lang='lat' dir='ltr'>In</span> <span class='ocrx_word' id='word_1_567' title='bbox 2142 4396 2251 4452; x_wconf 89' lang='lat' dir='ltr'>illis</span> <span class='ocrx_word' id='word_1_568' title='bbox 2276 4394 2488 4450; x_wconf 91' lang='lat' dir='ltr'>diebus</span> <span class='ocrx_word' id='word_1_569' title='bbox 2522 4391 2861 4477; x_wconf 63' lang='lat' dir='ltr'>:Denedixit</span> <span class='ocrx_word' id='word_1_570' title='bbox 2887 4389 3070 4445; x_wconf 89' lang='lat' dir='ltr'>Jacob</span> <span class='ocrx_word' id='word_1_571' title='bbox 3092 4384 3405 4477; x_wconf 77' lang='lat' dir='ltr'>ﬁliissuis,</span> <span class='ocrx_word' id='word_1_572' title='bbox 3438 4383 3617 4477; x_wconf 65' lang='lat' dir='ltr'>bene-</span> 
     </span>
    </p>
   </div>
   <div class='ocr_carea' id='block_1_94' title="bbox 208 4463 3617 4556">
    <p class='ocr_par' dir='ltr' id='par_1_94' title="bbox 208 4463 3617 4556">
     <span class='ocr_line' id='line_1_94' title="bbox 208 4463 3617 4556; baseline -0.006 -10"><span class='ocrx_word' id='word_1_573' title='bbox 208 4482 359 4536; x_wconf 68' lang='grc' dir='ltr'>οεηί</span> <span class='ocrx_word' id='word_1_574' title='bbox 380 4478 434 4534; x_wconf 75' lang='grc' dir='ltr'>εί</span> <span class='ocrx_word' id='word_1_575' title='bbox 464 4479 569 4552; x_wconf 85' lang='lat' dir='ltr'>qui</span> <span class='ocrx_word' id='word_1_576' title='bbox 610 4480 976 4537; x_wconf 70' lang='lat' dir='ltr'>maledicunt</span> <span class='ocrx_word' id='word_1_577' title='bbox 1002 4479 1136 4543; x_wconf 68' lang='lat' dir='ltr'>diei,</span> <span class='ocrx_word' id='word_1_578' title='bbox 1169 4480 1273 4552; x_wconf 86' lang='lat' dir='ltr'>qui</span> <span class='ocrx_word' id='word_1_579' title='bbox 1299 4480 1496 4552; x_wconf 66' lang='lat' dir='ltr'>Parati</span> <span class='ocrx_word' id='word_1_580' title='bbox 1526 4483 1665 4536; x_wconf 80' lang='lat' dir='ltr'>sunt</span> <span class='ocrx_word' id='word_1_581' title='bbox 1686 4480 1872 4535; x_wconf 82' lang='lat' dir='ltr'>SuSCi-</span> <span class='ocrx_word' id='word_1_582' title='bbox 1904 4463 1947 4516; x_wconf 82' lang='lat' dir='ltr'><strong>D</strong></span> <span class='ocrx_word' id='word_1_583' title='bbox 1977 4485 2337 4543; x_wconf 87' lang='lat' dir='ltr'>dictionibus</span> <span class='ocrx_word' id='word_1_584' title='bbox 2368 4468 2641 4556; x_wconf 78' lang='lat' dir='ltr'>propriis.</span> <span class='ocrx_word' id='word_1_585' title='bbox 2670 4484 2733 4537; x_wconf 93' lang='lat' dir='ltr'>Et</span> <span class='ocrx_word' id='word_1_586' title='bbox 2771 4478 3054 4553; x_wconf 88' lang='lat' dir='ltr'>prmcepit</span> <span class='ocrx_word' id='word_1_587' title='bbox 3078 4479 3185 4544; x_wconf 91' lang='lat' dir='ltr'>eis,</span> <span class='ocrx_word' id='word_1_588' title='bbox 3216 4475 3420 4529; x_wconf 87' lang='lat' dir='ltr'>dicens</span> <span class='ocrx_word' id='word_1_589' title='bbox 3447 4488 3460 4527; x_wconf 90' lang='lat'>:</span> <span class='ocrx_word' id='word_1_590' title='bbox 3496 4475 3617 4539; x_wconf 86' lang='lat' dir='ltr'>Ego</span> 
     </span>
    </p>
   </div>
   <div class='ocr_carea' id='block_1_95' title="bbox 210 4568 735 4625">
    <p class='ocr_par' dir='ltr' id='par_1_95' title="bbox 210 4568 735 4625">
     <span class='ocr_line' id='line_1_95' title="bbox 210 4568 735 4625; baseline -0.002 0"><span class='ocrx_word' id='word_1_591' title='bbox 210 4574 347 4625; x_wconf 85' lang='lat' dir='ltr'>tare</span> <span class='ocrx_word' id='word_1_592' title='bbox 374 4568 689 4625; x_wconf 87' lang='lat' dir='ltr'>Leviathan</span> <span class='ocrx_word' id='word_1_593' title='bbox 722 4586 735 4624; x_wconf 91' lang='lat'>:</span> 
     </span>
    </p>
   </div>
   <div class='ocr_carea' id='block_1_96' title="bbox 292 4654 1872 4729">
    <p class='ocr_par' dir='ltr' id='par_1_96' title="bbox 292 4654 1872 4729">
     <span class='ocr_line' id='line_1_96' title="bbox 292 4654 1872 4729; baseline -0.002 -15"><span class='ocrx_word' id='word_1_594' title='bbox 292 4656 771 4715; x_wconf 84' lang='lat' dir='ltr'>Obtenebrentur</span> <span class='ocrx_word' id='word_1_595' title='bbox 808 4655 988 4713; x_wconf 88' lang='lat' dir='ltr'>stellm</span> <span class='ocrx_word' id='word_1_596' title='bbox 1018 4655 1268 4725; x_wconf 89' lang='lat' dir='ltr'>caligine</span> <span class='ocrx_word' id='word_1_597' title='bbox 1290 4656 1418 4727; x_wconf 84' lang='lat' dir='ltr'>ejus</span> <span class='ocrx_word' id='word_1_598' title='bbox 1447 4673 1461 4711; x_wconf 87' lang='lat'><strong>:</strong></span> <span class='ocrx_word' id='word_1_599' title='bbox 1489 4658 1509 4681; x_wconf 81' lang='grc'><strong>¹</strong></span> <span class='ocrx_word' id='word_1_600' title='bbox 1537 4660 1759 4729; x_wconf 92' lang='lat' dir='ltr'>spectet</span> <span class='ocrx_word' id='word_1_601' title='bbox 1785 4654 1872 4712; x_wconf 90' lang='lat' dir='ltr'>lu-</span> 
     </span>
    </p>
   </div>
   <div class='ocr_carea' id='block_1_97' title="bbox 212 4746 1867 4816">
    <p class='ocr_par' dir='ltr' id='par_1_97' title="bbox 212 4746 1867 4816">
     <span class='ocr_line' id='line_1_97' title="bbox 212 4746 1867 4816; baseline 0 -13"><span class='ocrx_word' id='word_1_602' title='bbox 212 4762 347 4803; x_wconf 84' lang='lat' dir='ltr'>cem</span> <span class='ocrx_word' id='word_1_603' title='bbox 372 4751 431 4802; x_wconf 91' lang='lat' dir='ltr'>et</span> <span class='ocrx_word' id='word_1_604' title='bbox 459 4762 581 4802; x_wconf 89' lang='lat' dir='ltr'>non</span> <span class='ocrx_word' id='word_1_605' title='bbox 607 4746 824 4809; x_wconf 85' lang='lat' dir='ltr'>videat,</span> <span class='ocrx_word' id='word_1_606' title='bbox 856 4761 967 4800; x_wconf 91' lang='lat' dir='ltr'>nec</span> <span class='ocrx_word' id='word_1_607' title='bbox 996 4750 1191 4801; x_wconf 89' lang='lat' dir='ltr'>ortum</span> <span class='ocrx_word' id='word_1_608' title='bbox 1232 4746 1526 4816; x_wconf 87' lang='lat' dir='ltr'>surgentis</span> <span class='ocrx_word' id='word_1_609' title='bbox 1590 4762 1821 4801; x_wconf 89' lang='lat' dir='ltr'>aurorm</span> <span class='ocrx_word' id='word_1_610' title='bbox 1855 4764 1867 4804; x_wconf 89' lang='lat'><strong>:</strong></span> 
     </span>
    </p>
   </div>
   <div class='ocr_carea' id='block_1_98' title="bbox 287 4834 1868 4910">
    <p class='ocr_par' dir='ltr' id='par_1_98' title="bbox 287 4834 1868 4910">
     <span class='ocr_line' id='line_1_98' title="bbox 287 4834 1868 4910; baseline 0.001 -19"><span class='ocrx_word' id='word_1_611' title='bbox 287 4837 441 4902; x_wconf 85' lang='lat' dir='ltr'>Quia</span> <span class='ocrx_word' id='word_1_612' title='bbox 454 4851 575 4892; x_wconf 91' lang='lat' dir='ltr'>non</span> <span class='ocrx_word' id='word_1_613' title='bbox 595 4835 886 4891; x_wconf 90' lang='lat' dir='ltr'>conclusit</span> <span class='ocrx_word' id='word_1_614' title='bbox 914 4834 1069 4891; x_wconf 88' lang='lat' dir='ltr'>ostia</span> <span class='ocrx_word' id='word_1_615' title='bbox 1092 4837 1332 4899; x_wconf 87' lang='lat' dir='ltr'>ventris,</span> <span class='ocrx_word' id='word_1_616' title='bbox 1352 4836 1455 4907; x_wconf 92' lang='lat' dir='ltr'>qui</span> <span class='ocrx_word' id='word_1_617' title='bbox 1476 4836 1735 4907; x_wconf 88' lang='lat' dir='ltr'>portavit</span> <span class='ocrx_word' id='word_1_618' title='bbox 1754 4853 1868 4910; x_wconf 87' lang='lat' dir='ltr'>me,</span> 
     </span>
    </p>
   </div>
   <div class='ocr_carea' id='block_1_99' title="bbox 212 4923 1373 4981">
    <p class='ocr_par' dir='ltr' id='par_1_99' title="bbox 212 4923 1373 4981">
     <span class='ocr_line' id='line_1_99' title="bbox 212 4923 1373 4981; baseline -0.003 0"><span class='ocrx_word' id='word_1_619' title='bbox 212 4930 235 4947; x_wconf 86' lang='lat'><strong>&#39;</strong></span> <span class='ocrx_word' id='word_1_620' title='bbox 262 4939 376 4981; x_wconf 87' lang='lat' dir='ltr'>nec</span> <span class='ocrx_word' id='word_1_621' title='bbox 403 4924 649 4981; x_wconf 79' lang='lat' dir='ltr'>abstulit</span> <span class='ocrx_word' id='word_1_622' title='bbox 671 4924 832 4980; x_wconf 89' lang='lat' dir='ltr'>mala</span> <span class='ocrx_word' id='word_1_623' title='bbox 875 4923 953 4979; x_wconf 87' lang='lat' dir='ltr'>ab</span> <span class='ocrx_word' id='word_1_624' title='bbox 983 4923 1169 4979; x_wconf 89' lang='lat' dir='ltr'>oculis</span> <span class='ocrx_word' id='word_1_625' title='bbox 1203 4923 1373 4979; x_wconf 91' lang='lat' dir='ltr'>meis.</span> 
     </span>
    </p>
   </div>
   <div class='ocr_carea' id='block_1_100' title="bbox 283 5013 1873 5083">
    <p class='ocr_par' dir='ltr' id='par_1_100' title="bbox 283 5013 1873 5083">
     <span class='ocr_line' id='line_1_100' title="bbox 283 5013 1873 5083; baseline 0.001 -14"><span class='ocrx_word' id='word_1_626' title='bbox 283 5017 481 5081; x_wconf 85' lang='lat' dir='ltr'>Qurae</span> <span class='ocrx_word' id='word_1_627' title='bbox 520 5028 649 5071; x_wconf 89' lang='lat' dir='ltr'>non</span> <span class='ocrx_word' id='word_1_628' title='bbox 674 5015 736 5069; x_wconf 87' lang='lat' dir='ltr'>in</span> <span class='ocrx_word' id='word_1_629' title='bbox 765 5013 947 5069; x_wconf 87' lang='lat' dir='ltr'>vulva</span> <span class='ocrx_word' id='word_1_630' title='bbox 986 5017 1256 5069; x_wconf 90' lang='lat' dir='ltr'>mortuus</span> <span class='ocrx_word' id='word_1_631' title='bbox 1288 5027 1443 5079; x_wconf 89' lang='lat' dir='ltr'>sum,</span> <span class='ocrx_word' id='word_1_632' title='bbox 1488 5027 1760 5083; x_wconf 87' lang='lat' dir='ltr'>egressus</span> <span class='ocrx_word' id='word_1_633' title='bbox 1799 5031 1873 5071; x_wconf 83' lang='lat' dir='ltr'>ex</span> 
     </span>
    </p>
   </div>
   <div class='ocr_carea' id='block_1_101' title="bbox 211 5102 993 5174">
    <p class='ocr_par' dir='ltr' id='par_1_101' title="bbox 211 5102 993 5174">
     <span class='ocr_line' id='line_1_101' title="bbox 211 5102 993 5174; baseline -0.003 -15"><span class='ocrx_word' id='word_1_634' title='bbox 211 5108 380 5160; x_wconf 88' lang='lat' dir='ltr'>utero</span> <span class='ocrx_word' id='word_1_635' title='bbox 418 5119 545 5160; x_wconf 90' lang='lat' dir='ltr'>non</span> <span class='ocrx_word' id='word_1_636' title='bbox 568 5104 768 5159; x_wconf 89' lang='lat' dir='ltr'>statim</span> <span class='ocrx_word' id='word_1_637' title='bbox 795 5102 993 5174; x_wconf 82' lang='lat' dir='ltr'>perii?</span> 
     </span>
    </p>
   </div>
   <div class='ocr_carea' id='block_1_102' title="bbox 283 5188 1872 5263">
    <p class='ocr_par' dir='ltr' id='par_1_102' title="bbox 283 5188 1872 5263">
     <span class='ocr_line' id='line_1_102' title="bbox 283 5188 1872 5263; baseline -0.001 -16"><span class='ocrx_word' id='word_1_638' title='bbox 283 5194 478 5258; x_wconf 85' lang='lat' dir='ltr'>Quare</span> <span class='ocrx_word' id='word_1_639' title='bbox 508 5196 797 5263; x_wconf 83' lang='lat' dir='ltr'>exceptus</span> <span class='ocrx_word' id='word_1_640' title='bbox 823 5190 1116 5260; x_wconf 85' lang='lat' dir='ltr'>genibus?</span> <span class='ocrx_word' id='word_1_641' title='bbox 1138 5205 1243 5246; x_wconf 92' lang='lat' dir='ltr'>cur</span> <span class='ocrx_word' id='word_1_642' title='bbox 1266 5190 1523 5246; x_wconf 88' lang='lat' dir='ltr'>Iactatus</span> <span class='ocrx_word' id='word_1_643' title='bbox 1538 5188 1825 5246; x_wconf 89' lang='lat' dir='ltr'>uberibus</span> <span class='ocrx_word' id='word_1_644' title='bbox 1843 5192 1872 5245; x_wconf 87' lang='lat'><strong>?</strong></span> 
     </span>
    </p>
   </div>
   <div class='ocr_carea' id='block_1_103' title="bbox 280 5279 1871 5343">
    <p class='ocr_par' dir='ltr' id='par_1_103' title="bbox 280 5279 1871 5343">
     <span class='ocr_line' id='line_1_103' title="bbox 280 5279 1871 5343; baseline -0.002 -5"><span class='ocrx_word' id='word_1_645' title='bbox 280 5284 449 5338; x_wconf 83' lang='lat' dir='ltr'>Nunc</span> <span class='ocrx_word' id='word_1_646' title='bbox 480 5282 645 5337; x_wconf 87' lang='lat' dir='ltr'>enim</span> <span class='ocrx_word' id='word_1_647' title='bbox 664 5280 967 5335; x_wconf 90' lang='lat' dir='ltr'>dormiens</span> <span class='ocrx_word' id='word_1_648' title='bbox 979 5279 1231 5343; x_wconf 82' lang='lat' dir='ltr'>silerem,</span> <span class='ocrx_word' id='word_1_649' title='bbox 1257 5280 1278 5300; x_wconf 86' lang='lat'>&#39;</span> <span class='ocrx_word' id='word_1_650' title='bbox 1304 5282 1361 5334; x_wconf 89' lang='lat' dir='ltr'>et</span> <span class='ocrx_word' id='word_1_651' title='bbox 1386 5294 1599 5335; x_wconf 90' lang='lat' dir='ltr'>somno</span> <span class='ocrx_word' id='word_1_652' title='bbox 1616 5294 1750 5335; x_wconf 90' lang='lat' dir='ltr'>meo</span> <span class='ocrx_word' id='word_1_653' title='bbox 1779 5293 1871 5335; x_wconf 89' lang='lat' dir='ltr'>re-</span> 
     </span>
    </p>
   </div>
   <div class='ocr_carea' id='block_1_104' title="bbox 209 5372 639 5443">
    <p class='ocr_par' dir='ltr' id='par_1_104' title="bbox 209 5372 639 5443">
     <span class='ocr_line' id='line_1_104' title="bbox 209 5372 639 5443; baseline -0.005 -18"><span class='ocrx_word' id='word_1_654' title='bbox 209 5372 585 5443; x_wconf 86' lang='lat' dir='ltr'>quiescerem</span> <span class='ocrx_word' id='word_1_655' title='bbox 622 5386 639 5423; x_wconf 91' lang='lat'><em>:</em></span> 
     </span>
    </p>
   </div>
   <div class='ocr_carea' id='block_1_105' title="bbox 282 5454 1873 5530">
    <p class='ocr_par' dir='ltr' id='par_1_105' title="bbox 282 5454 1873 5530">
     <span class='ocr_line' id='line_1_105' title="bbox 282 5454 1873 5530; baseline -0.004 -14"><span class='ocrx_word' id='word_1_656' title='bbox 282 5463 435 5517; x_wconf 88' lang='lat' dir='ltr'>Cum</span> <span class='ocrx_word' id='word_1_657' title='bbox 463 5458 710 5530; x_wconf 85' lang='lat' dir='ltr'>regibus</span> <span class='ocrx_word' id='word_1_658' title='bbox 746 5463 802 5514; x_wconf 93' lang='lat' dir='ltr'>et</span> <span class='ocrx_word' id='word_1_659' title='bbox 858 5455 1202 5513; x_wconf 88' lang='lat' dir='ltr'>consulibus</span> <span class='ocrx_word' id='word_1_660' title='bbox 1228 5458 1417 5522; x_wconf 86' lang='lat' dir='ltr'>terrm,</span> <span class='ocrx_word' id='word_1_661' title='bbox 1444 5455 1549 5527; x_wconf 90' lang='lat' dir='ltr'>qui</span> <span class='ocrx_word' id='word_1_662' title='bbox 1573 5454 1873 5513; x_wconf 85' lang='lat' dir='ltr'>mdiﬁcant</span> 
     </span>
    </p>
   </div>
   <div class='ocr_carea' id='block_1_106' title="bbox 213 5546 781 5606">
    <p class='ocr_par' dir='ltr' id='par_1_106' title="bbox 213 5546 781 5606">
     <span class='ocr_line' id='line_1_106' title="bbox 213 5546 781 5606; baseline -0.002 -3"><span class='ocrx_word' id='word_1_663' title='bbox 213 5548 333 5605; x_wconf 86' lang='lat' dir='ltr'>sibi</span> <span class='ocrx_word' id='word_1_664' title='bbox 365 5546 725 5606; x_wconf 89' lang='lat' dir='ltr'>solitudines</span> <span class='ocrx_word' id='word_1_665' title='bbox 767 5563 781 5602; x_wconf 90' lang='lat'><strong>:</strong></span> 
     </span>
    </p>
   </div>
   <div class='ocr_carea' id='block_1_107' title="bbox 1979 4564 3619 4645">
    <p class='ocr_par' dir='ltr' id='par_1_107' title="bbox 1979 4564 3619 4645">
     <span class='ocr_line' id='line_1_107' title="bbox 1979 4564 3619 4645; baseline -0.013 -14"><span class='ocrx_word' id='word_1_666' title='bbox 1979 4588 2310 4645; x_wconf 88' lang='lat' dir='ltr'>congregor</span> <span class='ocrx_word' id='word_1_667' title='bbox 2338 4570 2415 4628; x_wconf 91' lang='lat' dir='ltr'>ad</span> <span class='ocrx_word' id='word_1_668' title='bbox 2427 4569 2721 4643; x_wconf 91' lang='lat' dir='ltr'>populum</span> <span class='ocrx_word' id='word_1_669' title='bbox 2737 4583 2939 4622; x_wconf 90' lang='lat' dir='ltr'>meum</span> <span class='ocrx_word' id='word_1_670' title='bbox 2954 4584 2967 4621; x_wconf 90' lang='lat'>:</span> <span class='ocrx_word' id='word_1_671' title='bbox 2989 4564 3230 4637; x_wconf 91' lang='lat' dir='ltr'>sepelite</span> <span class='ocrx_word' id='word_1_672' title='bbox 3244 4577 3339 4617; x_wconf 91' lang='lat' dir='ltr'>me</span> <span class='ocrx_word' id='word_1_673' title='bbox 3354 4574 3489 4616; x_wconf 90' lang='lat' dir='ltr'>cum</span> <span class='ocrx_word' id='word_1_674' title='bbox 3517 4572 3619 4628; x_wconf 89' lang='lat' dir='ltr'>pa-</span> 
     </span>
    </p>
   </div>
   <div class='ocr_carea' id='block_1_108' title="bbox 1978 4649 3614 4730">
    <p class='ocr_par' dir='ltr' id='par_1_108' title="bbox 1978 4649 3614 4730">
     <span class='ocr_line' id='line_1_108' title="bbox 1978 4649 3614 4730; baseline -0.013 -11"><span class='ocrx_word' id='word_1_675' title='bbox 1978 4663 2161 4720; x_wconf 88' lang='lat' dir='ltr'>tribus</span> <span class='ocrx_word' id='word_1_676' title='bbox 2194 4661 2341 4717; x_wconf 89' lang='lat' dir='ltr'>meis</span> <span class='ocrx_word' id='word_1_677' title='bbox 2380 4660 2441 4714; x_wconf 90' lang='lat' dir='ltr'>in</span> <span class='ocrx_word' id='word_1_678' title='bbox 2471 4656 2749 4730; x_wconf 90' lang='lat' dir='ltr'>spelunca</span> <span class='ocrx_word' id='word_1_679' title='bbox 2787 4655 3007 4725; x_wconf 89' lang='lat' dir='ltr'>duplici</span> <span class='ocrx_word' id='word_1_680' title='bbox 3064 4668 3198 4725; x_wconf 85' lang='lat' dir='ltr'>qum</span> <span class='ocrx_word' id='word_1_681' title='bbox 3248 4653 3335 4704; x_wconf 90' lang='lat' dir='ltr'>est</span> <span class='ocrx_word' id='word_1_682' title='bbox 3365 4649 3423 4701; x_wconf 93' lang='lat' dir='ltr'>in</span> <span class='ocrx_word' id='word_1_683' title='bbox 3468 4658 3614 4713; x_wconf 90' lang='lat' dir='ltr'>agro</span> 
     </span>
    </p>
   </div>
   <div class='ocr_carea' id='block_1_109' title="bbox 1979 4737 3618 4824">
    <p class='ocr_par' dir='ltr' id='par_1_109' title="bbox 1979 4737 3618 4824">
     <span class='ocr_line' id='line_1_109' title="bbox 1979 4737 3618 4824; baseline -0.013 -16"><span class='ocrx_word' id='word_1_684' title='bbox 1979 4751 2217 4824; x_wconf 86' lang='lat' dir='ltr'>Ephron</span> <span class='ocrx_word' id='word_1_685' title='bbox 2247 4746 2492 4810; x_wconf 85' lang='lat' dir='ltr'>Hethmi,</span> <span class='ocrx_word' id='word_1_686' title='bbox 2530 4749 2735 4801; x_wconf 89' lang='lat' dir='ltr'>contra</span> <span class='ocrx_word' id='word_1_687' title='bbox 2765 4742 3022 4799; x_wconf 84' lang='lat' dir='ltr'>Mambre</span> <span class='ocrx_word' id='word_1_688' title='bbox 3052 4742 3110 4796; x_wconf 90' lang='lat' dir='ltr'>in</span> <span class='ocrx_word' id='word_1_689' title='bbox 3138 4746 3290 4795; x_wconf 90' lang='lat' dir='ltr'>terra</span> <span class='ocrx_word' id='word_1_690' title='bbox 3316 4737 3618 4824; x_wconf 84' lang='lat' dir='ltr'>Chanaan,</span> 
     </span>
    </p>
   </div>
   <div class='ocr_carea' id='block_1_110' title="bbox 1978 4822 3624 4912">
    <p class='ocr_par' dir='ltr' id='par_1_110' title="bbox 1978 4822 3624 4912">
     <span class='ocr_line' id='line_1_110' title="bbox 1978 4822 3624 4912; baseline -0.013 -16"><span class='ocrx_word' id='word_1_691' title='bbox 1978 4822 2163 4912; x_wconf 85' lang='lat' dir='ltr'>quam</span> <span class='ocrx_word' id='word_1_692' title='bbox 2175 4838 2319 4894; x_wconf 88' lang='lat' dir='ltr'>emit</span> <span class='ocrx_word' id='word_1_693' title='bbox 2330 4835 2631 4891; x_wconf 87' lang='lat' dir='ltr'>Abraham</span> <span class='ocrx_word' id='word_1_694' title='bbox 2643 4848 2779 4888; x_wconf 93' lang='lat' dir='ltr'>cum</span> <span class='ocrx_word' id='word_1_695' title='bbox 2798 4846 2942 4901; x_wconf 87' lang='lat' dir='ltr'>agro</span> <span class='ocrx_word' id='word_1_696' title='bbox 2960 4829 3036 4885; x_wconf 90' lang='lat' dir='ltr'>ab</span> <span class='ocrx_word' id='word_1_697' title='bbox 3059 4828 3296 4900; x_wconf 84' lang='lat' dir='ltr'>Ephron</span> <span class='ocrx_word' id='word_1_698' title='bbox 3310 4823 3550 4879; x_wconf 86' lang='lat' dir='ltr'>Hethmo</span> <span class='ocrx_word' id='word_1_699' title='bbox 3561 4822 3624 4877; x_wconf 91' lang='lat' dir='ltr'>in</span> 
     </span>
    </p>
   </div>
   <div class='ocr_carea' id='block_1_111' title="bbox 1978 4913 3624 5000">
    <p class='ocr_par' dir='ltr' id='par_1_111' title="bbox 1978 4913 3624 5000">
     <span class='ocr_line' id='line_1_111' title="bbox 1978 4913 3624 5000; baseline -0.01 -17"><span class='ocrx_word' id='word_1_700' title='bbox 1978 4926 2425 5000; x_wconf 87' lang='lat' dir='ltr'>possessionem</span> <span class='ocrx_word' id='word_1_701' title='bbox 2448 4920 2768 4994; x_wconf 89' lang='lat' dir='ltr'>sepulchri.</span> <span class='ocrx_word' id='word_1_702' title='bbox 2786 4918 2873 4975; x_wconf 90' lang='lat' dir='ltr'>lbi</span> <span class='ocrx_word' id='word_1_703' title='bbox 2900 4915 3494 4989; x_wconf 87' lang='lat' dir='ltr'>sepelierunteum,et</span> <span class='ocrx_word' id='word_1_704' title='bbox 3516 4913 3624 4968; x_wconf 87' lang='lat' dir='ltr'>Sa-</span> 
     </span>
    </p>
   </div>
   <div class='ocr_carea' id='block_1_112' title="bbox 1978 5003 3627 5083">
    <p class='ocr_par' dir='ltr' id='par_1_112' title="bbox 1978 5003 3627 5083">
     <span class='ocr_line' id='line_1_112' title="bbox 1978 5003 3627 5083; baseline -0.011 -11"><span class='ocrx_word' id='word_1_705' title='bbox 1978 5030 2110 5072; x_wconf 88' lang='lat' dir='ltr'>ram</span> <span class='ocrx_word' id='word_1_706' title='bbox 2131 5029 2377 5069; x_wconf 81' lang='lat' dir='ltr'>uxorem</span> <span class='ocrx_word' id='word_1_707' title='bbox 2400 5028 2530 5083; x_wconf 78' lang='lat' dir='ltr'>ejus</span> <span class='ocrx_word' id='word_1_708' title='bbox 2558 5027 2571 5065; x_wconf 89' lang='lat'><strong>:</strong></span> <span class='ocrx_word' id='word_1_709' title='bbox 2599 5009 2681 5064; x_wconf 92' lang='lat' dir='ltr'>ibi</span> <span class='ocrx_word' id='word_1_710' title='bbox 2704 5006 2969 5079; x_wconf 90' lang='lat' dir='ltr'>sepultus</span> <span class='ocrx_word' id='word_1_711' title='bbox 2996 5008 3085 5061; x_wconf 87' lang='lat' dir='ltr'>est</span> <span class='ocrx_word' id='word_1_712' title='bbox 3139 5006 3307 5058; x_wconf 86' lang='lat' dir='ltr'>Isaac</span> <span class='ocrx_word' id='word_1_713' title='bbox 3350 5016 3490 5057; x_wconf 90' lang='lat' dir='ltr'>cum</span> <span class='ocrx_word' id='word_1_714' title='bbox 3516 5003 3627 5055; x_wconf 82' lang='lat' dir='ltr'>Re-</span> 
     </span>
    </p>
   </div>
   <div class='ocr_carea' id='block_1_113' title="bbox 1977 5085 3627 5171">
    <p class='ocr_par' dir='ltr' id='par_1_113' title="bbox 1977 5085 3627 5171">
     <span class='ocr_line' id='line_1_113' title="bbox 1977 5085 3627 5171; baseline -0.012 -12"><span class='ocrx_word' id='word_1_715' title='bbox 1977 5103 2164 5159; x_wconf 89' lang='lat' dir='ltr'>becca</span> <span class='ocrx_word' id='word_1_716' title='bbox 2190 5102 2442 5171; x_wconf 86' lang='lat' dir='ltr'>conjuge</span> <span class='ocrx_word' id='word_1_717' title='bbox 2475 5114 2586 5153; x_wconf 88' lang='lat' dir='ltr'>sua</span> <span class='ocrx_word' id='word_1_718' title='bbox 2614 5113 2631 5151; x_wconf 90' lang='lat'><strong><em>:</em></strong></span> <span class='ocrx_word' id='word_1_719' title='bbox 2658 5096 2742 5151; x_wconf 91' lang='lat' dir='ltr'>ibi</span> <span class='ocrx_word' id='word_1_720' title='bbox 2763 5099 2819 5151; x_wconf 89' lang='lat' dir='ltr'>et</span> <span class='ocrx_word' id='word_1_721' title='bbox 2842 5094 2939 5149; x_wconf 88' lang='lat' dir='ltr'>Lia</span> <span class='ocrx_word' id='word_1_722' title='bbox 2994 5091 3234 5149; x_wconf 88' lang='lat' dir='ltr'>condita</span> <span class='ocrx_word' id='word_1_723' title='bbox 3268 5091 3452 5162; x_wconf 86' lang='lat' dir='ltr'>jacet.</span> <span class='ocrx_word' id='word_1_724' title='bbox 3487 5085 3627 5141; x_wconf 88' lang='lat' dir='ltr'>Fini-</span> 
     </span>
    </p>
   </div>
   <div class='ocr_carea' id='block_1_114' title="bbox 1978 5174 3622 5260">
    <p class='ocr_par' dir='ltr' id='par_1_114' title="bbox 1978 5174 3622 5260">
     <span class='ocr_line' id='line_1_114' title="bbox 1978 5174 3622 5260; baseline -0.015 -14"><span class='ocrx_word' id='word_1_725' title='bbox 1978 5190 2174 5260; x_wconf 90' lang='lat' dir='ltr'>tisque</span> <span class='ocrx_word' id='word_1_726' title='bbox 2189 5186 2488 5241; x_wconf 88' lang='lat' dir='ltr'>mandatis</span> <span class='ocrx_word' id='word_1_727' title='bbox 2508 5184 2722 5255; x_wconf 89' lang='lat' dir='ltr'>quibus</span> <span class='ocrx_word' id='word_1_728' title='bbox 2739 5183 2896 5239; x_wconf 86' lang='lat' dir='ltr'>ﬁlios</span> <span class='ocrx_word' id='word_1_729' title='bbox 2908 5179 3259 5244; x_wconf 86' lang='lat' dir='ltr'>instruebat,</span> <span class='ocrx_word' id='word_1_730' title='bbox 3277 5174 3622 5242; x_wconf 89' lang='lat' dir='ltr'>collegitpe-</span> 
     </span>
    </p>
   </div>
   <div class='ocr_carea' id='block_1_115' title="bbox 1978 5262 3624 5345">
    <p class='ocr_par' dir='ltr' id='par_1_115' title="bbox 1978 5262 3624 5345">
     <span class='ocr_line' id='line_1_115' title="bbox 1978 5262 3624 5345; baseline -0.015 -13"><span class='ocrx_word' id='word_1_731' title='bbox 1978 5277 2083 5332; x_wconf 88' lang='lat' dir='ltr'>des</span> <span class='ocrx_word' id='word_1_732' title='bbox 2111 5290 2251 5329; x_wconf 90' lang='lat' dir='ltr'>suos</span> <span class='ocrx_word' id='word_1_733' title='bbox 2265 5289 2443 5345; x_wconf 90' lang='lat' dir='ltr'>super</span> <span class='ocrx_word' id='word_1_734' title='bbox 2458 5272 2834 5336; x_wconf 87' lang='lat' dir='ltr'>lectulum,et</span> <span class='ocrx_word' id='word_1_735' title='bbox 2868 5271 3013 5326; x_wconf 89' lang='lat' dir='ltr'>abiit</span> <span class='ocrx_word' id='word_1_736' title='bbox 3044 5288 3055 5324; x_wconf 90' lang='lat'><strong>:</strong></span> <span class='ocrx_word' id='word_1_737' title='bbox 3090 5267 3511 5340; x_wconf 86' lang='lat' dir='ltr'>appositusque</span> <span class='ocrx_word' id='word_1_738' title='bbox 3538 5262 3624 5345; x_wconf 82' lang='lat' dir='ltr'>est</span> 
     </span>
    </p>
   </div>
   <div class='ocr_carea' id='block_1_116' title="bbox 1979 5342 3617 5436">
    <p class='ocr_par' dir='ltr' id='par_1_116' title="bbox 1979 5342 3617 5436">
     <span class='ocr_line' id='line_1_116' title="bbox 1979 5342 3617 5436; baseline -0.009 -15"><span class='ocrx_word' id='word_1_739' title='bbox 1979 5364 2057 5421; x_wconf 89' lang='lat' dir='ltr'>ad</span> <span class='ocrx_word' id='word_1_740' title='bbox 2076 5342 2370 5436; x_wconf 84' lang='lat' dir='ltr'>populum</span> <span class='ocrx_word' id='word_1_741' title='bbox 2395 5376 2591 5416; x_wconf 89' lang='lat' dir='ltr'>suum.</span> <span class='ocrx_word' id='word_1_742' title='bbox 2616 5360 2782 5432; x_wconf 79' lang='lat' dir='ltr'>(Cap.</span> <span class='ocrx_word' id='word_1_743' title='bbox 2802 5361 2881 5429; x_wconf 73' lang='grc' dir='ltr'>ι.)</span> <span class='ocrx_word' id='word_1_744' title='bbox 2907 5357 3079 5424; x_wconf 88' lang='lat' dir='ltr'>Quod</span> <span class='ocrx_word' id='word_1_745' title='bbox 3092 5365 3341 5409; x_wconf 86' lang='lat' dir='ltr'>cernens</span> <span class='ocrx_word' id='word_1_746' title='bbox 3376 5342 3617 5436; x_wconf 60' lang='lat' dir='ltr'>Joseph,</span> 
     </span>
    </p>
   </div>
   <div class='ocr_carea' id='block_1_117' title="bbox 1976 5429 3621 5527">
    <p class='ocr_par' dir='ltr' id='par_1_117' title="bbox 1976 5429 3621 5527">
     <span class='ocr_line' id='line_1_117' title="bbox 1976 5429 3621 5527; baseline -0.016 -18"><span class='ocrx_word' id='word_1_747' title='bbox 1976 5429 2097 5510; x_wconf 71' lang='lat' dir='ltr'>ruit</span> <span class='ocrx_word' id='word_1_748' title='bbox 2117 5429 2297 5523; x_wconf 81' lang='lat' dir='ltr'>super</span> <span class='ocrx_word' id='word_1_749' title='bbox 2310 5451 2521 5506; x_wconf 89' lang='lat' dir='ltr'>faciem</span> <span class='ocrx_word' id='word_1_750' title='bbox 2535 5429 2718 5522; x_wconf 84' lang='lat' dir='ltr'>patris</span> <span class='ocrx_word' id='word_1_751' title='bbox 2732 5449 2882 5505; x_wconf 88' lang='lat' dir='ltr'>ﬂens</span> <span class='ocrx_word' id='word_1_752' title='bbox 2909 5451 2964 5501; x_wconf 90' lang='lat' dir='ltr'>et</span> <span class='ocrx_word' id='word_1_753' title='bbox 2992 5440 3269 5527; x_wconf 81' lang='lat' dir='ltr'>osculans</span> <span class='ocrx_word' id='word_1_754' title='bbox 3292 5429 3621 5527; x_wconf 37' lang='lat' dir='ltr'>eum.‘l’rmf</span> 
     </span>
    </p>
   </div>
   <div class='ocr_carea' id='block_1_118' title="bbox 1980 5517 3625 5614">
    <p class='ocr_par' dir='ltr' id='par_1_118' title="bbox 1980 5517 3625 5614">
     <span class='ocr_line' id='line_1_118' title="bbox 1980 5517 3625 5614; baseline -0.015 -16"><span class='ocrx_word' id='word_1_755' title='bbox 1980 5517 2254 5614; x_wconf 80' lang='lat' dir='ltr'>cepitque</span> <span class='ocrx_word' id='word_1_756' title='bbox 2266 5539 2453 5597; x_wconf 87' lang='lat' dir='ltr'>servis</span> <span class='ocrx_word' id='word_1_757' title='bbox 2470 5517 2594 5597; x_wconf 73' lang='lat' dir='ltr'>suis</span> <span class='ocrx_word' id='word_1_758' title='bbox 2610 5537 2857 5596; x_wconf 90' lang='lat' dir='ltr'>medicis</span> <span class='ocrx_word' id='word_1_759' title='bbox 2866 5536 2931 5589; x_wconf 92' lang='lat' dir='ltr'>ut</span> <span class='ocrx_word' id='word_1_760' title='bbox 2946 5523 3294 5589; x_wconf 88' lang='lat' dir='ltr'>aromaticus</span> <span class='ocrx_word' id='word_1_761' title='bbox 3311 5517 3625 5580; x_wconf 89' lang='lat' dir='ltr'>condirent</span> 
     </span>
    </p>
   </div>
  </div>
