4102 6176
465 307 564 364 351
1638 330 1645 333 μ
1704 274 2110 340 ΒΗΕἾῙΑΗῙΠ]

2224 272 2591 331 ΞΟΤΗΙΕΗΜ.
3757 270 3853 326 352

462 432 719 501 patrem.
736 422 964 489 Quibus
971 420 990 491 j
1003 434 1071 474 us
1079 432 1145 474 sa
1158 415 1557 489 explentibus,
1581 407 1946 501 transierunt
1961 416 2108 474 qua-

467 499 743 587 draginta
759 512 885 567 dies
919 527 930 564 :
965 510 1092 580 ipse
1104 506 1326 578 quippe
1339 520 1451 561 nos
1465 505 1590 559 erat
1601 499 1960 587 cadaverum
1972 504 2109 587 con-

468 580 720 661 ditorum
737 599 1028 670 :ﬂevitque
1039 612 1165 651 eum
1184 597 1471 665 lEgyptus
1495 588 1868 662 septuaginta
1879 580 2106 670 diebus.

469 698 537 751 Et
573 692 797 764 expleto
827 668 1101 760 planctus
1127 687 1419 756 tempore,
1438 683 1669 738 locutus
1686 682 1772 734 est
1799 672 2018 764 Joseph
2032 668 2111 764 ad

470 759 760 838 familiam
792 759 1142 844 Pharaonis,
1163 773 1367 828 dicens
1399 788 1411 826 :
1440 771 1497 826 Si
1518 766 1719 824 inveni
1749 763 2003 833 gratiam
2047 759 2111 814 in

468 872 790 940 conspectu
810 868 1031 930 vestro,
1064 860 1377 934 loquimini
1422 859 1479 914 in
1514 853 1756 912 auribus
1790 847 2107 940 Paraonis:

468 973 538 1013 eo
568 937 732 1028 quod
758 957 925 1025 pater
950 967 1121 1006 meus
1158 949 1255 1021 adj
1268 945 1526 1004 uraverit
1550 942 1718 1009 mihi,
1755 940 1959 995 dicens
1991 954 2003 993 :
2028 937 2111 989 En

467 1027 712 1106 morior,
739 1043 801 1097 in
828 1039 1142 1111 sepulchro
1164 1052 1299 1092 meo
1352 1034 1511 1107 quod
1535 1032 1659 1088 fodi
1679 1029 1817 1084 mihi
1868 1027 1929 1082 in
1958 1029 2114 1081 terra

469 1134 765 1193 Chanaan,
787 1128 1030 1199 sepelies
1046 1141 1159 1180 me.
1188 1123 1521 1180 Ascendam
1544 1120 1740 1190 igitur,
1759 1122 1817 1173 et
1828 1113 2111 1187 sepeliam

464 1222 696 1288 patrem
712 1231 935 1281 meum,
955 1229 1023 1269 ac
1036 1216 1317 1268 revertar.
1344 1210 1619 1281 Dixitque
1647 1205 1699 1261 ei
1719 1205 1977 1260 Pharao:
2010 1202 2111 1255 As-

467 1306 652 1362 cende
669 1308 725 1359 et
738 1303 917 1375 sepeli
931 1306 1162 1374 patrem
1184 1306 1354 1355 tuum
1372 1298 1523 1353 sicut
1543 1295 1856 1365 adjuratus
1884 1306 1965 1346 es.
1983 1291 2111 1355 Quo

465 1392 842 1456 ascendente,
860 1392 1203 1445 ieruntcum
1216 1403 1285 1443 eo
1303 1400 1512 1442 omnes
1538 1398 1709 1439 senes
1727 1382 1946 1436 domus
1966 1376 2112 1433 Pha-

468 1481 686 1550 raonis,
700 1478 1015 1549 cunctique
1028 1476 1288 1545 majores
1300 1477 1446 1530 natu
1457 1472 1654 1529 omnis
1670 1475 1836 1526 terra:
1848 1465 2106 1538 Egypti:

467 1569 686 1625 domus
714 1566 935 1638 Joseph
964 1580 1101 1620 cum
1121 1562 1403 1619 fratribus
1429 1560 1573 1629 suis,
1599 1558 1830 1631 absque
1849 1554 2112 1629 parvulis

467 1661 523 1712 et
552 1654 851 1725 gregibus,
880 1657 1059 1724 atque
1089 1650 1393 1718 armentis,
1425 1664 1561 1720 qua:
1588 1645 2033 1717 dereliquerunt
2050 1642 2113 1697 in

468 1749 622 1800 terra
654 1744 890 1797 Gessen.
926 1739 1140 1795 Habuit
1162 1737 1482 1810 quoquein
1503 1734 1791 1790 comitatu
1821 1747 2028 1787 currus
2057 1732 2115 1785 et

467 1830 689 1903 equites
708 1846 719 1883 :
739 1829 963 1884 etfacta
976 1826 1249 1882 estturba
1267 1840 1389 1879 non
1407 1821 1664 1879 modica.
1705 1822 2113 1890 Veneruntque

2287 399 2567 469 Hymnus.
2596 398 2751 453 Deus
2777 392 3235 465 Pateringenite.
3266 390 3372 463 fol.
3412 395 3529 449 lOl.
3563 391 3852 462 Capitula.

2221 486 2513 549 lllumina,
2541 485 2810 542 Domine.
2837 486 2949 554 fol.
2978 483 3046 539 26

2140 558 2187 614 Α
2287 576 2511 633 Lauda.
2532 575 2746 647 Excipe
2761 589 3002 629 servum
3018 576 3189 628 tuum
3219 570 3282 625 in
3310 569 3474 625 bono
3507 588 3521 626 :
3556 571 3617 624 P.
3651 572 3720 625 Ut
3744 585 3859 628 non

2217 662 2613 719 calumnietur
2638 662 2785 718 mihi
2816 658 3147 733 superbi.V.
3173 657 3341 715 Oculi
3372 657 3491 714 mei
3514 657 3588 713 de
3606 658 3861 716 fecerunt

2215 752 2279 807 in
2302 750 2562 807 salutare
2584 755 2752 806 tuum
2794 769 2807 808 :
2837 753 2894 804 et
2921 748 2982 803 in
3003 746 3311 820 eloquium
3352 745 3597 816 justitiaa
3630 748 3768 803 tum.
3792 749 3855 803 P.

2219 840 2287 895 Ut
2313 854 2455 894 non.
2489 838 2550 899 ἲν.
2568 838 2783 895 Gloria.
2819 839 2881 891 P.
2913 838 2982 892 Ut
3012 850 3153 891 non.

2290 926 2516 984 Oratio.
2533 925 2899 981 Judiciumet
2910 924 3203 996 justitiam
3223 922 3373 979 doce
3387 937 3494 978 nos
3508 920 3723 988 facere,
3752 924 3855 980 Do-

2221 1014 2377 1070 mine
2402 1034 2415 1083 ;
2444 1014 2701 1085 qualiter
2722 1013 3034 1069 valeamus
3082 1011 3481 1083 superborum
3531 1010 3856 1068 calumnias

2218 1101 2567 1159 conculcare
2593 1120 2605 1155 :
2638 1102 2838 1173 excipe
2856 1116 3059 1157 servos
3076 1104 3208 1155 tuos
3228 1101 3290 1155 in
3317 1099 3566 1171 bonum,
3591 1100 3698 1171 qui
3731 1116 3859 1172 spe-

2215 1194 2353 1246 rant
2374 1191 2435 1245 in
2469 1190 2907 1246 salutaretuum
2941 1206 2952 1242 :
2984 1204 3365 1261 quorumque
3394 1188 3699 1244 interiores
3728 1204 3859 1244 ocu-

2216 1278 2257 1335 li
2286 1277 2494 1335 Christi
2523 1278 2606 1334 tui
2627 1281 2940 1350 expectant
2963 1292 3238 1346 regnum,
3260 1277 3371 1333 hos
3416 1281 3648 1349 partem
3676 1277 3860 1335 habe-

2216 1381 2279 1423 re
2304 1366 2480 1423 facito
2518 1367 2579 1422 in
2605 1366 2902 1423 consortio
2952 1364 3298 1422 electorum.
3322 1376 3389 1433 Bt.
3423 1370 3632 1422 Amen.

2290 1458 2393 1512 Per
2413 1454 2906 1511 misericordiam.

2684 1544 2849 1614 197
2930 1543 3025 1597 Ad
3082 1542 3361 1599 Tertiam.

2498 1632 2908 1689 Ecclesiaslici
2943 1629 3449 1701 Salomonis(0ap.
3484 1630 3563 1701 x).

2291 1731 2356 1789 ne.
2383 1721 2502 1777 Deo
2531 1720 2783 1776 Gratias.

2293 1808 2435 1874 Filii,
2466 1809 2801 1864 secundum
2830 1806 3097 1864 Iudicem
3136 1805 3363 1879 populi,
3416 1806 3500 1861 sic
3530 1809 3588 1862 et
3614 1807 3861 1864 ministri

466 1893 543 1974 ad
574 1933 776 1972 aream
805 1915 973 1979 Atad,
999 1930 1135 1986 quae
1166 1914 1277 1968 sita
1298 1916 1390 1967 est
1421 1916 1583 1967 trans
1630 1909 1951 1965 Jordanem
1978 1905 2110 1961 :ubi

2224 1895 2348 1965 ejus
2380 1913 2393 1951 ε
2422 1901 2478 1952 et
2502 1895 2694 1969 qualis
2723 1899 3021 1951 estrector
3070 1894 3340 1958 civitatis,
3372 1893 3862 1951 talesethabitan-

468 2002 1126 2073 celebrantesexequias
1183 2000 1427 2072 planctu
1466 2012 1687 2067 magno
1733 2002 1911 2067 atque
1940 1994 2111 2051 vehe-

467 2092 649 2147 menti
676 2090 1308 2161 impleveruntseptem
1321 2087 1467 2145 dies.
1484 2085 1656 2152 Quod
1669 2101 1807 2140 cum
1823 2083 2114 2138 vidissent

466 2179 833 2236 habitatores
860 2184 1026 2233 terrae
1041 2177 1347 2241 Chanaan,
1371 2175 1678 2231 dixerunt:
1700 2173 1976 2229 Planctus
1990 2186 2114 2225 ma-

468 2282 622 2337 gnus
640 2268 846 2321 estiste
867 2265 1169 2336 Egyptiis.
1195 2266 1261 2319 Et
1283 2263 1504 2318 idcirco
1533 2260 1988 2333 appellaverunt
2010 2273 2114 2314 no-

467 2370 603 2409 men
632 2354 747 2410 loci
782 2354 961 2417 illius,
1020 2352 1293 2408 Planctus
1333 2350 1589 2422 lEgypti.
1636 2351 1926 2404 Fecerunt
1972 2362 2112 2415 ergo

465 2441 569 2498 filii
592 2442 774 2498 Jacob
800 2442 949 2497 sicut
968 2444 1334 2512 praeceperat
1355 2438 1441 2495 eis
1472 2441 1881 2509 :etportantes
1899 2451 2036 2491 eum
2054 2436 2113 2489 in

465 2535 684 2587 terram
707 2531 1009 2595 Chanaan,
1058 2527 1411 2598 sepelierunt
1434 2527 1497 2582 in
1531 2525 1819 2595 spelunca
1869 2523 2111 2595 duplici,

464 2635 650 2690 quam
680 2622 894 2675 emerat
917 2616 1217 2671 Abraham
1244 2630 1384 2669 cum
1407 2629 1551 2684 agro
1582 2615 1643 2669 in
1668 2613 2113 2685 possessionem

467 2705 765 2776 sepulchri
778 2705 855 2759 ab
874 2704 1112 2775 Ephron
1126 2702 1361 2758 Hethaeo
1380 2706 1581 2758 contra
1597 2702 1811 2757 faciem
1832 2699 2111 2757 Mambre.

471 2795 759 2847 Reversus
788 2796 875 2846 est
915 2791 1135 2861 Joseph
1185 2790 1246 2845 in
1298 2792 1617 2861 {Egyptum
1653 2805 1790 2845 cum
1828 2788 2113 2845 fratribus

467 2879 859 2944 suis,etomni
892 2878 1196 2941 comitatu,
1216 2877 1448 2949 sepulto
1478 2881 1659 2948 patre.
1701 2879 1829 2941 Quo
1851 2880 2108 2939 mortuo,

462 2967 727 3022 timentes
755 2968 961 3022 fratres
989 2970 1046 3021 et
1074 2965 1504 3037 conloquentes
1547 2982 1559 3019 :
1589 2968 1668 3020 Ne
1696 2965 1846 3020 forte
1880 2980 2113 3019 memor

464 3056 536 3110 sit
554 3054 785 3124 injuria:
802 3069 987 3125 quam
1004 3069 1219 3125 passus
1240 3057 1345 3117 est,
1375 3058 1431 3107 et
1457 3052 1670 3108 reddat
1687 3052 1860 3108 nobis
1883 3052 2109 3107 malum

462 3157 639 3198 omne
659 3142 821 3213 quod
846 3140 1565 3208 fecimus,mandaverunt
1589 3139 1644 3194 ei
1663 3140 1924 3195 dicentes
1952 3157 1966 3195 :
2009 3141 2110 3194 Pa-

2219 1987 2328 2040 tes.
2356 1984 2764 2056 Rexinsipiens
2795 1982 3309 2055 perdetpopulum
3341 1998 3553 2038 suum:
3585 1988 3642 2038 et
3675 1983 3861 2040 civita-

2219 2072 2812 2131 tesinhabitabuntur
2826 2084 2932 2143 per
2949 2086 3197 2135 sensum
3220 2070 3629 2141 prudentium.
3662 2074 3731 2126 In
3752 2087 3862 2128 ma-

2220 2175 2302 2216 nu
2319 2162 2419 2217 Dei
2448 2166 2712 2232 potestas
2738 2165 2906 2216 terrae
2938 2176 2951 2215 :
2984 2164 3039 2215 et
3067 2160 3272 2216 utilem
3301 2164 3591 2216 rectorem
3624 2161 3859 2217 suscita-

2218 2251 2305 2308 bit
2323 2251 2384 2305 in
2414 2254 2644 2321 tempus
2673 2264 2851 2320 super
2898 2248 3081 2304 illam.
3116 2251 3181 2304 In
3210 2263 3398 2304 manu
3424 2249 3526 2305 Dei
3599 2255 3858 2321 potestas

2218 2338 2503 2403 hominis,
2528 2341 2584 2393 et
2612 2352 2787 2408 super
2825 2336 3042 2393 faciem
3074 2336 3282 2393 scribae
3322 2340 3549 2403 ponent
3575 2337 3859 2395 honorem

2220 2443 2420 2484 suum.
2452 2426 2657 2483 Omnis
2723 2426 2953 2496 injuriae
2984 2425 3240 2497 proximi
3285 2440 3361 2481 ne
3390 2426 3760 2494 memineris,
3812 2432 3863 2484 et

2220 2514 2367 2573 nihil
2426 2529 2573 2584 agas
2626 2513 2689 2569 in
2732 2513 3016 2585 operibus
3075 2514 3327 2584 injuriae.
3380 2514 3623 2571 0dibilis
3666 2531 3863 2573 coram

2219 2604 2341 2660 Deo
2362 2607 2448 2658 est
2475 2601 2671 2658 omnis
2701 2601 2983 2673 superbia
3010 2618 3027 2656 :
3058 2608 3115 2657 et
3137 2601 3484 2658 execrabilis
3530 2604 3729 2659 omnis
3765 2604 3864 2660 ini-

2221 2690 2412 2763 quitas
2442 2691 2732 2760 gentium.
2763 2694 3033 2761 Regnum
3058 2706 3096 2746 a
3124 2695 3297 2760 gente
3324 2690 3387 2746 in
3415 2696 3656 2760 gentem
3684 2695 3867 2748 trans-

2218 2779 2437 2835 feretur
2456 2778 3083 2851 propterinjustitiam,
3111 2785 3166 2835 et
3188 2779 3457 2850 injurias.
3493 2785 3859 2836 etcontume-

2217 2868 2345 2933 lias,
2368 2874 2424 2923 et
2449 2868 2715 2923 diversos
2736 2867 2923 2923 dolos.
2951 2869 3144 2924 Avaro
3164 2874 3366 2924 autem
3387 2868 3527 2924 nihil
3550 2874 3643 2924 est
3666 2869 3865 2925 sceles-

2218 2957 2356 3013 tius.
2388 2955 2540 3021 Quid
2562 2956 2837 3027 superbis
2866 2960 3024 3011 terra
3072 2961 3129 3012 et
3170 2956 3319 3011 cinis
3344 2956 3371 3012 ?
3409 2955 3555 3015 Nihil
3598 2956 3865 3030 iniquius

2217 3043 2446 3101 habens
2471 3058 2657 3116 quam
2682 3058 2886 3099 amare
2916 3043 3235 3115 pecuniam
3267 3061 3279 3099 :
3312 3043 3410 3100 bic
3439 3046 3599 3101 enim
3648 3050 3705 3102 et
3750 3045 3867 3101 ani-

2218 3148 2382 3189 mam
2419 3148 2592 3187 suam
2642 3130 2911 3188 venalem
2955 3131 3133 3188 facit:
3176 3132 3466 3205 quoniam
3506 3133 3571 3189 in
3608 3134 3734 3190 vita
3764 3149 3868 3188 sua

462 3234 690 3286 tertuus
708 3230 987 3300 praecepit
1002 3228 1178 3284 nobis
1194 3233 1518 3300 antequam
1539 3232 1881 3294 moreretur,
1900 3233 1962 3283 ut
1981 3227 2109 3283 hrec
2137 3234 2181 3292 c
2219 3220 2465 3293 pr0jecit
2480 3220 2691 3275 intima
2712 3219 3047 3276 sua.Tim0r
3062 3220 3294 3277 Domini
3313 3226 3402 3277 est
3420 3236 3545 3278 non
3567 3222 3867 3294 despicere

460 3318 570 3373 tibi
599 3316 791 3373 verbis
806 3316 959 3371 illius
990 3317 1325 3372 diceremus
1358 3336 1370 3375 :
1406 3318 1659 3373 Obsecro
1685 3320 1751 3372 ut
1798 3316 2110 3372 oblivisca-

458 3406 539 3463 ris
567 3406 859 3461 scelerum
884 3404 1136 3461 fratrum
1166 3408 1428 3474 tuorum,
1456 3409 1512 3460 et
1536 3405 1761 3475 peccati
1792 3414 1970 3477 atque
1984 3421 2104 3461 ma~

458 3492 595 3548 litiae
615 3509 801 3563 quam
827 3495 1219 3548 exercuerunt
1242 3492 1303 3547 in
1335 3496 1389 3547 te
1415 3511 1426 3549 :
1456 3506 1567 3546 nos
1598 3506 1833 3563 quoque
1863 3507 2107 3547 oramus

463 3584 523 3633 ut
544 3579 726 3633 servis
748 3581 847 3633 Dei
877 3580 1060 3650 patris
1109 3580 1193 3635 tui
1226 3579 1490 3635 dimittas
1522 3579 1898 3651 iniquitatem
1929 3579 2106 3635 hanc.

462 3664 690 3730 Quibus
718 3666 953 3735 auditis,
985 3667 1402 3739 ﬂevitJoseph.
1428 3669 1841 3739 Veneruntque
1860 3666 1939 3722 ad
1969 3682 2108 3722 cum

459 3752 667 3808 fratres
702 3754 791 3808 sui
824 3771 837 3808 :
872 3760 928 3810 et
956 3756 1135 3825 proni
1164 3756 1225 3810 in
1252 3761 1473 3811 terram
1502 3755 1780 3812 dixerunt
1805 3771 1816 3810 :
1845 3755 2003 3811 Servi
2026 3755 2110 3810 tui

461 3841 931 3906 sumus.Quibus
946 3842 1040 3897 ille
1055 3844 1364 3915 respondit
1388 3860 1399 3897 :
1421 3843 1605 3899 Nolite
1634 3847 1895 3899 metuere
1920 3860 1932 3898 :
1962 3858 2110 3898 num

460 3930 559 3984 Dei
582 3944 900 4001 possumus
925 3945 1171 3985 renuere
1220 3930 1585 3987 voluntatem
1607 3932 1636 3987 ?
1674 3934 1787 3988 Vos
1811 3931 2111 4001 cogitastis

462 4011 536 4072 de
566 4032 661 4072 me
692 4017 922 4073 malum
956 4036 969 4073 :
1003 4023 1058 4073 et
1087 4020 1240 4073 Deus
1269 4019 1437 4073 vertit
1473 4019 1619 4074 illud
1672 4020 1733 4075 in
1763 4020 2015 4085 bonum,
2049 4024 2113 4075 ut

460 4104 741 4162 exaltaret
769 4122 864 4161 me
887 4107 1036 4162 sicut
1052 4107 1113 4161 in
1152 4106 1604 4177 praesentiarum
1634 4108 1887 4175 cernitis,
1927 4112 1982 4164 et
2000 4107 2112 4163 sal-

462 4209 574 4249 nos
596 4193 820 4251 faceret
846 4195 1099 4266 populos
1127 4194 1371 4250 multos.
1419 4195 1602 4250 Nolite
1654 4200 1916 4252 metuere
1946 4211 1968 4252 .'
1999 4211 2110 4265 ego

461 4296 706 4354 pascam
737 4298 844 4337 vos
872 4287 929 4337 et
956 4283 1238 4353 parvulos
1264 4284 1989 4356 vestroszconsolatusque
2025 4288 2112 4340 est

460 4385 583 4433 eos,
621 4374 675 4425 et
703 4370 923 4426 blande
945 4386 1015 4426 ac
1045 4371 1253 4427 leniter
1270 4375 1360 4427 est
1386 4371 1641 4427 locutus.
1662 4374 1725 4427 Et
1745 4372 2032 4428 habitavit
2047 4372 2108 4427 in

462 4459 715 4529 [Egypto
745 4475 884 4513 cum
899 4459 1063 4514 omni
1083 4459 1267 4515 domo
1297 4460 1480 4530 patris
1521 4461 1610 4514 s'ui
1644 4476 1655 4515 :
1680 4461 1941 4532 vixitque
1968 4475 2106 4517 cen-

462 4550 589 4601 tum
614 4546 823 4602 decem
852 4547 1048 4603 annis.
1114 4551 1179 4603 Et
1204 4548 1349 4603 vidit
1385 4548 1665 4619 Ephraim
1692 4548 1846 4604 ﬁlios
1913 4564 2107 4620 usque
2141 4575 2188 4631 D

462 4634 541 4690 ad
571 4635 801 4691 tertiam
833 4635 1297 4703 generationem.
1332 4635 1453 4691 Filii
1477 4651 1717 4708 quoque
1756 4635 1977 4693 Machir
2004 4635 2112 4693 ﬁlii

461 4723 880 4786 Manasse,nati
912 4729 1049 4778 sunt
1074 4723 1137 4778 in
1170 4723 1425 4793 genibus
1447 4723 1926 4795 joseph.Quibus
1948 4727 2109 4781 tran-

464 4811 658 4875 sactis,
690 4811 926 4867 locutus
951 4810 1334 4868 estfratribus
1362 4813 1485 4868 suis
1518 4828 1531 4866 :
1554 4812 1688 4868 Post
1704 4817 1955 4869 mortem
1982 4828 2106 4869 me-

463 4912 563 4952 am
596 4899 1021 4955 Deusvisitabit
1040 4915 1167 4967 vos,
1201 4904 1257 4956 et
1286 4901 1609 4957 ascendere
1640 4900 1817 4957 faciet
1846 4900 1921 4956 de
1952 4905 2108 4959 terra

462 4985 575 5039 ista
598 4985 674 5041 ad
688 4991 901 5042 terram
921 5004 1107 5059 quam
1122 4990 1344 5057 juravit
1372 4988 1703 5057 Abraham,
1731 4988 1918 5053 Isaac,
1948 4992 2005 5045 et
2020 4992 2110 5045 Ja-

465 5073 602 5130 cob.
639 5076 905 5146 Cumque
938 5076 1036 5147 adj
1052 5082 1280 5133 urasset
1319 5094 1423 5134 eos
1458 5082 1637 5150 atque
1668 5076 2112 5133 dixissetzDeus

462 5161 721 5217 visitabit
750 5177 853 5218 vos
892 5181 905 5218 :
954 5170 1253 5236 asportata
1306 5166 1615 5222 vobiscum
1670 5181 1810 5222 ossa
1851 5181 1989 5222 mea
2038 5166 2113 5221 de

460 5248 592 5305 loco
622 5252 733 5306 isto
767 5266 778 5305 :
810 5256 1081 5307 mortuus
1123 5257 1233 5316 est,
1252 5253 1499 5324 expletis
1525 5259 1767 5310 centum
1794 5253 2003 5311 decem
2024 5254 2113 5309 vi-

461 5343 533 5393 tae
566 5354 687 5394 suae
718 5340 912 5397 annis.
951 5341 1019 5395 Et
1041 5338 1317 5396 conditus
1358 5341 1753 5405 aromatibus,
1814 5342 2111 5414 repositus

462 5429 554 5480 est
579 5427 639 5482 in
668 5426 863 5484 loculo
888 5426 951 5482 in
993 5427 1266 5498 Egypto.
1301 5438 1362 5496 az.
1413 5428 1627 5484 Amen.

2215 3310 2450 3381 justum
2480 3312 2894 3380 pauperem,et
2908 3323 3028 3364 non
3042 3308 3433 3378 magniﬁcare
3458 3310 3655 3366 virum
3666 3324 3870 3383 pecca-

2227 3400 2420 3453 torem
2455 3395 2719 3451 divitem.
2773 3396 3074 3466 Sapientia
3099 3396 3344 3453 humilis
3371 3397 3662 3455 exaltabit
3699 3400 3873 3471 caput

2226 3501 2425 3550 suum,
2459 3489 2515 3540 et
2554 3485 2615 3539 in
2649 3484 3277 3553 mediomagnatorum
3329 3487 3658 3544 consedere
3711 3486 3871 3543 illum

2219 3573 2393 3629 faciet
2449 3572 2510 3628 in
2570 3576 2743 3628 terra.
2801 3584 2871 3642 Βρ.
2935 3578 3143 3629 Amen.

2500 3661 2875 3730 Principium
2917 3660 3056 3717 libri
3078 3662 3325 3718 Exaudi
3353 3661 3521 3735 (Cap.
3553 3664 3625 3735 Ι).

2289 3761 2356 3821 ne.
2380 3751 2499 3805 Deo
2525 3750 2766 3819 gratias.

2289 3840 2423 3893 Haec
2446 3838 2845 3895 suntnomina
2859 3838 3117 3895 ﬁliorum
3139 3839 3317 3895 Israel
3333 3841 3437 3912 qui
3452 3840 3719 3910 ingressi
3742 3845 3871 3898 sunt

2218 3926 2280 3982 in
2295 3928 2615 3999 IEgyptum
2628 3943 2767 3982 cum
2779 3927 2961 3983 Iacob
2985 3928 3226 4000 :singuli
3261 3944 3401 3984 cum
3424 3928 3718 3987 domibus
3754 3931 3869 3987 suis

2219 4014 2603 4071 introierunt:
2635 4014 2861 4081 Ruben,
2881 4015 3355 4085 Simeon,Levi,J
3363 4017 3530 4085 udas,
3568 4020 3867 4081 Issachar,

2218 4103 2481 4159 Zabulon
2528 4108 2583 4159 et
2613 4104 2940 4175 Benjamin,
2996 4106 3144 4172 Dan,
3199 4106 3551 4177 Nephtalim,
3622 4108 3772 4177 Gad,
3820 4112 3870 4163 et

2218 4192 2379 4247 Aser.
2402 4193 2770 4261 Erantigitur
2784 4209 2993 4249 omnes
3015 4196 3238 4251 animos
3270 4210 3479 4251 eorum
3497 4195 3868 4267 quiingressi

2219 4284 2357 4334 sunt
2376 4279 2769 4352 in/Egyptum
2786 4281 2860 4336 de
2875 4282 3099 4339 femore
3134 4283 3343 4349 Jacob,
3372 4286 3869 4356 septuaginta:Jo-

2219 4365 2366 4437 seph
2378 4370 2909 4441 autemin/Egypto
2934 4374 3078 4427 erat.
3113 4373 3242 4437 Quo
3262 4374 3521 4435 mortuo,
3548 4376 3611 4427 et
3638 4371 3861 4428 univer-

2219 4453 2298 4508 sis
2325 4452 2603 4512 fratribus
2635 4458 2785 4528 ejus,
2842 4460 3129 4533 omnique
3186 4459 3542 4529 cognatione
3583 4460 3710 4526 illa,

2216 4539 2394 4596 lsrael
2424 4547 2751 4608 creverunt,
2786 4548 2843 4600 et
2879 4544 3055 4616 quasi
3075 4548 3480 4615 germinantes
3506 4547 3863 4621 multiplica-

2216 4626 2261 4683 ti
2299 4632 2437 4684 sunt
2467 4644 2480 4685 :
2510 4644 2581 4685 ac
2598 4630 2831 4688 robusti
2851 4631 3578 4706 nimis,impleveruntque
3627 4640 3867 4692 terram.

2218 4716 2477 4773 Surrexit
2503 4717 2728 4776 interea
2777 4735 2882 4776 rex
2947 4735 3142 4777 novus
3163 4735 3342 4792 super
3392 4724 3739 4795 Egyptum,
3766 4722 3871 4794 qui

2217 4802 2534 4874 ignorabat
2560 4808 2778 4881 Joseph
2801 4826 2815 4865 :
2840 4809 2987 4866 etalt
3011 4810 3089 4866 ad
3114 4811 3411 4883 populum
3432 4828 3614 4868 suum
3648 4831 3663 4865 :
3697 4815 3865 4878 Ecce,

2216 4893 2475 4965 populus
2499 4894 2761 4953 ﬁliorum
2793 4897 2974 4953 Israel
3000 4897 3240 4965 multus,
3261 4898 3535 4956 etfortior
3558 4899 3745 4957 nobis
3765 4902 3871 4955 est.

2219 4981 2441 5048 Venite,
2462 4983 2781 5056 sapientier
2797 4988 3209 5059 opprimamus
3229 5003 3392 5058 eum,
3409 5003 3485 5045 ne
3508 4988 3663 5047 forte
3678 4986 3874 5046 multi-

2220 5068 2513 5141 plicentur
2542 5092 2555 5132 :
2588 5080 2643 5130 et
2660 5075 2709 5130 si
2731 5075 3018 5145 ingruerit
3040 5080 3248 5133 contra
3266 5092 3379 5133 nos
3399 5076 3654 5149 bellum,
3683 5076 3875 5134 adda-

2220 5163 2315 5214 tur
2341 5160 2523 5217 virtus
2550 5162 2805 5219 inimicis
2861 5165 3101 5231 nostris,
3152 5167 3630 5239 expugnatisque
3674 5165 3873 5229 nobis,

2220 5249 2608 5317 egrediatura
2634 5256 2809 5307 terra.
2841 5254 3166 5325 Praepoth
3193 5254 3390 5327 itaque
3422 5254 3509 5310 eis
3540 5255 3873 5326 magistros

2220 5350 2491 5408 operum,
2523 5339 2629 5410 qui
2672 5340 2984 5411 affligerun
3024 5357 3127 5398 eos
3158 5343 3441 5399 oneribus
3473 5362 3486 5399 :
3530 5342 3875 5400 aediﬁcave-

2220 5426 2476 5496 runtque
2497 5426 3209 5488 urbestabernaculorum
3220 5431 3532 5501 Pharaoni,
3551 5431 3802 5488 Phitom
3816 5435 3872 5487 et

2217 5516 2913 5590 Ramesses.Quantoque
2923 5519 3332 5592 opprimebant
3349 5523 3651 5590 eos,tanto
3665 5518 3872 5589 magis
