4102 6176
453 294 556 348 367

1699 271 2156 340 BREVIABIUM
2195 246 2589 328 GOTHICUM.

3749 265 3856 322 368

447 415 777 481 morientis,
817 415 1008 470 donec
1046 413 1390 476 revertatur,
1419 411 1473 465 et
1501 409 1681 465 vivat.
1715 409 1780 468 tr.
1831 401 2098 461 Peccavi-
2125 399 2171 454 A
2205 401 2260 453 et
2289 395 2602 453 veniebant
2629 393 2705 450 ad
2732 407 2871 449 eum
2904 393 2998 448 :et
3025 387 3543 481 memoratisunt,
3555 389 3860 481 quoniam

446 521 582 559 mus
613 505 792 570 enim,
826 503 1027 574 inique
1061 501 1293 572 egimus
1317 498 1654 556 recedentes
1685 514 1720 554 a
1759 501 1835 565 te,
1865 498 1922 550 et
1947 507 2094 566 prte-

445 597 612 663 cepta
641 597 744 648 tua
771 607 894 648 non
911 589 1376 652 observavimus,
1411 603 1520 643 nec
1545 586 1822 643 fecimus.
1850 583 1916 640 P.
1940 582 2093 642 Quo-

444 680 650 738 modo.
678 680 817 736 Non
855 678 1090 736 dicatur
1119 677 1345 746 Gloria;
1367 677 1470 733 sed
1495 676 1811 733 reiteretur
1833 684 1903 744 Bt.

1043 768 1117 822 In
1155 765 1484 823 Laudibus.

512 856 870 926 Antiphona.
914 853 1254 912 Secundum
1295 851 1760 922 multitudinem,
1817 847 2085 918 Domine,

443 944 898 1000 miserationum
922 948 1184 1010 tuarum,
1207 942 1338 998 dele
1364 955 1574 998 omnes
1591 939 1931 1012 iniquitates
1952 950 2087 992 nos-

442 1037 561 1089 tras
594 1052 605 1089 :
623 1037 677 1087 et
696 1030 924 1087 munda
953 1046 1064 1086 nos
1082 1029 1161 1086 ab
1181 1030 1470 1101 injustitia
1490 1033 1711 1086 nostra.
1733 1028 2008 1084 Psalmus
2029 1039 2081 1080 L.

514 1119 736 1175 Oratio.
779 1117 1118 1175 Secundum
1160 1117 1600 1175 multitudinem
1631 1115 2085 1173 miserationum

439 1209 698 1264 tuarum.
721 1207 828 1276 fol.
865 1211 983 1263 150.

511 1296 596 1350 Ad
609 1295 944 1352 Canticum.
960 1295 1334 1367 Antiphona.
1353 1297 1437 1351 Tu
1457 1294 1706 1352 Domine
1721 1293 1780 1348 in
1799 1299 2085 1349 aeternum

436 1398 778 1455 permanes,
801 1389 857 1439 et
887 1383 1060 1439 sedes
1083 1387 1186 1439 tua
1215 1383 1278 1439 in
1308 1383 1593 1440 saeculum
1623 1379 1843 1439 saeculi.

616 1471 930 1527 Canticum
958 1469 1412 1544 Jeremice(Cap.
1434 1489 1471 1528 v
1497 1469 1903 1540 Threnorum).

509 1558 796 1616 Memento
810 1555 1062 1616 Domine
1079 1558 1224 1631 quid
1237 1558 1463 1616 factum
1484 1559 1557 1616 sit
1585 1557 1760 1616 nobis
1786 1575 1799 1613 :
1821 1559 1842 1578 "
1859 1553 2080 1628 aspice,

437 1651 493 1702 et
521 1647 656 1703 vide
685 1646 1079 1719 opprobrium
1116 1650 1412 1703 nostrum.

2201 486 2488 542 Dominus
2511 484 2608 556 adj
2619 488 2750 540 utor
2765 497 2973 539 eorum
2999 483 3108 538 est.
3134 479 3197 541 ἵ.
3231 477 3464 550 Etpluit
3486 478 3600 536 illis
3626 494 3860 536 manna

2202 574 2280 633 ad
2311 573 2824 644 manducandum,
2856 577 2915 629 et
2938 585 3159 644 panem
3185 568 3317 625 coeli
3345 567 3511 624 dedit
3539 569 3643 626 eis.

2271 663 2598 720 Canticum.
2644 660 2996 718 Benedictus
3023 674 3086 715 es
3110 657 3361 716 Domine
3393 657 3546 714 Deus
3574 661 3845 730 patrum.

2196 752 2308 822 fol.
2339 757 2390 808 6.

2271 841 2501 898 Lauda.
2528 839 2668 899 Coeli
2693 839 3001 910 caelorum,
3017 841 3074 894 et
3092 852 3286 910 aquae,
3304 851 3442 909 quas
3465 851 3651 910 supra
3666 837 3854 895 oculos

2199 934 2354 1002 sunt,
2377 929 2626 986 laudent
2644 943 2866 985 nomen
2894 926 3148 984 Domini.
3176 925 3449 983 Psalmus
3477 941 3700 983 cxnvm.

2553 1017 2749 1074 Lectio
2781 1017 2924 1074 libri
2957 1015 3157 1072 Exodi
3187 1014 3354 1087 (Cap.
3382 1013 3485 1085 ix).

2269 1116 2339 1176 Bt.
2379 1108 2498 1162 Deo
2519 1105 2762 1175 gratias.

2269 1197 2332 1250 In
2354 1192 2467 1250 illis
2479 1193 2692 1250 diebus
2714 1210 2728 1248 :
2747 1193 2963 1249 Videns
2976 1192 3209 1249 Pharao
3225 1190 3390 1265 quod
3407 1194 3854 1266 cessassetplu-

2195 1281 2316 1352 via,
2348 1286 2404 1338 et
2432 1281 2684 1354 grando,
2711 1285 2769 1338 et
2790 1281 3065 1346 tonitrua,
3100 1278 3264 1338 auxit
3297 1285 3648 1352 peccatum:
3679 1286 3738 1340 et
3763 1282 3855 1340 in-

2197 1376 2512 1441 gravatum
2551 1374 2642 1427 est
2665 1386 2767 1427 cor
2787 1370 3136 1440 Pharaonis,
3167 1373 3224 1427 et
3251 1383 3564 1426 servorum
3593 1369 3769 1437 illius,
3802 1387 3835 1428 e

2194 1459 2541 1517 induratum
2553 1460 2760 1516 nimis:
2787 1475 2898 1516 nec
2919 1457 3310 1516 dimisitﬁlios
3325 1458 3524 1527 Israel,
3539 1458 3687 1516 sicut
3698 1476 3853 1532 pree-

2195 1555 2433 1622 ceperat
2453 1548 2739 1606 Dominus
2760 1564 2862 1621 per
2889 1563 3140 1605 manum
3178 1547 3392 1620 Moysi.
3446 1548 3604 1619 (Cap.
3656 1550 3742 1619 x.)
3777 1552 3849 1607 Et

2193 1637 2341 1694 dixit
2353 1637 2638 1694 Dominus
2651 1638 2727 1695 ad
2741 1640 2980 1709 Moysen
2995 1653 3008 1692 :
3025 1635 3338 1706 Ingredere
3349 1635 3428 1692 ad
3437 1635 3814 1693 Pharaonem
3829 1655 3845 1690 :

507 1734 809 1790 Hereditas
835 1738 1046 1792 nostra
1085 1750 1378 1791 conversa
1425 1738 1513 1792 est
1553 1733 1778 1805 alienis,
1811 1734 1828 1751 '
1865 1732 2083 1791 domus
2111 1744 2156 1801 Β
2193 1741 2304 1797 ego
2327 1727 2489 1783 enim
2516 1727 2796 1784 induravi
2827 1742 2929 1784 cor
2955 1727 3104 1797 ejus,
3125 1727 3187 1784 et
3211 1740 3521 1782 servorum
3551 1724 3708 1781 illius
3737 1741 3754 1781 :
3780 1729 3849 1783 ut

432 1827 638 1881 nostra
667 1823 1025 1895 peregrinis.

505 1911 713 1982 Pupilli
740 1911 880 1968 facti
904 1927 1116 1968 sumus
1127 1910 1288 1968 velut
1319 1925 1444 1970 non
1467 1909 1760 1969 habentes
1788 1914 2042 1984 patrem,
2065 1911 2083 1929 '

430 2005 650 2056 matres
691 2003 909 2056 nostrae
941 2001 1116 2072 quasi
1146 2000 1362 2056 viduae.

502 2097 702 2159 Aquas
727 2092 961 2144 nostras
989 2087 1245 2160 pecunia
1264 2086 1532 2145 bibimus
1558 2107 1576 2142 :
1608 2090 1628 2111 "
1657 2092 1715 2146 et
1748 2087 1912 2159 ligna
1940 2098 2082 2144 nos-

431 2180 520 2232 tra
549 2177 738 2247 pretio
759 2175 1268 2248 comparavimus.

502 2264 842 2321 Cervicibus
868 2264 1271 2330 minabamur,
1300 2260 1487 2336 lapsis
1514 2266 1531 2282 '
1559 2279 1682 2322 non
1707 2263 1963 2323 dabatur
1989 2277 2078 2321 re-

429 2352 621 2424 quies.

499 2443 752 2515 }Egypto
777 2441 1056 2499 dedimus
1086 2457 1355 2508 manum,
1391 2445 1412 2465 "
1441 2445 1498 2498 et
1521 2443 1777 2514 Assyriis
1797 2445 1862 2500 ut
1908 2441 2077 2499 satie-

430 2545 566 2586 mur
589 2545 745 2603 pane
760 2574 773 2588 .

497 2617 699 2674 Patres
747 2618 938 2674 nostri
975 2621 1394 2689 peccaverunt,
1439 2621 1494 2674 et
1529 2633 1653 2675 non
1708 2623 1849 2676 sunt
1878 2635 1892 2675 :
1921 2621 1938 2637 '
1966 2633 2075 2676 nos

426 2709 627 2761 autem
657 2704 1000 2777 iniquitates
1027 2721 1236 2762 eorum
1267 2705 1621 2764 exolvimus.

499 2792 659 2848 Servi
679 2792 972 2850 dominati
992 2797 1126 2851 sunt
1153 2793 1366 2852 nobis:
1396 2796 1412 2813 '
1440 2810 1550 2852 nec
1579 2798 1667 2852 est
1689 2793 1793 2868 qui
1819 2795 2074 2855 redimat

424 2896 536 2938 nos
565 2882 638 2937 de
661 2881 941 2939 manibus
972 2898 1206 2940 eorum.

496 2970 559 3026 In
589 2970 871 3027 manibus
922 2973 1139 3028 nostris
1190 2970 1620 3045 acquisivimus
1668 2989 1891 3046 panem
1931 2990 2070 3033 nos-

424 3066 602 3129 trum,
636 3059 841 3117 afacie
871 3059 1072 3131 gladii,
1107 3059 1544 3119 etsolitudinis.

491 3147 659 3204 Pellis
688 3153 991 3220 nostra,ut
1014 3148 1289 3208 clibanus
1319 3150 1502 3208 livida
1518 3150 1674 3209 facta
1698 3155 1787 3208 est
1815 3153 1831 3170 ’
1859 3168 1897 3210 a
1916 3151 2067 3212 facie

419 3237 735 3310 plagarum
764 3243 822 3295 et
849 3238 1035 3295 fame.

490 3325 755 3384 Mulieres
780 3325 845 3383 in
877 3327 1011 3385 Sion
1040 3325 1366 3386 humiliatae
1407 3332 1564 3399 sunt,
1593 3332 1686 3387 'et
1704 3329 1950 3402 virginis
2003 3331 2066 3390 in

417 3412 755 3474 civitatibus
779 3416 951 3474 Juda.

486 3503 789 3578 Principes
809 3502 871 3561 in
896 3504 1177 3564 manibus
1203 3507 1326 3563 suis
1346 3507 1623 3580 suspensi
1649 3511 1786 3566 sunt
1814 3527 1827 3565 :
1861 3511 1877 3526 '
1905 3512 1962 3567 et
1981 3507 2064 3567 fa-

417 3595 535 3651 cies
575 3609 784 3650 senum
812 3609 936 3652 non
967 3593 1470 3666 gloriﬁcaverunt.

488 3682 667 3740 Electi
697 3683 887 3741 moles
905 3683 1244 3754 volvebant,
1268 3684 1284 3705 ‘
1305 3689 1362 3742 et
1370 3685 1625 3758 juvenes
1656 3684 1897 3760 inligno
1927 3703 2063 3747 con-

412 3768 517 3829 ﬁxi
554 3777 710 3828 sunt.

488 3864 667 3917 Senes
697 3861 776 3917 ad
819 3864 1056 3934 portam
1086 3857 1448 3932 defecerunt,
1483 3863 1498 3883 ⁸
1524 3866 1581 3921 et
1617 3861 1784 3923 electi
1828 3881 1864 3923 a
1905 3866 2062 3940 psal-

415 3947 533 4006 mis
562 3954 965 4007 cessaverunt.

487 4038 847 4096 Dissolutum
875 4042 963 4096 est
997 4037 1286 4111 gaudium
1325 4037 1520 4098 cordis
1549 4043 1737 4100 nostri
1770 4059 1782 4098 :
1816 4046 1836 4068 ⁶
1856 4057 2062 4104 versus

413 4131 502 4185 cst
530 4128 592 4183 in
614 4127 841 4185 luctum
871 4128 1088 4185 chorus
1115 4131 1339 4186 noster.

485 4217 706 4275 Cecidit
746 4233 970 4275 corona
999 4214 1211 4291 capitis
1238 4215 1430 4277 nostri
1460 4235 1472 4275 :
1504 4221 1518 4237 '
1546 4236 1630 4277 vae
1666 4235 1826 4279 nunc
1861 4219 2055 4295 nobis,

411 4307 696 4382 quoniam
727 4306 1126 4380 peccavimus.

482 4395 725 4470 Propter
741 4396 856 4454 hoc
876 4395 1100 4454 factum
1129 4400 1220 4455 est
1245 4397 1306 4454 in
1323 4393 1527 4455 dolore
1556 4413 1659 4456 cor
1677 4404 1970 4466 nostrum,
2002 4405 2058 4457 et

410 4485 709 4543 obscurati
735 4489 874 4544 sunt
897 4485 1268 4559 oculinostri,
1297 4487 1317 4508 '
1341 4487 1672 4546 nevideant
1692 4505 1874 4563 super
1889 4505 2058 4547 mon-

408 4580 528 4632 tem
569 4575 708 4632 Sion
733 4574 1021 4648 quoniam
1047 4575 1475 4634 exterminatus
1512 4580 1618 4647 est,
1663 4577 1873 4650 vulpes
1898 4579 2057 4634 tran-

408 4662 634 4720 sierunt
661 4678 766 4737 per
791 4679 950 4720 eum.

477 4753 562 4810 Tu
591 4756 792 4810 autem
817 4749 1066 4810 Domine
1087 4751 1149 4809 in
1167 4757 1454 4811 aeternum
1478 4765 1816 4826 permanes,
1849 4755 1867 4775 ‘
1901 4757 1956 4812 et
1972 4769 2056 4811 se-

406 4839 513 4897 des
548 4844 653 4899 tua
678 4842 740 4899 in
771 4841 1058 4900 saeculum
1090 4841 1312 4899 saeculi.

480 4930 650 5000 207
670 4931 895 5004 thuid
915 4928 978 4988 in
993 4931 1373 4989 contentione
1399 4929 1764 4989 Oblivisceris
1788 4927 2020 4989 nostri?
2041 4935 2055 4950 '

406 5017 772 5091 derelinquis
800 5035 914 5078 nos
955 5021 1018 5077 in
1046 5020 1483 5092 longitudinem
1521 5020 1754 5077 dierum
1778 5021 1806 5076 ‘I

478 5107 760 5164 Converte
786 5121 898 5165 nos
927 5108 1083 5166 Deus
1109 5107 1190 5166 ad
1218 5113 1295 5175 te,
1339 5112 1398 5166 et
1429 5112 1846 5167 convertamur
1872 5122 1886 5166 :
1918 5106 1939 5133 "
1970 5123 2058 5168 re-

403 5211 564 5256 novo.
592 5195 720 5255 dies
747 5201 1006 5264 nostros,
1050 5197 1200 5253 sicut
1228 5201 1425 5257 antea.

473 5285 619 5354 Quia
663 5285 957 5359 repellens
1008 5284 1275 5357 repulisti
1312 5301 1446 5352 nos,
1475 5286 1702 5345 'iratus
1741 5303 1803 5345 es
1847 5287 2054 5348 contra

400 5388 511 5432 nos
537 5373 715 5433 nimis
742 5372 938 5432 valde.

979 5460 1467 5519 Matutinarium.

470 5548 568 5606 Ad
581 5542 1685 5626 Benedictus.Antip/zona..Vigilabant
1696 5551 2052 5624 antelucem,

2190 1815 2408 1873 faciam
2436 1816 2611 1886 signa
2646 1831 2785 1872 mea
2817 1815 2946 1871 haec
2969 1815 3032 1870 in
3060 1829 3151 1880 eo,
3185 1818 3241 1870 et
3261 1829 3470 1871 narres
3499 1813 3561 1870 in
3593 1813 3846 1871 auribus

2188 1904 2451 1961 ﬁliorum
2463 1909 2724 1968 tuorum,
2741 1907 3096 1976 etnepotum
3118 1906 3380 1970 tuorum,
3403 1903 3684 1975 quotiens
3706 1918 3849 1960 con-

2189 1993 2450 2050 triverim
2463 1993 2790 2066 Egyptios,
2814 1996 2870 2050 et
2883 1993 3057 2063 signa
3072 2007 3210 2050 mea
3220 2007 3355 2065 quae
3374 1991 3615 2049 fecerim
3641 1992 3702 2048 in
3716 1992 3803 2049 eis
3829 2007 3842 2046 :

2189 2085 2245 2139 et
2261 2081 2458 2139 sciatis
2477 2082 2623 2155 quia
2633 2097 2744 2154 ego
2756 2082 3064 2138 Dominus.
3091 2081 3445 2138 lntroierunt
3454 2096 3598 2152 ergo
3610 2081 3848 2152 Moyses

2189 2175 2246 2228 et
2265 2172 2467 2228 Aaron
2489 2171 2567 2230 ad
2583 2172 2978 2238 Pharaonem,
3003 2170 3349 2227 etdixerunt
3365 2170 3417 2227 ei
3449 2187 3462 2226 :
3486 2169 3722 2227 Dimitte
3740 2185 3848 2242 po-

2185 2258 2400 2333 pulum
2417 2274 2640 2326 meum,
2671 2264 2738 2316 ut
2759 2259 3050 2318 sacriﬁcet
3067 2259 3214 2316 mihi
3226 2302 3239 2316 .
3273 2259 3372 2317 Sin
3389 2264 3592 2316 autem
3612 2273 3735 2316 non
3751 2258 3845 2315 vis

2186 2348 2480 2406 dimittere
2502 2364 2642 2407 eum
2671 2366 2685 2406 :
2710 2364 2845 2406 ecce
2869 2364 2981 2421 ego
2996 2349 3282 2406 inducam
3313 2364 3445 2406 cras
3463 2348 3758 2406 locustam
3776 2347 3842 2404 in

2183 2436 2334 2494 ﬁnes
2361 2442 2514 2509 tuos,
2547 2443 2604 2496 et
2619 2437 3183 2511 cooperientfaciem
3199 2441 3388 2510 terrae,
3402 2453 3477 2495 ne
3497 2437 3839 2511 quidquam

2185 2527 2236 2598 ej
2248 2543 2315 2583 us
2332 2527 2530 2584 virens
2543 2532 2850 2601 appareat,
2870 2528 2973 2585 sed
2990 2527 3342 2586 comedatur
3351 2526 3517 2601 quod
3526 2526 3834 2584 residuum

2182 2613 2357 2672 fuerit
2372 2617 2646 2687 grandini
2669 2637 2681 2675 :
2699 2616 2972 2674 corrodet
2989 2617 3146 2673 enim
3161 2616 3538 2688 omnialigna
3553 2632 3690 2689 quas
3707 2630 3838 2687 ger-

2183 2702 2416 2761 minant
2441 2703 2504 2761 in
2525 2705 2708 2775 agris.
2744 2707 2810 2761 Et
2836 2705 3176 2777 implebunt
3195 2704 3410 2762 domos
3429 2709 3583 2769 tuas,
3630 2708 3685 2761 et
3715 2719 3836 2761 ser-

2180 2808 2397 2850 vorum
2415 2797 2673 2861 tuorum,
2691 2798 2747 2851 et
2759 2794 3034 2852 omnium
3050 2793 3466 2867 Egyptiorum
3491 2810 3503 2849 :
3540 2797 3837 2866 quantam

2180 2896 2302 2938 non
2325 2882 2603 2940 viderunt
2618 2886 2817 2955 patres
2837 2883 2940 2948 tui,
2957 2897 2992 2939 a
3005 2881 3124 2950 die,
3143 2898 3216 2939 ex
3231 2898 3354 2955 quo
3370 2882 3631 2940 ortisunt
3651 2896 3839 2954 super

2181 2975 2419 3038 terram,
2444 2987 2636 3043 usque
2657 2972 2718 3027 in
2741 2973 3093 3044 praesentem
3114 2970 3295 3028 diem.
3319 2970 3657 3042 Avertitque
3681 2985 3764 3038 se,
3780 2973 3840 3028 et

2178 3073 2446 3131 egressus
2458 3064 2544 3117 est
2556 3076 2590 3116 a
2603 3058 3319 3132 Pharaone.Dixeruntque
3333 3059 3486 3117 servi
3506 3059 3838 3117 Pharaonis

2177 3146 2256 3205 ad
2268 3165 2405 3206 eum
2423 3166 2436 3205 :
2455 3152 2775 3222 Usquequo
2793 3150 3086 3222 patiemur
3096 3149 3213 3206 hoc
3227 3147 3572 3207 scandalum
3588 3168 3601 3208 :
3617 3148 3840 3206 dimitte

2174 3238 2491 3310 populum,
2510 3243 2577 3295 ut
2601 3238 2934 3296 sacriﬁcent
2960 3238 3215 3296 Domino
3231 3238 3351 3296 Deo
3365 3255 3502 3296 suo:
3525 3252 3727 3295 nonne
3748 3237 3835 3295 vi-

2175 3326 2276 3383 des
2291 3328 2442 3400 quod
2453 3327 2975 3401 perierit/Egyptus
2987 3329 3016 3384 ?
3028 3330 3574 3402 Revocaveruntque
3586 3328 3836 3401 Moysen

2175 3421 2232 3473 et
2257 3418 2455 3473 Aaron
2481 3417 2560 3474 ad
2580 3416 2958 3475 Pharaonem
2983 3436 2996 3478 :
3020 3417 3128 3491 qui
3157 3417 3306 3476 dixit
3328 3417 3412 3474 eis
3441 3436 3456 3478 :
3480 3421 3581 3485 Ite,
3606 3417 3831 3475 sacriﬁ-

2174 3507 2301 3563 cate
2320 3503 2572 3563 Domino
2585 3507 2704 3564 Deo
2716 3510 2915 3564 vestro
2931 3523 2942 3563 :
2963 3508 3217 3580 quinam
3229 3512 3369 3565 sunt
3379 3507 3631 3581 quiituri
3647 3508 3833 3564 sunt?

2171 3594 2266 3652 Ait
2284 3593 2511 3668 Moyses
2532 3612 2544 3651 :
2569 3596 2716 3653 Cum
2742 3595 3008 3668 parvulis
3029 3597 3252 3654 nostris
3279 3600 3336 3655 et
3357 3596 3602 3653 senibus
3620 3611 3832 3669 perge-

2171 3697 2331 3752 mus,
2350 3699 2491 3740 cum
2505 3683 2640 3741 ﬁliis
2665 3689 2720 3742 et
2743 3684 3004 3752 ﬁliabus,
3027 3701 3164 3742 cum
3187 3684 3398 3742 ovibus
3419 3689 3478 3743 et
3491 3685 3784 3742 armentis
3811 3701 3827 3742 :

2171 3775 2259 3828 est
2275 3773 2434 3829 enim
2453 3772 2804 3831 solemnitas
2824 3772 3063 3831 Domini
3082 3774 3186 3831 Dei
3199 3773 3405 3831 nostri.
3432 3775 3498 3831 Et
3517 3773 3835 3847 respondit

2173 3857 2402 3918 Pharao
2431 3881 2444 3914 :
2475 3862 2568 3918 Sic
2599 3861 2884 3918 Dominus
2915 3862 2989 3919 sit
3010 3862 3344 3932 vobiscum,
3377 3862 3686 3935 quomodo
3711 3877 3829 3933 ego

2171 3947 2472 4007 dimittam
2497 3967 2628 4020 vos,
2645 3955 2702 4010 et
2729 3948 3012 4024 parvulos
3037 3955 3266 4008 vestros
3295 3969 3307 4008 :
3344 3951 3440 4008 cui
3461 3951 3718 4008 dubium
3735 3953 3834 4008 est

2171 4035 2337 4111 quod
2355 4039 2615 4112 pessime
2633 4039 2899 4110 cogitetis
2919 4041 2948 4096 ?
2965 4042 3092 4097 Non
3114 4040 3216 4096 ﬁet
3229 4039 3330 4109 ita,
3360 4039 3465 4096 sed
3486 4039 3562 4098 ite
3589 4043 3830 4097 tantum

2169 4127 2299 4195 viri,
2329 4131 2386 4184 et
2406 4128 2730 4186 sacriﬁcate
2752 4127 3004 4187 Domino
3024 4147 3037 4185 :
3057 4129 3172 4186 hoc
3189 4129 3348 4187 enim
3370 4127 3554 4202 etipsi
3573 4128 3826 4201 petistis.

2173 4215 2500 4290 Statimque
2529 4218 2698 4289 ejecti
2725 4219 3258 4291 suntaconspectu
3285 4217 3638 4275 Pharaonis.
3674 4213 3832 4275 Dixit

2169 4306 2372 4361 autem
2390 4304 2676 4362 Dominus
2696 4307 2772 4363 ad
2790 4307 3036 4379 Moysen
3060 4324 3072 4363 :
3100 4307 3359 4364 Extende
3384 4321 3642 4363 manum
3658 4310 3828 4364 tuam

2169 4409 2351 4466 super
2365 4397 2579 4450 terram
2597 4395 2830 4468 .Egypti
2843 4395 2920 4452 ad
2932 4395 3247 4465 locustam,
3268 4399 3332 4452 ut
3348 4396 3831 4468 ascendatsuper

2168 4497 2323 4550 eam,
2353 4488 2409 4540 et
2439 4483 2680 4541 devoret
2703 4500 2945 4542 omnem
2966 4485 3218 4544 herbam
3235 4501 3370 4559 quas
3393 4484 3631 4543 residua
3650 4484 3831 4542 fuerit

2167 4570 2462 4644 grandini.
2481 4571 2751 4630 Extendit
2763 4576 2991 4648 Moyses
3002 4575 3225 4647 virgam
3239 4589 3400 4633 suam
3414 4589 3600 4648 super
3612 4578 3825 4632 terram

2167 4663 2401 4736 ZEgypti
2428 4679 2440 4718 :
2471 4667 2527 4718 et
2559 4661 3096 4721 Dominusinduxit
3123 4668 3371 4722 ventum
3399 4668 3669 4722 arentem
3696 4668 3827 4722 tota

2164 4750 2260 4808 die
2283 4747 2383 4809 illa
2409 4760 2478 4809 ac
2509 4756 2717 4809 nocte:
2752 4757 2808 4809 et
2837 4768 3013 4810 mane
3037 4751 3213 4821 facto,
3249 4757 3458 4810 ventus
3480 4751 3702 4810 levavit
3729 4751 3823 4810 lo-

2165 4843 2382 4898 custas.
2450 4842 2592 4906 Quae
2634 4837 3033 4899 ascenderunt
3084 4854 3265 4916 super
3301 4856 3548 4898 omnem
3600 4847 3826 4900 terram

2166 4929 2401 5002 IEgypti
2421 4949 2432 4988 :
2455 4933 2512 4987 et
2535 4927 2815 4988 sederunt
2836 4929 2899 4986 in
2917 4930 3144 4988 cunctis
3162 4930 3387 4988 ﬁnibus
3405 4930 3828 5005 Egyptiorum

2164 5018 2860 5095 innumerabiles,quales
2874 5026 3008 5080 ante
3019 5021 3167 5079 illud
3179 5025 3402 5095 tempus
3419 5037 3546 5079 non
3557 5020 3830 5090 fuerunt,

2165 5125 2274 5168 nec
2299 5113 2510 5184 postea
2540 5110 2757 5169 futurae
2782 5115 2968 5170 erant.
3018 5112 3512 5185 Operueruntque
3541 5111 3838 5170 universa

2165 5214 2346 5272 super
2374 5199 2588 5258 faciem
2613 5204 2802 5269 terrae,
2834 5205 3133 5260 vastantes
3152 5197 3385 5259 omnia.
3411 5201 3717 5260 Devorata
3740 5205 3845 5260 est

2163 5287 2346 5361 igitur
2374 5286 2563 5349 herba
2585 5296 2772 5360 terrae,
2803 5293 2860 5350 et
2883 5291 3183 5365 quidquid
3207 5303 3532 5366 pomorum
3558 5291 3621 5348 in
3649 5292 3840 5350 arbo-

2163 5371 2328 5434 ribus
2357 5375 2486 5451 fult,
2516 5394 2652 5453 quas
2685 5380 2916 5451 grando
2946 5379 3295 5440 dimiserat:
3327 5376 3601 5454 nihilque
3626 5381 3842 5439 virens

2164 5464 2416 5525 omnino
2451 5468 2722 5527 relictum
2766 5475 2856 5528 est
2897 5467 2958 5527 in
2978 5467 3176 5543 lignis,
3210 5474 3267 5528 et
3305 5468 3366 5527 in
3389 5466 3596 5528 herbis
3631 5471 3842 5539 terrai,

2165 5555 2228 5615 in
2254 5559 2470 5618 cuncta
2496 5559 2772 5633 Egypto.
2801 5556 3206 5626 Quamobrem
3232 5559 3523 5620 festinans
3560 5559 3837 5633 Pharao,
