  <div class='ocr_page' id='page_1' title='image "/cluster/home/n/w/nwhite01/storage/ocr_20150623/86/hvd.32044054758909/190.png"; bbox 0 0 4102 6176; ppageno 0'>
   <div class='ocr_carea' id='block_1_1' title="bbox 299 217 413 273">
    <p class='ocr_par' dir='ltr' id='par_1_1' title="bbox 299 217 413 273">
     <span class='ocr_line' id='line_1_1' title="bbox 299 217 413 273; baseline 0 0"><span class='ocrx_word' id='word_1_1' title='bbox 299 217 413 273; x_wconf 84' lang='lat'><strong>369</strong></span> 
     </span>
    </p>
   </div>
   <div class='ocr_carea' id='block_1_2' title="bbox 1450 205 2539 276">
    <p class='ocr_par' dir='ltr' id='par_1_2' title="bbox 1450 205 2539 276">
     <span class='ocr_line' id='line_1_2' title="bbox 1450 205 2539 276; baseline 0.002 -10"><span class='ocrx_word' id='word_1_2' title='bbox 1450 208 1801 269; x_wconf 86' lang='lat' dir='ltr'><strong>DOMINICA</strong></span> <span class='ocrx_word' id='word_1_3' title='bbox 1842 206 1889 263; x_wconf 91' lang='lat' dir='ltr'><strong>II</strong></span> <span class='ocrx_word' id='word_1_4' title='bbox 1932 205 2539 276; x_wconf 65' lang='lat' dir='ltr'><strong>QUADRAGESIME.</strong></span> 
     </span>
    </p>
   </div>
   <div class='ocr_carea' id='block_1_3' title="bbox 3626 227 3736 289">
    <p class='ocr_par' dir='ltr' id='par_1_3' title="bbox 3626 227 3736 289">
     <span class='ocr_line' id='line_1_3' title="bbox 3626 227 3736 289; baseline -0.009 -7"><span class='ocrx_word' id='word_1_5' title='bbox 3626 227 3736 289; x_wconf 89' lang='lat'><strong>370</strong></span> 
     </span>
    </p>
   </div>
   <div class='ocr_carea' id='block_1_4' title="bbox 294 332 3732 419">
    <p class='ocr_par' dir='ltr' id='par_1_4' title="bbox 294 332 3732 419">
     <span class='ocr_line' id='line_1_4' title="bbox 294 332 3732 419; baseline 0.004 -24"><span class='ocrx_word' id='word_1_6' title='bbox 294 335 545 395; x_wconf 88' lang='lat' dir='ltr'><strong>vocavit</strong></span> <span class='ocrx_word' id='word_1_7' title='bbox 570 337 809 406; x_wconf 79' lang='lat' dir='ltr'><strong>Moysen</strong></span> <span class='ocrx_word' id='word_1_8' title='bbox 852 336 910 390; x_wconf 90' lang='lat' dir='ltr'><strong>et</strong></span> <span class='ocrx_word' id='word_1_9' title='bbox 946 334 1163 401; x_wconf 83' lang='lat' dir='ltr'><strong>Aaron,</strong></span> <span class='ocrx_word' id='word_1_10' title='bbox 1194 337 1253 391; x_wconf 91' lang='lat' dir='ltr'><strong>et</strong></span> <span class='ocrx_word' id='word_1_11' title='bbox 1293 334 1440 393; x_wconf 82' lang='lat' dir='ltr'><strong>dixit</strong></span> <span class='ocrx_word' id='word_1_12' title='bbox 1461 334 1545 391; x_wconf 93' lang='lat' dir='ltr'><strong>eis</strong></span> <span class='ocrx_word' id='word_1_13' title='bbox 1577 352 1590 391; x_wconf 91' lang='lat'>:</span> <span class='ocrx_word' id='word_1_14' title='bbox 1633 333 1879 391; x_wconf 81' lang='lat' dir='ltr'><strong>Peccavi</strong></span> <span class='ocrx_word' id='word_1_15' title='bbox 1904 332 1966 389; x_wconf 91' lang='lat' dir='ltr'><strong>in</strong></span> <span class='ocrx_word' id='word_1_16' title='bbox 1992 334 2041 389; x_wconf 90' lang='lat' dir='ltr'><strong>A</strong></span> <span class='ocrx_word' id='word_1_17' title='bbox 2069 332 2173 390; x_wconf 90' lang='lat' dir='ltr'><strong>lux</strong></span> <span class='ocrx_word' id='word_1_18' title='bbox 2203 339 2345 393; x_wconf 88' lang='lat' dir='ltr'><strong>erat.</strong></span> <span class='ocrx_word' id='word_1_19' title='bbox 2372 337 2735 411; x_wconf 89' lang='lat' dir='ltr'><strong>Vocavitque</strong></span> <span class='ocrx_word' id='word_1_20' title='bbox 2764 338 2994 400; x_wconf 77' lang='lat' dir='ltr'><strong>Pharao</strong></span> <span class='ocrx_word' id='word_1_21' title='bbox 3025 343 3272 416; x_wconf 83' lang='lat' dir='ltr'><strong>Moysen</strong></span> <span class='ocrx_word' id='word_1_22' title='bbox 3307 347 3363 403; x_wconf 89' lang='lat' dir='ltr'><strong>et</strong></span> <span class='ocrx_word' id='word_1_23' title='bbox 3410 347 3632 419; x_wconf 80' lang='lat' dir='ltr'><strong>Aaron,</strong></span> <span class='ocrx_word' id='word_1_24' title='bbox 3673 359 3732 411; x_wconf 91' lang='lat' dir='ltr'><strong>et</strong></span> 
     </span>
    </p>
   </div>
   <div class='ocr_carea' id='block_1_5' title="bbox 302 422 1964 493">
    <p class='ocr_par' dir='ltr' id='par_1_5' title="bbox 302 422 1964 493">
     <span class='ocr_line' id='line_1_5' title="bbox 302 422 1964 493; baseline -0.004 -9"><span class='ocrx_word' id='word_1_25' title='bbox 302 426 633 484; x_wconf 90' lang='lat' dir='ltr'><strong>Dominum</strong></span> <span class='ocrx_word' id='word_1_26' title='bbox 665 425 854 479; x_wconf 92' lang='lat' dir='ltr'><strong>Deum</strong></span> <span class='ocrx_word' id='word_1_27' title='bbox 888 426 1175 493; x_wconf 90' lang='lat' dir='ltr'><strong>vestrum,</strong></span> <span class='ocrx_word' id='word_1_28' title='bbox 1215 428 1271 480; x_wconf 91' lang='lat' dir='ltr'><strong>et</strong></span> <span class='ocrx_word' id='word_1_29' title='bbox 1306 423 1368 480; x_wconf 92' lang='lat' dir='ltr'><strong>in</strong></span> <span class='ocrx_word' id='word_1_30' title='bbox 1392 441 1518 480; x_wconf 90' lang='lat' dir='ltr'><strong>vos.</strong></span> <span class='ocrx_word' id='word_1_31' title='bbox 1549 423 1663 480; x_wconf 87' lang='lat' dir='ltr'><strong>Sed</strong></span> <span class='ocrx_word' id='word_1_32' title='bbox 1687 438 1849 479; x_wconf 93' lang='lat' dir='ltr'><strong>nunc</strong></span> <span class='ocrx_word' id='word_1_33' title='bbox 1878 422 1964 477; x_wconf 90' lang='lat' dir='ltr'><strong>di-</strong></span> 
     </span>
    </p>
   </div>
   <div class='ocr_carea' id='block_1_6' title="bbox 295 509 1964 585">
    <p class='ocr_par' dir='ltr' id='par_1_6' title="bbox 295 509 1964 585">
     <span class='ocr_line' id='line_1_6' title="bbox 295 509 1964 585; baseline -0.004 -13"><span class='ocrx_word' id='word_1_34' title='bbox 295 513 513 572; x_wconf 79' lang='lat' dir='ltr'><strong>mittite</strong></span> <span class='ocrx_word' id='word_1_35' title='bbox 544 515 863 585; x_wconf 89' lang='lat' dir='ltr'><strong>peccatum</strong></span> <span class='ocrx_word' id='word_1_36' title='bbox 890 510 1038 568; x_wconf 89' lang='lat' dir='ltr'><strong>mihi</strong></span> <span class='ocrx_word' id='word_1_37' title='bbox 1075 511 1254 569; x_wconf 88' lang='lat' dir='ltr'><strong>etiam</strong></span> <span class='ocrx_word' id='word_1_38' title='bbox 1282 512 1395 569; x_wconf 90' lang='lat' dir='ltr'><strong>hac</strong></span> <span class='ocrx_word' id='word_1_39' title='bbox 1426 513 1567 576; x_wconf 87' lang='lat' dir='ltr'><strong>vice,</strong></span> <span class='ocrx_word' id='word_1_40' title='bbox 1600 515 1657 567; x_wconf 92' lang='lat' dir='ltr'><strong>et</strong></span> <span class='ocrx_word' id='word_1_41' title='bbox 1684 515 1847 566; x_wconf 89' lang='lat' dir='ltr'><strong>orate</strong></span> <span class='ocrx_word' id='word_1_42' title='bbox 1886 509 1964 565; x_wconf 91' lang='lat' dir='ltr'><strong>ad</strong></span> 
     </span>
    </p>
   </div>
   <div class='ocr_carea' id='block_1_7' title="bbox 297 599 1964 665">
    <p class='ocr_par' dir='ltr' id='par_1_7' title="bbox 297 599 1964 665">
     <span class='ocr_line' id='line_1_7' title="bbox 297 599 1964 665; baseline -0.005 -5"><span class='ocrx_word' id='word_1_43' title='bbox 297 600 631 660; x_wconf 91' lang='lat' dir='ltr'><strong>Dominum</strong></span> <span class='ocrx_word' id='word_1_44' title='bbox 664 601 852 654; x_wconf 91' lang='lat' dir='ltr'><strong>Deum</strong></span> <span class='ocrx_word' id='word_1_45' title='bbox 877 603 1167 665; x_wconf 87' lang='lat' dir='ltr'><strong>vestrum,</strong></span> <span class='ocrx_word' id='word_1_46' title='bbox 1196 604 1259 655; x_wconf 91' lang='lat' dir='ltr'><strong>ut</strong></span> <span class='ocrx_word' id='word_1_47' title='bbox 1279 599 1507 656; x_wconf 80' lang='lat' dir='ltr'><strong>auferat</strong></span> <span class='ocrx_word' id='word_1_48' title='bbox 1534 615 1571 655; x_wconf 91' lang='lat' dir='ltr'><strong>a</strong></span> <span class='ocrx_word' id='word_1_49' title='bbox 1590 614 1686 655; x_wconf 91' lang='lat' dir='ltr'><strong>me</strong></span> <span class='ocrx_word' id='word_1_50' title='bbox 1709 602 1964 654; x_wconf 89' lang='lat' dir='ltr'><strong>mortem</strong></span> 
     </span>
    </p>
   </div>
   <div class='ocr_carea' id='block_1_8' title="bbox 293 686 1959 761">
    <p class='ocr_par' dir='ltr' id='par_1_8' title="bbox 293 686 1959 761">
     <span class='ocr_line' id='line_1_8' title="bbox 293 686 1959 761; baseline -0.005 -12"><span class='ocrx_word' id='word_1_51' title='bbox 293 694 499 750; x_wconf 89' lang='lat' dir='ltr'><strong>istam.</strong></span> <span class='ocrx_word' id='word_1_52' title='bbox 528 692 819 760; x_wconf 83' lang='lat' dir='ltr'><strong>Egressus</strong></span> <span class='ocrx_word' id='word_1_53' title='bbox 852 689 1085 760; x_wconf 86' lang='lat' dir='ltr'><strong>Moyses</strong></span> <span class='ocrx_word' id='word_1_54' title='bbox 1124 686 1199 743; x_wconf 93' lang='lat' dir='ltr'><strong>de</strong></span> <span class='ocrx_word' id='word_1_55' title='bbox 1242 693 1567 761; x_wconf 91' lang='lat' dir='ltr'><strong>conspectu</strong></span> <span class='ocrx_word' id='word_1_56' title='bbox 1612 686 1959 751; x_wconf 87' lang='lat' dir='ltr'><strong>Pharaonis,</strong></span> 
     </span>
    </p>
   </div>
   <div class='ocr_carea' id='block_1_9' title="bbox 298 775 1961 841">
    <p class='ocr_par' dir='ltr' id='par_1_9' title="bbox 298 775 1961 841">
     <span class='ocr_line' id='line_1_9' title="bbox 298 775 1961 841; baseline -0.005 -3"><span class='ocrx_word' id='word_1_57' title='bbox 298 779 496 839; x_wconf 86' lang='lat' dir='ltr'><strong>oravit</strong></span> <span class='ocrx_word' id='word_1_58' title='bbox 518 777 598 834; x_wconf 84' lang='lat' dir='ltr'><strong>ad</strong></span> <span class='ocrx_word' id='word_1_59' title='bbox 626 776 975 832; x_wconf 91' lang='lat' dir='ltr'><strong>Dominum.</strong></span> <span class='ocrx_word' id='word_1_60' title='bbox 997 775 1110 841; x_wconf 89' lang='lat' dir='ltr'><strong>Qui</strong></span> <span class='ocrx_word' id='word_1_61' title='bbox 1130 775 1276 832; x_wconf 90' lang='lat' dir='ltr'><strong>ﬂare</strong></span> <span class='ocrx_word' id='word_1_62' title='bbox 1291 776 1427 833; x_wconf 88' lang='lat' dir='ltr'><strong>fecit</strong></span> <span class='ocrx_word' id='word_1_63' title='bbox 1444 780 1690 832; x_wconf 90' lang='lat' dir='ltr'><strong>ventum</strong></span> <span class='ocrx_word' id='word_1_64' title='bbox 1707 775 1784 831; x_wconf 83' lang='lat' dir='ltr'><strong>ab</strong></span> <span class='ocrx_word' id='word_1_65' title='bbox 1806 775 1961 830; x_wconf 93' lang='lat' dir='ltr'><strong>occi-</strong></span> 
     </span>
    </p>
   </div>
   <div class='ocr_carea' id='block_1_10' title="bbox 300 863 1962 936">
    <p class='ocr_par' dir='ltr' id='par_1_10' title="bbox 300 863 1962 936">
     <span class='ocr_line' id='line_1_10' title="bbox 300 863 1962 936; baseline -0.004 -10"><span class='ocrx_word' id='word_1_66' title='bbox 300 869 480 927; x_wconf 91' lang='lat' dir='ltr'><strong>dente</strong></span> <span class='ocrx_word' id='word_1_67' title='bbox 516 863 1117 923; x_wconf 83' lang='lat' dir='ltr'><strong>vehementissimum</strong></span> <span class='ocrx_word' id='word_1_68' title='bbox 1138 867 1193 921; x_wconf 90' lang='lat' dir='ltr'><strong>et</strong></span> <span class='ocrx_word' id='word_1_69' title='bbox 1216 863 1795 936; x_wconf 89' lang='lat' dir='ltr'><strong>areptamlocustam</strong></span> <span class='ocrx_word' id='word_1_70' title='bbox 1824 878 1962 935; x_wconf 88' lang='lat' dir='ltr'><strong>pro-</strong></span> 
     </span>
    </p>
   </div>
   <div class='ocr_carea' id='block_1_11' title="bbox 291 952 1406 1029">
    <p class='ocr_par' dir='ltr' id='par_1_11' title="bbox 291 952 1406 1029">
     <span class='ocr_line' id='line_1_11' title="bbox 291 952 1406 1029; baseline -0.005 -14"><span class='ocrx_word' id='word_1_71' title='bbox 291 957 441 1029; x_wconf 89' lang='lat' dir='ltr'><strong>jecit</strong></span> <span class='ocrx_word' id='word_1_72' title='bbox 478 956 541 1011; x_wconf 89' lang='lat' dir='ltr'><strong>in</strong></span> <span class='ocrx_word' id='word_1_73' title='bbox 573 968 743 1009; x_wconf 91' lang='lat' dir='ltr'><strong>mare</strong></span> <span class='ocrx_word' id='word_1_74' title='bbox 767 952 1061 1009; x_wconf 86' lang='lat' dir='ltr'><strong>Rubrum.</strong></span> <span class='ocrx_word' id='word_1_75' title='bbox 1102 964 1169 1023; x_wconf 76' lang='grc' dir='ltr'><strong>Βι.</strong></span> <span class='ocrx_word' id='word_1_76' title='bbox 1195 956 1406 1009; x_wconf 83' lang='lat' dir='ltr'><strong>Amen.</strong></span> 
     </span>
    </p>
   </div>
   <div class='ocr_carea' id='block_1_12' title="bbox 368 1040 1956 1115">
    <p class='ocr_par' dir='ltr' id='par_1_12' title="bbox 368 1040 1956 1115">
     <span class='ocr_line' id='line_1_12' title="bbox 368 1040 1956 1115; baseline -0.006 -14"><span class='ocrx_word' id='word_1_77' title='bbox 368 1046 663 1115; x_wconf 76' lang='lat' dir='ltr'><strong>Hymnus.</strong></span> <span class='ocrx_word' id='word_1_78' title='bbox 696 1040 934 1097; x_wconf 66' lang='lat' dir='ltr'><strong>Eterne</strong></span> <span class='ocrx_word' id='word_1_79' title='bbox 953 1040 1102 1097; x_wconf 90' lang='lat' dir='ltr'><strong>lucis</strong></span> <span class='ocrx_word' id='word_1_80' title='bbox 1119 1041 1419 1099; x_wconf 77' lang='lat' dir='ltr'><strong>Conditor.</strong></span> <span class='ocrx_word' id='word_1_81' title='bbox 1437 1040 1956 1111; x_wconf 72' lang='lat' dir='ltr'><strong>Quwrefolio.l70.</strong></span> 
     </span>
    </p>
   </div>
   <div class='ocr_carea' id='block_1_13' title="bbox 368 1127 1960 1202">
    <p class='ocr_par' dir='ltr' id='par_1_13' title="bbox 368 1127 1960 1202">
     <span class='ocr_line' id='line_1_13' title="bbox 368 1127 1960 1202; baseline -0.004 -12"><span class='ocrx_word' id='word_1_82' title='bbox 368 1132 681 1202; x_wconf 75' lang='lat' dir='ltr'><strong>Capitula.</strong></span> <span class='ocrx_word' id='word_1_83' title='bbox 708 1131 884 1195; x_wconf 91' lang='lat' dir='ltr'><strong>Deus,</strong></span> <span class='ocrx_word' id='word_1_84' title='bbox 910 1129 1013 1202; x_wconf 88' lang='lat' dir='ltr'><strong>qui</strong></span> <span class='ocrx_word' id='word_1_85' title='bbox 1029 1144 1251 1201; x_wconf 89' lang='lat' dir='ltr'><strong>panem</strong></span> <span class='ocrx_word' id='word_1_86' title='bbox 1265 1129 1398 1186; x_wconf 88' lang='lat' dir='ltr'><strong>coeli</strong></span> <span class='ocrx_word' id='word_1_87' title='bbox 1414 1129 1547 1185; x_wconf 85' lang='lat' dir='ltr'><strong>ﬁliis</strong></span> <span class='ocrx_word' id='word_1_88' title='bbox 1569 1128 1840 1187; x_wconf 88' lang='lat' dir='ltr'><strong>omnium</strong></span> <span class='ocrx_word' id='word_1_89' title='bbox 1856 1127 1960 1184; x_wconf 86' lang='lat' dir='ltr'><strong>ho-</strong></span> 
     </span>
    </p>
   </div>
   <div class='ocr_carea' id='block_1_14' title="bbox 291 1216 1958 1290">
    <p class='ocr_par' dir='ltr' id='par_1_14' title="bbox 291 1216 1958 1290">
     <span class='ocr_line' id='line_1_14' title="bbox 291 1216 1958 1290; baseline -0.003 -14"><span class='ocrx_word' id='word_1_90' title='bbox 291 1218 1173 1290; x_wconf 88' lang='lat' dir='ltr'><strong>minumtribuis,terrenumque</strong></span> <span class='ocrx_word' id='word_1_91' title='bbox 1185 1218 1401 1276; x_wconf 90' lang='lat' dir='ltr'><strong>animal</strong></span> <span class='ocrx_word' id='word_1_92' title='bbox 1412 1217 1776 1290; x_wconf 81' lang='lat' dir='ltr'><strong>Angelorum</strong></span> <span class='ocrx_word' id='word_1_93' title='bbox 1792 1216 1958 1287; x_wconf 88' lang='lat' dir='ltr'><strong>adipe</strong></span> 
     </span>
    </p>
   </div>
   <div class='ocr_carea' id='block_1_15' title="bbox 296 1305 1958 1384">
    <p class='ocr_par' dir='ltr' id='par_1_15' title="bbox 296 1305 1958 1384">
     <span class='ocr_line' id='line_1_15' title="bbox 296 1305 1958 1384; baseline -0.004 -17"><span class='ocrx_word' id='word_1_94' title='bbox 296 1311 497 1384; x_wconf 87' lang='lat' dir='ltr'><strong>pascis</strong></span> <span class='ocrx_word' id='word_1_95' title='bbox 512 1326 527 1375; x_wconf 90' lang='lat'>;</span> <span class='ocrx_word' id='word_1_96' title='bbox 549 1307 1079 1365; x_wconf 79' lang='lat' dir='ltr'><strong>frumentationem</strong></span> <span class='ocrx_word' id='word_1_97' title='bbox 1093 1306 1260 1363; x_wconf 88' lang='lat' dir='ltr'><strong>verbi</strong></span> <span class='ocrx_word' id='word_1_98' title='bbox 1281 1307 1365 1364; x_wconf 91' lang='lat' dir='ltr'><strong>tui</strong></span> <span class='ocrx_word' id='word_1_99' title='bbox 1387 1305 1563 1363; x_wconf 87' lang='lat' dir='ltr'><strong>nobis</strong></span> <span class='ocrx_word' id='word_1_100' title='bbox 1577 1306 1639 1362; x_wconf 92' lang='lat' dir='ltr'><strong>in</strong></span> <span class='ocrx_word' id='word_1_101' title='bbox 1652 1305 1958 1362; x_wconf 88' lang='lat' dir='ltr'><strong>abundan-</strong></span> 
     </span>
    </p>
   </div>
   <div class='ocr_carea' id='block_1_16' title="bbox 297 1394 1958 1468">
    <p class='ocr_par' dir='ltr' id='par_1_16' title="bbox 297 1394 1958 1468">
     <span class='ocr_line' id='line_1_16' title="bbox 297 1394 1958 1468; baseline -0.004 -13"><span class='ocrx_word' id='word_1_102' title='bbox 297 1398 379 1455; x_wconf 88' lang='lat' dir='ltr'><strong>tia</strong></span> <span class='ocrx_word' id='word_1_103' title='bbox 410 1397 595 1454; x_wconf 87' lang='lat' dir='ltr'><strong>tribue</strong></span> <span class='ocrx_word' id='word_1_104' title='bbox 630 1413 643 1451; x_wconf 88' lang='lat'><strong>:</strong></span> <span class='ocrx_word' id='word_1_105' title='bbox 662 1412 847 1468; x_wconf 87' lang='lat' dir='ltr'><strong>eoque</strong></span> <span class='ocrx_word' id='word_1_106' title='bbox 860 1411 971 1452; x_wconf 92' lang='lat' dir='ltr'><strong>nos</strong></span> <span class='ocrx_word' id='word_1_107' title='bbox 987 1394 1424 1468; x_wconf 81' lang='lat' dir='ltr'><strong>spiritalireﬁce</strong></span> <span class='ocrx_word' id='word_1_108' title='bbox 1445 1394 1599 1461; x_wconf 88' lang='lat' dir='ltr'><strong>cibo,</strong></span> <span class='ocrx_word' id='word_1_109' title='bbox 1621 1409 1743 1467; x_wconf 90' lang='lat' dir='ltr'><strong>quo</strong></span> <span class='ocrx_word' id='word_1_110' title='bbox 1760 1397 1958 1465; x_wconf 87' lang='lat' dir='ltr'><strong>patres</strong></span> 
     </span>
    </p>
   </div>
   <div class='ocr_carea' id='block_1_17' title="bbox 287 1484 1177 1544">
    <p class='ocr_par' dir='ltr' id='par_1_17' title="bbox 287 1484 1177 1544">
     <span class='ocr_line' id='line_1_17' title="bbox 287 1484 1177 1544; baseline -0.004 -1"><span class='ocrx_word' id='word_1_111' title='bbox 287 1492 531 1544; x_wconf 89' lang='lat' dir='ltr'><strong>nostros</strong></span> <span class='ocrx_word' id='word_1_112' title='bbox 558 1484 830 1542; x_wconf 87' lang='lat' dir='ltr'><strong>allevasti</strong></span> <span class='ocrx_word' id='word_1_113' title='bbox 859 1485 923 1541; x_wconf 91' lang='lat' dir='ltr'><strong>in</strong></span> <span class='ocrx_word' id='word_1_114' title='bbox 956 1500 1177 1543; x_wconf 90' lang='lat' dir='ltr'><strong>eremo.</strong></span> 
     </span>
    </p>
   </div>
   <div class='ocr_carea' id='block_1_18' title="bbox 358 1576 793 1631">
    <p class='ocr_par' dir='ltr' id='par_1_18' title="bbox 358 1576 793 1631">
     <span class='ocr_line' id='line_1_18' title="bbox 358 1576 793 1631; baseline 0 -2"><span class='ocrx_word' id='word_1_115' title='bbox 358 1576 539 1631; x_wconf 91' lang='lat' dir='ltr'><strong>Pater</strong></span> <span class='ocrx_word' id='word_1_116' title='bbox 567 1577 793 1631; x_wconf 88' lang='lat' dir='ltr'><strong>noster.</strong></span> 
     </span>
    </p>
   </div>
   <div class='ocr_carea' id='block_1_19' title="bbox 2074 421 3727 497">
    <p class='ocr_par' dir='ltr' id='par_1_19' title="bbox 2074 421 3727 497">
     <span class='ocr_line' id='line_1_19' title="bbox 2074 421 3727 497; baseline 0.012 -20"><span class='ocrx_word' id='word_1_117' title='bbox 2074 421 2330 495; x_wconf 88' lang='lat' dir='ltr'><strong>dixitque</strong></span> <span class='ocrx_word' id='word_1_118' title='bbox 2345 426 2427 482; x_wconf 92' lang='lat' dir='ltr'><strong>eis</strong></span> <span class='ocrx_word' id='word_1_119' title='bbox 2448 444 2459 481; x_wconf 94' lang='lat'><strong>:</strong></span> <span class='ocrx_word' id='word_1_120' title='bbox 2481 427 2916 494; x_wconf 85' lang='lat' dir='ltr'><strong>Ite,sacriﬁcate</strong></span> <span class='ocrx_word' id='word_1_121' title='bbox 2930 431 3209 490; x_wconf 89' lang='lat' dir='ltr'><strong>Domino:</strong></span> <span class='ocrx_word' id='word_1_122' title='bbox 3226 450 3367 491; x_wconf 88' lang='lat' dir='ltr'><strong>oves</strong></span> <span class='ocrx_word' id='word_1_123' title='bbox 3385 438 3617 496; x_wconf 91' lang='lat' dir='ltr'><strong>tantum</strong></span> <span class='ocrx_word' id='word_1_124' title='bbox 3636 454 3727 497; x_wconf 88' lang='lat' dir='ltr'><strong>ve-</strong></span> 
     </span>
    </p>
   </div>
   <div class='ocr_carea' id='block_1_20' title="bbox 2073 514 3723 592">
    <p class='ocr_par' dir='ltr' id='par_1_20' title="bbox 2073 514 3723 592">
     <span class='ocr_line' id='line_1_20' title="bbox 2073 514 3723 592; baseline 0.012 -27"><span class='ocrx_word' id='word_1_125' title='bbox 2073 514 2207 567; x_wconf 74' lang='lat' dir='ltr'><strong>strae</strong></span> <span class='ocrx_word' id='word_1_126' title='bbox 2226 517 2281 567; x_wconf 88' lang='lat' dir='ltr'><strong>et</strong></span> <span class='ocrx_word' id='word_1_127' title='bbox 2304 520 2575 572; x_wconf 90' lang='lat' dir='ltr'><strong>armenta</strong></span> <span class='ocrx_word' id='word_1_128' title='bbox 2602 523 2973 583; x_wconf 88' lang='lat' dir='ltr'><strong>remaneant,</strong></span> <span class='ocrx_word' id='word_1_129' title='bbox 3007 521 3239 592; x_wconf 88' lang='lat' dir='ltr'><strong>parvuli</strong></span> <span class='ocrx_word' id='word_1_130' title='bbox 3260 526 3441 580; x_wconf 85' lang='lat' dir='ltr'><strong>vestri</strong></span> <span class='ocrx_word' id='word_1_131' title='bbox 3471 530 3608 583; x_wconf 90' lang='lat' dir='ltr'><strong>eant</strong></span> <span class='ocrx_word' id='word_1_132' title='bbox 3626 544 3723 585; x_wconf 90' lang='lat' dir='ltr'><strong>vo-</strong></span> 
     </span>
    </p>
   </div>
   <div class='ocr_carea' id='block_1_21' title="bbox 2071 598 3723 680">
    <p class='ocr_par' dir='ltr' id='par_1_21' title="bbox 2071 598 3723 680">
     <span class='ocr_line' id='line_1_21' title="bbox 2071 598 3723 680; baseline 0.01 -25"><span class='ocrx_word' id='word_1_133' title='bbox 2071 598 2324 658; x_wconf 90' lang='lat' dir='ltr'><strong>biscum.</strong></span> <span class='ocrx_word' id='word_1_134' title='bbox 2356 604 2447 659; x_wconf 77' lang='lat' dir='ltr'><strong>Ait</strong></span> <span class='ocrx_word' id='word_1_135' title='bbox 2472 607 2698 677; x_wconf 85' lang='lat' dir='ltr'><strong>Moyses</strong></span> <span class='ocrx_word' id='word_1_136' title='bbox 2724 624 2735 661; x_wconf 94' lang='lat'><strong>:</strong></span> <span class='ocrx_word' id='word_1_137' title='bbox 2761 607 2994 664; x_wconf 89' lang='lat' dir='ltr'><strong>Hostias</strong></span> <span class='ocrx_word' id='word_1_138' title='bbox 3020 624 3263 680; x_wconf 88' lang='lat' dir='ltr'><strong>quoque</strong></span> <span class='ocrx_word' id='word_1_139' title='bbox 3295 615 3349 666; x_wconf 91' lang='lat' dir='ltr'><strong>et</strong></span> <span class='ocrx_word' id='word_1_140' title='bbox 3373 611 3723 672; x_wconf 86' lang='lat' dir='ltr'><strong>holocausta</strong></span> 
     </span>
    </p>
   </div>
   <div class='ocr_carea' id='block_1_22' title="bbox 2071 686 3712 764">
    <p class='ocr_par' dir='ltr' id='par_1_22' title="bbox 2071 686 3712 764">
     <span class='ocr_line' id='line_1_22' title="bbox 2071 686 3712 764; baseline 0.01 -21"><span class='ocrx_word' id='word_1_141' title='bbox 2071 686 2245 744; x_wconf 90' lang='lat' dir='ltr'><strong>dabis</strong></span> <span class='ocrx_word' id='word_1_142' title='bbox 2289 691 2486 759; x_wconf 90' lang='lat' dir='ltr'><strong>nobis,</strong></span> <span class='ocrx_word' id='word_1_143' title='bbox 2531 709 2668 764; x_wconf 80' lang='lat' dir='ltr'><strong>quae</strong></span> <span class='ocrx_word' id='word_1_144' title='bbox 2692 693 3016 751; x_wconf 78' lang='lat' dir='ltr'><strong>offeramus</strong></span> <span class='ocrx_word' id='word_1_145' title='bbox 3051 696 3302 753; x_wconf 90' lang='lat' dir='ltr'><strong>Domino</strong></span> <span class='ocrx_word' id='word_1_146' title='bbox 3325 698 3443 756; x_wconf 88' lang='lat' dir='ltr'><strong>Deo</strong></span> <span class='ocrx_word' id='word_1_147' title='bbox 3480 706 3712 760; x_wconf 93' lang='lat' dir='ltr'><strong>nostro.</strong></span> 
     </span>
    </p>
   </div>
   <div class='ocr_carea' id='block_1_23' title="bbox 2074 773 3722 853">
    <p class='ocr_par' dir='ltr' id='par_1_23' title="bbox 2074 773 3722 853">
     <span class='ocr_line' id='line_1_23' title="bbox 2074 773 3722 853; baseline 0.012 -23"><span class='ocrx_word' id='word_1_148' title='bbox 2074 773 2393 848; x_wconf 91' lang='lat' dir='ltr'><strong>Cunctique</strong></span> <span class='ocrx_word' id='word_1_149' title='bbox 2405 795 2613 851; x_wconf 83' lang='lat' dir='ltr'><strong>greges</strong></span> <span class='ocrx_word' id='word_1_150' title='bbox 2626 786 2872 853; x_wconf 88' lang='lat' dir='ltr'><strong>pergent</strong></span> <span class='ocrx_word' id='word_1_151' title='bbox 2884 782 3201 841; x_wconf 86' lang='lat' dir='ltr'><strong>nobiscum</strong></span> <span class='ocrx_word' id='word_1_152' title='bbox 3226 804 3237 843; x_wconf 92' lang='lat'>:</span> <span class='ocrx_word' id='word_1_153' title='bbox 3263 800 3387 842; x_wconf 93' lang='lat' dir='ltr'><strong>non</strong></span> <span class='ocrx_word' id='word_1_154' title='bbox 3404 790 3722 849; x_wconf 81' lang='lat' dir='ltr'><strong>remanebit</strong></span> 
     </span>
    </p>
   </div>
   <div class='ocr_carea' id='block_1_24' title="bbox 2073 865 3722 940">
    <p class='ocr_par' dir='ltr' id='par_1_24' title="bbox 2073 865 3722 940">
     <span class='ocr_line' id='line_1_24' title="bbox 2073 865 3722 940; baseline 0.011 -23"><span class='ocrx_word' id='word_1_155' title='bbox 2073 877 2143 919; x_wconf 87' lang='lat' dir='ltr'><strong>ex</strong></span> <span class='ocrx_word' id='word_1_156' title='bbox 2169 865 2254 918; x_wconf 91' lang='lat' dir='ltr'><strong>eis</strong></span> <span class='ocrx_word' id='word_1_157' title='bbox 2282 867 2524 935; x_wconf 88' lang='lat' dir='ltr'><strong>ungula,</strong></span> <span class='ocrx_word' id='word_1_158' title='bbox 2559 884 2694 940; x_wconf 59' lang='lat' dir='ltr'><strong>quas</strong></span> <span class='ocrx_word' id='word_1_159' title='bbox 2723 872 3066 928; x_wconf 91' lang='lat' dir='ltr'><strong>necessaria</strong></span> <span class='ocrx_word' id='word_1_160' title='bbox 3102 878 3241 929; x_wconf 91' lang='lat' dir='ltr'><strong>sunt</strong></span> <span class='ocrx_word' id='word_1_161' title='bbox 3263 873 3323 929; x_wconf 92' lang='lat' dir='ltr'><strong>in</strong></span> <span class='ocrx_word' id='word_1_162' title='bbox 3354 874 3583 933; x_wconf 88' lang='lat' dir='ltr'><strong>cultum</strong></span> <span class='ocrx_word' id='word_1_163' title='bbox 3613 880 3722 935; x_wconf 91' lang='lat' dir='ltr'><strong>Do-</strong></span> 
     </span>
    </p>
   </div>
   <div class='ocr_carea' id='block_1_25' title="bbox 2070 951 3722 1036">
    <p class='ocr_par' dir='ltr' id='par_1_25' title="bbox 2070 951 3722 1036">
     <span class='ocr_line' id='line_1_25' title="bbox 2070 951 3722 1036; baseline 0.01 -30"><span class='ocrx_word' id='word_1_164' title='bbox 2070 951 2218 1007; x_wconf 88' lang='lat' dir='ltr'><strong>mini</strong></span> <span class='ocrx_word' id='word_1_165' title='bbox 2234 956 2420 1011; x_wconf 89' lang='lat' dir='ltr'><strong>nostri</strong></span> <span class='ocrx_word' id='word_1_166' title='bbox 2448 972 2458 1012; x_wconf 89' lang='lat'>:</span> <span class='ocrx_word' id='word_1_167' title='bbox 2485 959 2814 1028; x_wconf 80' lang='lat' dir='ltr'><strong>praesertim</strong></span> <span class='ocrx_word' id='word_1_168' title='bbox 2834 975 2972 1015; x_wconf 89' lang='lat' dir='ltr'><strong>cum</strong></span> <span class='ocrx_word' id='word_1_169' title='bbox 2988 960 3333 1030; x_wconf 81' lang='lat' dir='ltr'><strong>ignoremus</strong></span> <span class='ocrx_word' id='word_1_170' title='bbox 3350 963 3493 1036; x_wconf 89' lang='lat' dir='ltr'><strong>quid</strong></span> <span class='ocrx_word' id='word_1_171' title='bbox 3507 964 3722 1023; x_wconf 84' lang='lat' dir='ltr'><strong>debeat</strong></span> 
     </span>
    </p>
   </div>
   <div class='ocr_carea' id='block_1_26' title="bbox 2069 1040 3721 1122">
    <p class='ocr_par' dir='ltr' id='par_1_26' title="bbox 2069 1040 3721 1122">
     <span class='ocr_line' id='line_1_26' title="bbox 2069 1040 3721 1122; baseline 0.01 -25"><span class='ocrx_word' id='word_1_172' title='bbox 2069 1040 2388 1114; x_wconf 88' lang='lat' dir='ltr'><strong>immolari,</strong></span> <span class='ocrx_word' id='word_1_173' title='bbox 2417 1045 2607 1115; x_wconf 91' lang='lat' dir='ltr'><strong>donec</strong></span> <span class='ocrx_word' id='word_1_174' title='bbox 2632 1048 2711 1104; x_wconf 91' lang='lat' dir='ltr'><strong>ad</strong></span> <span class='ocrx_word' id='word_1_175' title='bbox 2739 1048 2941 1120; x_wconf 90' lang='lat' dir='ltr'><strong>ipsum</strong></span> <span class='ocrx_word' id='word_1_176' title='bbox 2969 1049 3171 1107; x_wconf 90' lang='lat' dir='ltr'><strong>locum</strong></span> <span class='ocrx_word' id='word_1_177' title='bbox 3187 1052 3721 1122; x_wconf 80' lang='lat' dir='ltr'><strong>perveniamuan-</strong></span> 
     </span>
    </p>
   </div>
   <div class='ocr_carea' id='block_1_27' title="bbox 2070 1128 3719 1204">
    <p class='ocr_par' dir='ltr' id='par_1_27' title="bbox 2070 1128 3719 1204">
     <span class='ocr_line' id='line_1_27' title="bbox 2070 1128 3719 1204; baseline 0.008 -20"><span class='ocrx_word' id='word_1_178' title='bbox 2070 1128 2520 1188; x_wconf 84' lang='lat' dir='ltr'><strong>duravitautem</strong></span> <span class='ocrx_word' id='word_1_179' title='bbox 2551 1135 2840 1191; x_wconf 88' lang='lat' dir='ltr'><strong>Dominus</strong></span> <span class='ocrx_word' id='word_1_180' title='bbox 2868 1152 2970 1193; x_wconf 89' lang='lat' dir='ltr'><strong>cor</strong></span> <span class='ocrx_word' id='word_1_181' title='bbox 2996 1137 3407 1204; x_wconf 86' lang='lat' dir='ltr'><strong>Pharaonis,et</strong></span> <span class='ocrx_word' id='word_1_182' title='bbox 3428 1140 3719 1198; x_wconf 82' lang='lat' dir='ltr'><strong>noluitdi-</strong></span> 
     </span>
    </p>
   </div>
   <div class='ocr_carea' id='block_1_28' title="bbox 2068 1218 3714 1297">
    <p class='ocr_par' dir='ltr' id='par_1_28' title="bbox 2068 1218 3714 1297">
     <span class='ocr_line' id='line_1_28' title="bbox 2068 1218 3714 1297; baseline 0.007 -24"><span class='ocrx_word' id='word_1_183' title='bbox 2068 1218 2299 1275; x_wconf 88' lang='lat' dir='ltr'><strong>mittere</strong></span> <span class='ocrx_word' id='word_1_184' title='bbox 2329 1236 2451 1278; x_wconf 89' lang='lat' dir='ltr'><strong>eos.</strong></span> <span class='ocrx_word' id='word_1_185' title='bbox 2474 1222 2743 1295; x_wconf 85' lang='lat' dir='ltr'><strong>Dixitque</strong></span> <span class='ocrx_word' id='word_1_186' title='bbox 2766 1224 2995 1280; x_wconf 84' lang='lat' dir='ltr'><strong>Pharao</strong></span> <span class='ocrx_word' id='word_1_187' title='bbox 3008 1225 3269 1283; x_wconf 89' lang='lat' dir='ltr'><strong>adeum:</strong></span> <span class='ocrx_word' id='word_1_188' title='bbox 3296 1228 3521 1284; x_wconf 80' lang='lat' dir='ltr'><strong>Recede</strong></span> <span class='ocrx_word' id='word_1_189' title='bbox 3542 1245 3577 1285; x_wconf 91' lang='lat' dir='ltr'><strong>a</strong></span> <span class='ocrx_word' id='word_1_190' title='bbox 3595 1244 3714 1297; x_wconf 91' lang='lat' dir='ltr'><strong>me,</strong></span> 
     </span>
    </p>
   </div>
   <div class='ocr_carea' id='block_1_29' title="bbox 2069 1308 3716 1389">
    <p class='ocr_par' dir='ltr' id='par_1_29' title="bbox 2069 1308 3716 1389">
     <span class='ocr_line' id='line_1_29' title="bbox 2069 1308 3716 1389; baseline 0.007 -28"><span class='ocrx_word' id='word_1_191' title='bbox 2069 1322 2214 1363; x_wconf 90' lang='lat' dir='ltr'><strong>cave</strong></span> <span class='ocrx_word' id='word_1_192' title='bbox 2234 1322 2308 1363; x_wconf 90' lang='lat' dir='ltr'><strong>ne</strong></span> <span class='ocrx_word' id='word_1_193' title='bbox 2335 1308 2491 1365; x_wconf 89' lang='lat' dir='ltr'><strong>ultra</strong></span> <span class='ocrx_word' id='word_1_194' title='bbox 2514 1310 2713 1367; x_wconf 90' lang='lat' dir='ltr'><strong>videas</strong></span> <span class='ocrx_word' id='word_1_195' title='bbox 2731 1312 2945 1368; x_wconf 83' lang='lat' dir='ltr'><strong>faciem</strong></span> <span class='ocrx_word' id='word_1_196' title='bbox 2966 1328 3167 1371; x_wconf 89' lang='lat' dir='ltr'><strong>meam</strong></span> <span class='ocrx_word' id='word_1_197' title='bbox 3191 1332 3203 1369; x_wconf 92' lang='lat'>:</span> <span class='ocrx_word' id='word_1_198' title='bbox 3223 1331 3605 1389; x_wconf 89' lang='lat' dir='ltr'><strong>quocumque</strong></span> <span class='ocrx_word' id='word_1_199' title='bbox 3620 1317 3716 1373; x_wconf 92' lang='lat' dir='ltr'><strong>die</strong></span> 
     </span>
    </p>
   </div>
   <div class='ocr_carea' id='block_1_30' title="bbox 2068 1396 3711 1475">
    <p class='ocr_par' dir='ltr' id='par_1_30' title="bbox 2068 1396 3711 1475">
     <span class='ocr_line' id='line_1_30' title="bbox 2068 1396 3711 1475; baseline 0.007 -27"><span class='ocrx_word' id='word_1_200' title='bbox 2068 1396 2418 1466; x_wconf 91' lang='lat' dir='ltr'><strong>apparueris</strong></span> <span class='ocrx_word' id='word_1_201' title='bbox 2434 1397 2795 1466; x_wconf 90' lang='lat' dir='ltr'><strong>mihi,morte</strong></span> <span class='ocrx_word' id='word_1_202' title='bbox 2812 1400 3432 1473; x_wconf 85' lang='lat' dir='ltr'><strong>morieris.Respondit</strong></span> <span class='ocrx_word' id='word_1_203' title='bbox 3449 1406 3673 1475; x_wconf 82' lang='lat' dir='ltr'><strong>Moyses</strong></span> <span class='ocrx_word' id='word_1_204' title='bbox 3697 1421 3711 1459; x_wconf 89' lang='lat'><strong>:</strong></span> 
     </span>
    </p>
   </div>
   <div class='ocr_carea' id='block_1_31' title="bbox 2067 1481 3711 1554">
    <p class='ocr_par' dir='ltr' id='par_1_31' title="bbox 2067 1481 3711 1554">
     <span class='ocr_line' id='line_1_31' title="bbox 2067 1481 3711 1554; baseline 0.007 -17"><span class='ocrx_word' id='word_1_205' title='bbox 2067 1484 2151 1538; x_wconf 91' lang='lat' dir='ltr'><strong>Ita</strong></span> <span class='ocrx_word' id='word_1_206' title='bbox 2166 1481 2265 1539; x_wconf 86' lang='lat' dir='ltr'><strong>ﬁet</strong></span> <span class='ocrx_word' id='word_1_207' title='bbox 2296 1488 2359 1539; x_wconf 92' lang='lat' dir='ltr'><strong>ut</strong></span> <span class='ocrx_word' id='word_1_208' title='bbox 2382 1484 2708 1554; x_wconf 92' lang='lat' dir='ltr'><strong>locutuses,</strong></span> <span class='ocrx_word' id='word_1_209' title='bbox 2736 1502 2859 1544; x_wconf 90' lang='lat' dir='ltr'><strong>non</strong></span> <span class='ocrx_word' id='word_1_210' title='bbox 2891 1488 3106 1546; x_wconf 89' lang='lat' dir='ltr'><strong>videbo</strong></span> <span class='ocrx_word' id='word_1_211' title='bbox 3129 1489 3281 1546; x_wconf 90' lang='lat' dir='ltr'><strong>ultra</strong></span> <span class='ocrx_word' id='word_1_212' title='bbox 3296 1490 3711 1549; x_wconf 89' lang='lat' dir='ltr'><strong>faciemtuam.</strong></span> 
     </span>
    </p>
   </div>
   <div class='ocr_carea' id='block_1_32' title="bbox 2068 1570 3716 1652">
    <p class='ocr_par' dir='ltr' id='par_1_32' title="bbox 2068 1570 3716 1652">
     <span class='ocr_line' id='line_1_32' title="bbox 2068 1570 3716 1652; baseline 0.007 -26"><span class='ocrx_word' id='word_1_213' title='bbox 2068 1570 2235 1641; x_wconf 93' lang='lat' dir='ltr'><strong>(Cap.</strong></span> <span class='ocrx_word' id='word_1_214' title='bbox 2259 1573 2361 1644; x_wconf 83' lang='lat' dir='ltr'><strong>x1.)</strong></span> <span class='ocrx_word' id='word_1_215' title='bbox 2383 1576 2449 1629; x_wconf 90' lang='lat' dir='ltr'><strong>Et</strong></span> <span class='ocrx_word' id='word_1_216' title='bbox 2477 1573 2621 1630; x_wconf 88' lang='lat' dir='ltr'><strong>dixit</strong></span> <span class='ocrx_word' id='word_1_217' title='bbox 2642 1575 2931 1631; x_wconf 92' lang='lat' dir='ltr'><strong>Dominus</strong></span> <span class='ocrx_word' id='word_1_218' title='bbox 2948 1576 3029 1633; x_wconf 92' lang='lat' dir='ltr'><strong>ad</strong></span> <span class='ocrx_word' id='word_1_219' title='bbox 3045 1579 3288 1652; x_wconf 84' lang='lat' dir='ltr'><strong>Moysen</strong></span> <span class='ocrx_word' id='word_1_220' title='bbox 3316 1594 3329 1634; x_wconf 91' lang='lat'><strong>:</strong></span> <span class='ocrx_word' id='word_1_221' title='bbox 3357 1578 3566 1636; x_wconf 83' lang='lat' dir='ltr'><strong>Adhuc</strong></span> <span class='ocrx_word' id='word_1_222' title='bbox 3591 1595 3716 1637; x_wconf 91' lang='lat' dir='ltr'><strong>una</strong></span> 
     </span>
    </p>
   </div>
   <div class='ocr_carea' id='block_1_33' title="bbox 355 1658 3716 1743">
    <p class='ocr_par' dir='ltr' id='par_1_33' title="bbox 355 1658 3716 1743">
     <span class='ocr_line' id='line_1_33' title="bbox 355 1658 3716 1743; baseline 0.001 -21"><span class='ocrx_word' id='word_1_223' title='bbox 355 1664 591 1722; x_wconf 86' lang='lat' dir='ltr'><strong>Lauda.</strong></span> <span class='ocrx_word' id='word_1_224' title='bbox 617 1667 683 1719; x_wconf 87' lang='lat' dir='ltr'><strong>In</strong></span> <span class='ocrx_word' id='word_1_225' title='bbox 703 1666 827 1721; x_wconf 93' lang='lat' dir='ltr'><strong>toto</strong></span> <span class='ocrx_word' id='word_1_226' title='bbox 857 1661 1036 1720; x_wconf 91' lang='lat' dir='ltr'><strong>corde</strong></span> <span class='ocrx_word' id='word_1_227' title='bbox 1070 1678 1226 1729; x_wconf 91' lang='lat' dir='ltr'><strong>meo,</strong></span> <span class='ocrx_word' id='word_1_228' title='bbox 1256 1664 1435 1731; x_wconf 89' lang='lat' dir='ltr'><strong>Deus,</strong></span> <span class='ocrx_word' id='word_1_229' title='bbox 1459 1660 1743 1736; x_wconf 84' lang='lat' dir='ltr'><strong>exquisivi</strong></span> <span class='ocrx_word' id='word_1_230' title='bbox 1762 1664 1815 1719; x_wconf 89' lang='lat' dir='ltr'><strong>te</strong></span> <span class='ocrx_word' id='word_1_231' title='bbox 1842 1677 1853 1717; x_wconf 88' lang='lat'>:</span> <span class='ocrx_word' id='word_1_232' title='bbox 1878 1661 1950 1717; x_wconf 94' lang='lat' dir='ltr'><strong>P.</strong></span> <span class='ocrx_word' id='word_1_233' title='bbox 1986 1680 2054 1743; x_wconf 76' lang='lat' dir='ltr'><strong>B_</strong></span> <span class='ocrx_word' id='word_1_234' title='bbox 2066 1658 2246 1730; x_wconf 89' lang='lat' dir='ltr'><strong>plaga</strong></span> <span class='ocrx_word' id='word_1_235' title='bbox 2273 1664 2504 1717; x_wconf 89' lang='lat' dir='ltr'><strong>tantum</strong></span> <span class='ocrx_word' id='word_1_236' title='bbox 2534 1661 2746 1719; x_wconf 86' lang='lat' dir='ltr'><strong>feriam</strong></span> <span class='ocrx_word' id='word_1_237' title='bbox 2771 1662 3143 1721; x_wconf 88' lang='lat' dir='ltr'><strong>Pharaonem</strong></span> <span class='ocrx_word' id='word_1_238' title='bbox 3187 1670 3245 1722; x_wconf 91' lang='lat' dir='ltr'><strong>et</strong></span> <span class='ocrx_word' id='word_1_239' title='bbox 3289 1668 3624 1738; x_wconf 61' lang='lat' dir='ltr'><strong>zEgyptum,</strong></span> <span class='ocrx_word' id='word_1_240' title='bbox 3659 1672 3716 1725; x_wconf 92' lang='lat' dir='ltr'><strong>et</strong></span> 
     </span>
    </p>
   </div>
   <div class='ocr_carea' id='block_1_34' title="bbox 290 1749 1953 1826">
    <p class='ocr_par' dir='ltr' id='par_1_34' title="bbox 290 1749 1953 1826">
     <span class='ocr_line' id='line_1_34' title="bbox 290 1749 1953 1826; baseline -0.004 -13"><span class='ocrx_word' id='word_1_241' title='bbox 290 1758 372 1813; x_wconf 79' lang='lat' dir='ltr'><strong>Ne</strong></span> <span class='ocrx_word' id='word_1_242' title='bbox 410 1751 675 1826; x_wconf 83' lang='lat' dir='ltr'><strong>repellas</strong></span> <span class='ocrx_word' id='word_1_243' title='bbox 704 1769 800 1808; x_wconf 89' lang='lat' dir='ltr'><strong>me</strong></span> <span class='ocrx_word' id='word_1_244' title='bbox 828 1768 866 1809; x_wconf 89' lang='lat' dir='ltr'><strong>a</strong></span> <span class='ocrx_word' id='word_1_245' title='bbox 902 1750 1209 1808; x_wconf 90' lang='lat' dir='ltr'><strong>mandatis</strong></span> <span class='ocrx_word' id='word_1_246' title='bbox 1236 1751 1372 1808; x_wconf 90' lang='lat' dir='ltr'><strong>tuis.</strong></span> <span class='ocrx_word' id='word_1_247' title='bbox 1413 1751 1477 1813; x_wconf 52' lang='grc' dir='ltr'><strong>ὴ.</strong></span> <span class='ocrx_word' id='word_1_248' title='bbox 1531 1755 1597 1807; x_wconf 90' lang='lat' dir='ltr'><strong>ln</strong></span> <span class='ocrx_word' id='word_1_249' title='bbox 1627 1753 1750 1807; x_wconf 88' lang='lat' dir='ltr'><strong>toto</strong></span> <span class='ocrx_word' id='word_1_250' title='bbox 1776 1749 1953 1806; x_wconf 91' lang='lat' dir='ltr'><strong>corde</strong></span> 
     </span>
    </p>
   </div>
   <div class='ocr_carea' id='block_1_35' title="bbox 291 1838 1950 1913">
    <p class='ocr_par' dir='ltr' id='par_1_35' title="bbox 291 1838 1950 1913">
     <span class='ocr_line' id='line_1_35' title="bbox 291 1838 1950 1913; baseline -0.005 -12"><span class='ocrx_word' id='word_1_251' title='bbox 291 1857 430 1900; x_wconf 88' lang='lat' dir='ltr'><strong>meo</strong></span> <span class='ocrx_word' id='word_1_252' title='bbox 458 1840 758 1899; x_wconf 88' lang='lat' dir='ltr'><strong>abscondi</strong></span> <span class='ocrx_word' id='word_1_253' title='bbox 794 1839 1035 1913; x_wconf 89' lang='lat' dir='ltr'><strong>eloquia</strong></span> <span class='ocrx_word' id='word_1_254' title='bbox 1064 1842 1202 1897; x_wconf 87' lang='lat' dir='ltr'><strong>tua:</strong></span> <span class='ocrx_word' id='word_1_255' title='bbox 1226 1844 1433 1897; x_wconf 91' lang='lat' dir='ltr'><strong>utnon</strong></span> <span class='ocrx_word' id='word_1_256' title='bbox 1458 1854 1703 1913; x_wconf 89' lang='lat' dir='ltr'><strong>peccem</strong></span> <span class='ocrx_word' id='word_1_257' title='bbox 1722 1838 1853 1909; x_wconf 76' lang='lat' dir='ltr'><strong>tibi.</strong></span> <span class='ocrx_word' id='word_1_258' title='bbox 1884 1838 1950 1893; x_wconf 91' lang='lat' dir='ltr'><strong>P.</strong></span> 
     </span>
    </p>
   </div>
   <div class='ocr_carea' id='block_1_36' title="bbox 291 1927 1944 2002">
    <p class='ocr_par' dir='ltr' id='par_1_36' title="bbox 291 1927 1944 2002">
     <span class='ocr_line' id='line_1_36' title="bbox 291 1927 1944 2002; baseline -0.003 -14"><span class='ocrx_word' id='word_1_259' title='bbox 291 1934 374 1988; x_wconf 87' lang='lat' dir='ltr'><strong>Ne</strong></span> <span class='ocrx_word' id='word_1_260' title='bbox 408 1929 667 2002; x_wconf 89' lang='lat' dir='ltr'><strong>repellas</strong></span> <span class='ocrx_word' id='word_1_261' title='bbox 696 1944 816 1985; x_wconf 90' lang='lat' dir='ltr'><strong>me.</strong></span> <span class='ocrx_word' id='word_1_262' title='bbox 848 1929 911 1989; x_wconf 63' lang='grc' dir='ltr'><strong>ν.</strong></span> <span class='ocrx_word' id='word_1_263' title='bbox 953 1927 1167 1999; x_wconf 85' lang='lat' dir='ltr'><strong>Gloria,</strong></span> <span class='ocrx_word' id='word_1_264' title='bbox 1214 1932 1270 1985; x_wconf 90' lang='lat' dir='ltr'><strong>et</strong></span> <span class='ocrx_word' id='word_1_265' title='bbox 1300 1929 1495 1986; x_wconf 92' lang='lat' dir='ltr'><strong>honor</strong></span> <span class='ocrx_word' id='word_1_266' title='bbox 1524 1927 1707 1996; x_wconf 88' lang='lat' dir='ltr'><strong>Patri,</strong></span> <span class='ocrx_word' id='word_1_267' title='bbox 1737 1932 1845 1985; x_wconf 91' lang='lat' dir='ltr'><strong>etc.</strong></span> <span class='ocrx_word' id='word_1_268' title='bbox 1877 1929 1944 1983; x_wconf 93' lang='lat' dir='ltr'><strong>P.</strong></span> 
     </span>
    </p>
   </div>
   <div class='ocr_carea' id='block_1_37' title="bbox 290 2018 810 2091">
    <p class='ocr_par' dir='ltr' id='par_1_37' title="bbox 290 2018 810 2091">
     <span class='ocr_line' id='line_1_37' title="bbox 290 2018 810 2091; baseline -0.01 -15"><span class='ocrx_word' id='word_1_269' title='bbox 290 2022 371 2076; x_wconf 78' lang='lat' dir='ltr'><strong>Ne</strong></span> <span class='ocrx_word' id='word_1_270' title='bbox 399 2018 662 2091; x_wconf 85' lang='lat' dir='ltr'><strong>repellas</strong></span> <span class='ocrx_word' id='word_1_271' title='bbox 692 2034 810 2073; x_wconf 91' lang='lat' dir='ltr'><strong>me.</strong></span> 
     </span>
    </p>
   </div>
   <div class='ocr_carea' id='block_1_38' title="bbox 361 2104 1946 2171">
    <p class='ocr_par' dir='ltr' id='par_1_38' title="bbox 361 2104 1946 2171">
     <span class='ocr_line' id='line_1_38' title="bbox 361 2104 1946 2171; baseline -0.002 -8"><span class='ocrx_word' id='word_1_272' title='bbox 361 2107 592 2164; x_wconf 79' lang='lat' dir='ltr'><strong>Oratio.</strong></span> <span class='ocrx_word' id='word_1_273' title='bbox 628 2108 692 2162; x_wconf 90' lang='lat' dir='ltr'><strong>In</strong></span> <span class='ocrx_word' id='word_1_274' title='bbox 736 2105 839 2162; x_wconf 85' lang='lat' dir='ltr'><strong>via</strong></span> <span class='ocrx_word' id='word_1_275' title='bbox 869 2104 1349 2161; x_wconf 87' lang='lat' dir='ltr'><strong>testimoniorum</strong></span> <span class='ocrx_word' id='word_1_276' title='bbox 1388 2109 1647 2171; x_wconf 91' lang='lat' dir='ltr'><strong>tuorum,</strong></span> <span class='ocrx_word' id='word_1_277' title='bbox 1680 2104 1946 2171; x_wconf 89' lang='lat' dir='ltr'><strong>Domine,</strong></span> 
     </span>
    </p>
   </div>
   <div class='ocr_carea' id='block_1_39' title="bbox 289 2192 1950 2269">
    <p class='ocr_par' dir='ltr' id='par_1_39' title="bbox 289 2192 1950 2269">
     <span class='ocr_line' id='line_1_39' title="bbox 289 2192 1950 2269; baseline -0.002 -16"><span class='ocrx_word' id='word_1_278' title='bbox 289 2195 467 2269; x_wconf 83' lang='lat' dir='ltr'><strong>quasi</strong></span> <span class='ocrx_word' id='word_1_279' title='bbox 497 2195 561 2250; x_wconf 90' lang='lat' dir='ltr'><strong>in</strong></span> <span class='ocrx_word' id='word_1_280' title='bbox 594 2193 882 2250; x_wconf 91' lang='lat' dir='ltr'><strong>omnibus</strong></span> <span class='ocrx_word' id='word_1_281' title='bbox 903 2192 1122 2249; x_wconf 90' lang='lat' dir='ltr'><strong>divitiis</strong></span> <span class='ocrx_word' id='word_1_282' title='bbox 1151 2193 1535 2259; x_wconf 88' lang='lat' dir='ltr'><strong>delectamur,</strong></span> <span class='ocrx_word' id='word_1_283' title='bbox 1562 2194 1740 2265; x_wconf 75' lang='lat'><strong>208</strong></span> <span class='ocrx_word' id='word_1_284' title='bbox 1756 2209 1950 2266; x_wconf 91' lang='lat' dir='ltr'><strong>neque</strong></span> 
     </span>
    </p>
   </div>
   <div class='ocr_carea' id='block_1_40' title="bbox 282 2282 1944 2356">
    <p class='ocr_par' dir='ltr' id='par_1_40' title="bbox 282 2282 1944 2356">
     <span class='ocr_line' id='line_1_40' title="bbox 282 2282 1944 2356; baseline -0.001 -15"><span class='ocrx_word' id='word_1_285' title='bbox 282 2284 447 2341; x_wconf 89' lang='lat' dir='ltr'><strong>enim</strong></span> <span class='ocrx_word' id='word_1_286' title='bbox 465 2282 809 2356; x_wconf 90' lang='lat' dir='ltr'><strong>quidquam</strong></span> <span class='ocrx_word' id='word_1_287' title='bbox 832 2282 1011 2340; x_wconf 90' lang='lat' dir='ltr'><strong>nobis</strong></span> <span class='ocrx_word' id='word_1_288' title='bbox 1023 2282 1229 2339; x_wconf 90' lang='lat' dir='ltr'><strong>deesse</strong></span> <span class='ocrx_word' id='word_1_289' title='bbox 1262 2283 1725 2349; x_wconf 89' lang='lat' dir='ltr'><strong>credimus,cum</strong></span> <span class='ocrx_word' id='word_1_290' title='bbox 1748 2286 1801 2339; x_wconf 93' lang='lat' dir='ltr'><strong>te</strong></span> <span class='ocrx_word' id='word_1_291' title='bbox 1816 2299 1944 2356; x_wconf 83' lang='lat' dir='ltr'><strong>pro-</strong></span> 
     </span>
    </p>
   </div>
   <div class='ocr_carea' id='block_1_41' title="bbox 280 2372 1948 2445">
    <p class='ocr_par' dir='ltr' id='par_1_41' title="bbox 280 2372 1948 2445">
     <span class='ocr_line' id='line_1_41' title="bbox 280 2372 1948 2445; baseline 0.001 -18"><span class='ocrx_word' id='word_1_292' title='bbox 280 2373 500 2445; x_wconf 90' lang='lat' dir='ltr'><strong>pitium</strong></span> <span class='ocrx_word' id='word_1_293' title='bbox 535 2372 751 2429; x_wconf 91' lang='lat' dir='ltr'><strong>adesse</strong></span> <span class='ocrx_word' id='word_1_294' title='bbox 782 2372 1224 2442; x_wconf 81' lang='lat' dir='ltr'><strong>cognoscimus.</strong></span> <span class='ocrx_word' id='word_1_295' title='bbox 1249 2383 1312 2444; x_wconf 61' lang='grc' dir='ltr'><strong>ἢ.</strong></span> <span class='ocrx_word' id='word_1_296' title='bbox 1341 2373 1551 2430; x_wconf 88' lang='lat' dir='ltr'><strong>Amen.</strong></span> <span class='ocrx_word' id='word_1_297' title='bbox 1583 2375 1689 2429; x_wconf 91' lang='lat' dir='ltr'><strong>Per</strong></span> <span class='ocrx_word' id='word_1_298' title='bbox 1716 2372 1948 2429; x_wconf 86' lang='lat' dir='ltr'><strong>miseri-</strong></span> 
     </span>
    </p>
   </div>
   <div class='ocr_carea' id='block_1_42' title="bbox 280 2461 1384 2533">
    <p class='ocr_par' dir='ltr' id='par_1_42' title="bbox 280 2461 1384 2533">
     <span class='ocr_line' id='line_1_42' title="bbox 280 2461 1384 2533; baseline 0.002 -16"><span class='ocrx_word' id='word_1_299' title='bbox 280 2461 562 2519; x_wconf 88' lang='lat' dir='ltr'><strong>cordiam</strong></span> <span class='ocrx_word' id='word_1_300' title='bbox 594 2465 784 2533; x_wconf 81' lang='lat' dir='ltr'><strong>tuam,</strong></span> <span class='ocrx_word' id='word_1_301' title='bbox 828 2463 983 2517; x_wconf 91' lang='lat' dir='ltr'><strong>Deus</strong></span> <span class='ocrx_word' id='word_1_302' title='bbox 1012 2464 1234 2527; x_wconf 83' lang='lat' dir='ltr'><strong>noster,</strong></span> <span class='ocrx_word' id='word_1_303' title='bbox 1272 2464 1384 2519; x_wconf 91' lang='lat' dir='ltr'><strong>etc.</strong></span> 
     </span>
    </p>
   </div>
   <div class='ocr_carea' id='block_1_43' title="bbox 918 2550 1329 2607">
    <p class='ocr_par' dir='ltr' id='par_1_43' title="bbox 918 2550 1329 2607">
     <span class='ocr_line' id='line_1_43' title="bbox 918 2550 1329 2607; baseline -0.002 -2"><span class='ocrx_word' id='word_1_304' title='bbox 918 2551 1018 2606; x_wconf 78' lang='lat' dir='ltr'><strong>Ad</strong></span> <span class='ocrx_word' id='word_1_305' title='bbox 1048 2550 1329 2607; x_wconf 77' lang='lat' dir='ltr'><strong>Tertiam.</strong></span> 
     </span>
    </p>
   </div>
   <div class='ocr_carea' id='block_1_44' title="bbox 614 2637 1624 2710">
    <p class='ocr_par' dir='ltr' id='par_1_44' title="bbox 614 2637 1624 2710">
     <span class='ocr_line' id='line_1_44' title="bbox 614 2637 1624 2710; baseline -0.003 -14"><span class='ocrx_word' id='word_1_306' title='bbox 614 2638 930 2709; x_wconf 72' lang='lat' dir='ltr'><strong>Sapientia</strong></span> <span class='ocrx_word' id='word_1_307' title='bbox 959 2639 1299 2696; x_wconf 76' lang='lat' dir='ltr'><strong>Salomonis</strong></span> <span class='ocrx_word' id='word_1_308' title='bbox 1323 2638 1484 2710; x_wconf 87' lang='lat' dir='ltr'><strong>(Cap.</strong></span> <span class='ocrx_word' id='word_1_309' title='bbox 1520 2637 1624 2709; x_wconf 80' lang='lat' dir='ltr'><strong>in).</strong></span> 
     </span>
    </p>
   </div>
   <div class='ocr_carea' id='block_1_45' title="bbox 344 2728 853 2801">
    <p class='ocr_par' dir='ltr' id='par_1_45' title="bbox 344 2728 853 2801">
     <span class='ocr_line' id='line_1_45' title="bbox 344 2728 853 2801; baseline 0 -16"><span class='ocrx_word' id='word_1_310' title='bbox 344 2742 411 2801; x_wconf 65' lang='lat' dir='ltr'><strong>ﬁ.</strong></span> <span class='ocrx_word' id='word_1_311' title='bbox 441 2728 573 2785; x_wconf 90' lang='lat' dir='ltr'><strong>Deo</strong></span> <span class='ocrx_word' id='word_1_312' title='bbox 605 2728 853 2798; x_wconf 83' lang='lat' dir='ltr'><strong>gratias.</strong></span> 
     </span>
    </p>
   </div>
   <div class='ocr_carea' id='block_1_46' title="bbox 348 2814 1948 2888">
    <p class='ocr_par' dir='ltr' id='par_1_46' title="bbox 348 2814 1948 2888">
     <span class='ocr_line' id='line_1_46' title="bbox 348 2814 1948 2888; baseline -0.002 -14"><span class='ocrx_word' id='word_1_313' title='bbox 348 2816 475 2883; x_wconf 80' lang='lat' dir='ltr'><strong>Fili,</strong></span> <span class='ocrx_word' id='word_1_314' title='bbox 505 2814 871 2888; x_wconf 88' lang='lat' dir='ltr'><strong>sapientiam</strong></span> <span class='ocrx_word' id='word_1_315' title='bbox 900 2816 1083 2886; x_wconf 91' lang='lat' dir='ltr'><strong>enim,</strong></span> <span class='ocrx_word' id='word_1_316' title='bbox 1108 2819 1164 2872; x_wconf 91' lang='lat' dir='ltr'><strong>et</strong></span> <span class='ocrx_word' id='word_1_317' title='bbox 1195 2816 1578 2888; x_wconf 90' lang='lat' dir='ltr'><strong>disciplinam</strong></span> <span class='ocrx_word' id='word_1_318' title='bbox 1603 2814 1709 2887; x_wconf 92' lang='lat' dir='ltr'><strong>qui</strong></span> <span class='ocrx_word' id='word_1_319' title='bbox 1745 2814 1948 2885; x_wconf 90' lang='lat' dir='ltr'><strong>abjicit</strong></span> 
     </span>
    </p>
   </div>
   <div class='ocr_carea' id='block_1_47' title="bbox 264 2897 1945 2977">
    <p class='ocr_par' dir='ltr' id='par_1_47' title="bbox 264 2897 1945 2977">
     <span class='ocr_line' id='line_1_47' title="bbox 264 2897 1945 2977; baseline -0.004 -13"><span class='ocrx_word' id='word_1_320' title='bbox 264 2897 481 2964; x_wconf 75' lang='lat' dir='ltr'><strong>infelix</strong></span> <span class='ocrx_word' id='word_1_321' title='bbox 503 2909 599 2961; x_wconf 89' lang='lat' dir='ltr'><strong>est</strong></span> <span class='ocrx_word' id='word_1_322' title='bbox 624 2922 636 2961; x_wconf 92' lang='lat'>:</span> <span class='ocrx_word' id='word_1_323' title='bbox 663 2908 720 2961; x_wconf 91' lang='lat' dir='ltr'><strong>et</strong></span> <span class='ocrx_word' id='word_1_324' title='bbox 747 2921 939 2961; x_wconf 89' lang='lat' dir='ltr'><strong>vacua</strong></span> <span class='ocrx_word' id='word_1_325' title='bbox 962 2909 1201 2977; x_wconf 89' lang='lat' dir='ltr'><strong>estspes</strong></span> <span class='ocrx_word' id='word_1_326' title='bbox 1218 2904 1541 2974; x_wconf 87' lang='lat' dir='ltr'><strong>illorum,et</strong></span> <span class='ocrx_word' id='word_1_327' title='bbox 1554 2904 1790 2961; x_wconf 90' lang='lat' dir='ltr'><strong>labores</strong></span> <span class='ocrx_word' id='word_1_328' title='bbox 1818 2903 1945 2959; x_wconf 91' lang='lat' dir='ltr'><strong>sine</strong></span> 
     </span>
    </p>
   </div>
   <div class='ocr_carea' id='block_1_48' title="bbox 266 2991 2015 3083">
    <p class='ocr_par' dir='ltr' id='par_1_48' title="bbox 266 2991 2015 3083">
     <span class='ocr_line' id='line_1_48' title="bbox 266 2991 2015 3083; baseline -0.003 -32"><span class='ocrx_word' id='word_1_329' title='bbox 266 2994 559 3064; x_wconf 77' lang='lat' dir='ltr'><strong>lructu,et</strong></span> <span class='ocrx_word' id='word_1_330' title='bbox 582 2992 1008 3064; x_wconf 88' lang='lat' dir='ltr'><strong>inutiliaopera</strong></span> <span class='ocrx_word' id='word_1_331' title='bbox 1033 3008 1241 3048; x_wconf 91' lang='lat' dir='ltr'><strong>eorum</strong></span> <span class='ocrx_word' id='word_1_332' title='bbox 1273 2996 1428 3049; x_wconf 89' lang='lat' dir='ltr'><strong>sunt.</strong></span> <span class='ocrx_word' id='word_1_333' title='bbox 1449 2991 1713 3049; x_wconf 89' lang='lat' dir='ltr'><strong>Mulieres</strong></span> <span class='ocrx_word' id='word_1_334' title='bbox 1736 3006 1944 3047; x_wconf 91' lang='lat' dir='ltr'><strong>eorum</strong></span> <span class='ocrx_word' id='word_1_335' title='bbox 1974 3025 2015 3083; x_wconf 61' lang='grc' dir='ltr'>Ο</span> 
     </span>
    </p>
   </div>
   <div class='ocr_carea' id='block_1_49' title="bbox 270 3078 1945 3150">
    <p class='ocr_par' dir='ltr' id='par_1_49' title="bbox 270 3078 1945 3150">
     <span class='ocr_line' id='line_1_49' title="bbox 270 3078 1945 3150; baseline -0.002 -11"><span class='ocrx_word' id='word_1_336' title='bbox 270 3082 607 3139; x_wconf 67' lang='grc' dir='ltr'><strong>ἰηδθιιεειιω</strong></span> <span class='ocrx_word' id='word_1_337' title='bbox 621 3085 784 3146; x_wconf 91' lang='lat' dir='ltr'><strong>sunt,</strong></span> <span class='ocrx_word' id='word_1_338' title='bbox 809 3084 866 3137; x_wconf 94' lang='lat' dir='ltr'><strong>et</strong></span> <span class='ocrx_word' id='word_1_339' title='bbox 881 3080 1238 3150; x_wconf 87' lang='lat' dir='ltr'><strong>nequissimi</strong></span> <span class='ocrx_word' id='word_1_340' title='bbox 1251 3079 1359 3136; x_wconf 88' lang='lat' dir='ltr'><strong>ﬁlii</strong></span> <span class='ocrx_word' id='word_1_341' title='bbox 1370 3078 1945 3137; x_wconf 87' lang='lat' dir='ltr'><strong>illorum.Maledicta</strong></span> 
     </span>
    </p>
   </div>
   <div class='ocr_carea' id='block_1_50' title="bbox 268 3168 1938 3241">
    <p class='ocr_par' dir='ltr' id='par_1_50' title="bbox 268 3168 1938 3241">
     <span class='ocr_line' id='line_1_50' title="bbox 268 3168 1938 3241; baseline -0.003 -13"><span class='ocrx_word' id='word_1_342' title='bbox 268 3175 555 3228; x_wconf 87' lang='lat' dir='ltr'><strong>creatura</strong></span> <span class='ocrx_word' id='word_1_343' title='bbox 568 3169 798 3227; x_wconf 90' lang='lat' dir='ltr'><strong>illorum</strong></span> <span class='ocrx_word' id='word_1_344' title='bbox 806 3170 1103 3241; x_wconf 90' lang='lat' dir='ltr'><strong>,quoniam</strong></span> <span class='ocrx_word' id='word_1_345' title='bbox 1115 3168 1252 3226; x_wconf 88' lang='lat' dir='ltr'><strong>felix</strong></span> <span class='ocrx_word' id='word_1_346' title='bbox 1262 3168 1938 3241; x_wconf 89' lang='lat' dir='ltr'><strong>sterilisincoinquinata,</strong></span> 
     </span>
    </p>
   </div>
   <div class='ocr_carea' id='block_1_51' title="bbox 264 3256 1943 3334">
    <p class='ocr_par' dir='ltr' id='par_1_51' title="bbox 264 3256 1943 3334">
     <span class='ocr_line' id='line_1_51' title="bbox 264 3256 1943 3334; baseline -0.003 -17"><span class='ocrx_word' id='word_1_347' title='bbox 264 3276 411 3334; x_wconf 68' lang='lat' dir='ltr'><strong>qum</strong></span> <span class='ocrx_word' id='word_1_348' title='bbox 454 3258 657 3316; x_wconf 86' lang='lat' dir='ltr'><strong>nescit</strong></span> <span class='ocrx_word' id='word_1_349' title='bbox 695 3258 937 3315; x_wconf 90' lang='lat' dir='ltr'><strong>thorum</strong></span> <span class='ocrx_word' id='word_1_350' title='bbox 964 3258 1026 3314; x_wconf 92' lang='lat' dir='ltr'><strong>in</strong></span> <span class='ocrx_word' id='word_1_351' title='bbox 1053 3257 1290 3327; x_wconf 90' lang='lat' dir='ltr'><strong>delicto,</strong></span> <span class='ocrx_word' id='word_1_352' title='bbox 1322 3257 1573 3315; x_wconf 91' lang='lat' dir='ltr'><strong>habebit</strong></span> <span class='ocrx_word' id='word_1_353' title='bbox 1594 3257 1853 3314; x_wconf 87' lang='lat' dir='ltr'><strong>fructum</strong></span> <span class='ocrx_word' id='word_1_354' title='bbox 1882 3256 1943 3312; x_wconf 91' lang='lat' dir='ltr'><strong>in</strong></span> 
     </span>
    </p>
   </div>
   <div class='ocr_carea' id='block_1_52' title="bbox 261 3344 1945 3423">
    <p class='ocr_par' dir='ltr' id='par_1_52' title="bbox 261 3344 1945 3423">
     <span class='ocr_line' id='line_1_52' title="bbox 261 3344 1945 3423; baseline -0.004 -17"><span class='ocrx_word' id='word_1_355' title='bbox 261 3348 655 3423; x_wconf 87' lang='lat' dir='ltr'><strong>respectione</strong></span> <span class='ocrx_word' id='word_1_356' title='bbox 686 3346 1031 3404; x_wconf 89' lang='lat' dir='ltr'><strong>animarum</strong></span> <span class='ocrx_word' id='word_1_357' title='bbox 1066 3351 1408 3404; x_wconf 90' lang='lat' dir='ltr'><strong>sanctarum</strong></span> <span class='ocrx_word' id='word_1_358' title='bbox 1438 3365 1451 3403; x_wconf 91' lang='lat'><strong>:</strong></span> <span class='ocrx_word' id='word_1_359' title='bbox 1485 3350 1542 3403; x_wconf 92' lang='lat' dir='ltr'><strong>et</strong></span> <span class='ocrx_word' id='word_1_360' title='bbox 1583 3345 1793 3418; x_wconf 90' lang='lat' dir='ltr'><strong>spado,</strong></span> <span class='ocrx_word' id='word_1_361' title='bbox 1838 3344 1945 3416; x_wconf 87' lang='lat' dir='ltr'><strong>qui</strong></span> 
     </span>
    </p>
   </div>
   <div class='ocr_carea' id='block_1_53' title="bbox 263 3431 1944 3509">
    <p class='ocr_par' dir='ltr' id='par_1_53' title="bbox 263 3431 1944 3509">
     <span class='ocr_line' id='line_1_53' title="bbox 263 3431 1944 3509; baseline -0.002 -16"><span class='ocrx_word' id='word_1_362' title='bbox 263 3452 394 3495; x_wconf 92' lang='lat' dir='ltr'><strong>non</strong></span> <span class='ocrx_word' id='word_1_363' title='bbox 420 3440 715 3509; x_wconf 88' lang='lat' dir='ltr'><strong>operatus</strong></span> <span class='ocrx_word' id='word_1_364' title='bbox 729 3438 820 3491; x_wconf 90' lang='lat' dir='ltr'><strong>est</strong></span> <span class='ocrx_word' id='word_1_365' title='bbox 846 3450 949 3506; x_wconf 87' lang='lat' dir='ltr'><strong>per</strong></span> <span class='ocrx_word' id='word_1_366' title='bbox 968 3450 1189 3492; x_wconf 91' lang='lat' dir='ltr'><strong>manus</strong></span> <span class='ocrx_word' id='word_1_367' title='bbox 1213 3451 1354 3491; x_wconf 92' lang='lat' dir='ltr'><strong>suas</strong></span> <span class='ocrx_word' id='word_1_368' title='bbox 1375 3433 1625 3504; x_wconf 88' lang='lat' dir='ltr'><strong>malum,</strong></span> <span class='ocrx_word' id='word_1_369' title='bbox 1649 3449 1759 3490; x_wconf 91' lang='lat' dir='ltr'><strong>nec</strong></span> <span class='ocrx_word' id='word_1_370' title='bbox 1784 3431 1944 3501; x_wconf 86' lang='lat' dir='ltr'><strong>cogi-</strong></span> 
     </span>
    </p>
   </div>
   <div class='ocr_carea' id='block_1_54' title="bbox 264 3521 1943 3594">
    <p class='ocr_par' dir='ltr' id='par_1_54' title="bbox 264 3521 1943 3594">
     <span class='ocr_line' id='line_1_54' title="bbox 264 3521 1943 3594; baseline -0.003 -12"><span class='ocrx_word' id='word_1_371' title='bbox 264 3527 413 3583; x_wconf 84' lang='lat' dir='ltr'><strong>tavit</strong></span> <span class='ocrx_word' id='word_1_372' title='bbox 427 3525 731 3581; x_wconf 89' lang='lat' dir='ltr'><strong>adversus</strong></span> <span class='ocrx_word' id='word_1_373' title='bbox 745 3522 1065 3579; x_wconf 90' lang='lat' dir='ltr'><strong>Dominum</strong></span> <span class='ocrx_word' id='word_1_374' title='bbox 1086 3522 1460 3594; x_wconf 86' lang='lat' dir='ltr'><strong>nequissima</strong></span> <span class='ocrx_word' id='word_1_375' title='bbox 1485 3542 1498 3578; x_wconf 93' lang='lat'><strong>:</strong></span> <span class='ocrx_word' id='word_1_376' title='bbox 1522 3521 1761 3578; x_wconf 89' lang='lat' dir='ltr'><strong>dabitur</strong></span> <span class='ocrx_word' id='word_1_377' title='bbox 1782 3522 1943 3577; x_wconf 91' lang='lat' dir='ltr'><strong>enim</strong></span> 
     </span>
    </p>
   </div>
   <div class='ocr_carea' id='block_1_55' title="bbox 261 3610 1942 3684">
    <p class='ocr_par' dir='ltr' id='par_1_55' title="bbox 261 3610 1942 3684">
     <span class='ocr_line' id='line_1_55' title="bbox 261 3610 1942 3684; baseline -0.003 -14"><span class='ocrx_word' id='word_1_378' title='bbox 261 3612 347 3670; x_wconf 83' lang='lat' dir='ltr'><strong>illi</strong></span> <span class='ocrx_word' id='word_1_379' title='bbox 374 3612 523 3670; x_wconf 87' lang='lat' dir='ltr'><strong>ﬁdei</strong></span> <span class='ocrx_word' id='word_1_380' title='bbox 544 3612 781 3669; x_wconf 92' lang='lat' dir='ltr'><strong>donum</strong></span> <span class='ocrx_word' id='word_1_381' title='bbox 815 3610 1089 3675; x_wconf 89' lang='lat' dir='ltr'><strong>electum,</strong></span> <span class='ocrx_word' id='word_1_382' title='bbox 1122 3614 1179 3666; x_wconf 92' lang='lat' dir='ltr'><strong>et</strong></span> <span class='ocrx_word' id='word_1_383' title='bbox 1206 3626 1334 3666; x_wconf 89' lang='lat' dir='ltr'><strong>sors</strong></span> <span class='ocrx_word' id='word_1_384' title='bbox 1366 3610 1428 3666; x_wconf 91' lang='lat' dir='ltr'><strong>in</strong></span> <span class='ocrx_word' id='word_1_385' title='bbox 1450 3611 1672 3684; x_wconf 88' lang='lat' dir='ltr'><strong>templo</strong></span> <span class='ocrx_word' id='word_1_386' title='bbox 1705 3610 1942 3666; x_wconf 91' lang='lat' dir='ltr'><strong>Domini</strong></span> 
     </span>
    </p>
   </div>
   <div class='ocr_carea' id='block_1_56' title="bbox 267 3697 1943 3774">
    <p class='ocr_par' dir='ltr' id='par_1_56' title="bbox 267 3697 1943 3774">
     <span class='ocr_line' id='line_1_56' title="bbox 267 3697 1943 3774; baseline -0.003 -17"><span class='ocrx_word' id='word_1_387' title='bbox 267 3700 724 3774; x_wconf 87' lang='lat' dir='ltr'><strong>acceptissima.</strong></span> <span class='ocrx_word' id='word_1_388' title='bbox 753 3700 1056 3755; x_wconf 88' lang='lat' dir='ltr'><strong>Bonorum</strong></span> <span class='ocrx_word' id='word_1_389' title='bbox 1067 3697 1519 3753; x_wconf 89' lang='lat' dir='ltr'><strong>enimlaborum</strong></span> <span class='ocrx_word' id='word_1_390' title='bbox 1541 3697 1834 3767; x_wconf 89' lang='lat' dir='ltr'><strong>gloriosus</strong></span> <span class='ocrx_word' id='word_1_391' title='bbox 1855 3700 1943 3753; x_wconf 90' lang='lat' dir='ltr'><strong>est</strong></span> 
     </span>
    </p>
   </div>
   <div class='ocr_carea' id='block_1_57' title="bbox 271 3785 1942 3859">
    <p class='ocr_par' dir='ltr' id='par_1_57' title="bbox 271 3785 1942 3859">
     <span class='ocr_line' id='line_1_57' title="bbox 271 3785 1942 3859; baseline -0.002 -13"><span class='ocrx_word' id='word_1_392' title='bbox 271 3790 531 3855; x_wconf 86' lang='lat' dir='ltr'><strong>fructus,</strong></span> <span class='ocrx_word' id='word_1_393' title='bbox 561 3792 623 3844; x_wconf 86' lang='lat' dir='ltr'><strong>et</strong></span> <span class='ocrx_word' id='word_1_394' title='bbox 651 3802 787 3859; x_wconf 80' lang='lat' dir='ltr'><strong>quae</strong></span> <span class='ocrx_word' id='word_1_395' title='bbox 816 3802 940 3842; x_wconf 92' lang='lat' dir='ltr'><strong>non</strong></span> <span class='ocrx_word' id='word_1_396' title='bbox 969 3785 1200 3842; x_wconf 89' lang='lat' dir='ltr'><strong>excidet</strong></span> <span class='ocrx_word' id='word_1_397' title='bbox 1228 3785 1399 3843; x_wconf 86' lang='lat' dir='ltr'><strong>radix</strong></span> <span class='ocrx_word' id='word_1_398' title='bbox 1461 3786 1794 3858; x_wconf 79' lang='lat' dir='ltr'><strong>sapientiae.</strong></span> <span class='ocrx_word' id='word_1_399' title='bbox 1836 3785 1942 3842; x_wconf 89' lang='lat' dir='ltr'><strong>Fili</strong></span> 
     </span>
    </p>
   </div>
   <div class='ocr_carea' id='block_1_58' title="bbox 271 3873 1941 3943">
    <p class='ocr_par' dir='ltr' id='par_1_58' title="bbox 271 3873 1941 3943">
     <span class='ocr_line' id='line_1_58' title="bbox 271 3873 1941 3943; baseline -0.003 -9"><span class='ocrx_word' id='word_1_400' title='bbox 271 3882 483 3935; x_wconf 89' lang='lat' dir='ltr'><strong>autem</strong></span> <span class='ocrx_word' id='word_1_401' title='bbox 504 3875 924 3933; x_wconf 88' lang='lat' dir='ltr'><strong>adulterorum</strong></span> <span class='ocrx_word' id='word_1_402' title='bbox 951 3875 1013 3931; x_wconf 91' lang='lat' dir='ltr'><strong>in</strong></span> <span class='ocrx_word' id='word_1_403' title='bbox 1044 3873 1566 3931; x_wconf 87' lang='lat' dir='ltr'><strong>consummatione</strong></span> <span class='ocrx_word' id='word_1_404' title='bbox 1582 3879 1835 3943; x_wconf 90' lang='lat' dir='ltr'><strong>erunt,et</strong></span> <span class='ocrx_word' id='word_1_405' title='bbox 1863 3873 1941 3930; x_wconf 91' lang='lat' dir='ltr'><strong>ab</strong></span> 
     </span>
    </p>
   </div>
   <div class='ocr_carea' id='block_1_59' title="bbox 265 3962 1941 4038">
    <p class='ocr_par' dir='ltr' id='par_1_59' title="bbox 265 3962 1941 4038">
     <span class='ocr_line' id='line_1_59' title="bbox 265 3962 1941 4038; baseline -0.004 -15"><span class='ocrx_word' id='word_1_406' title='bbox 265 3965 484 4038; x_wconf 89' lang='lat' dir='ltr'><strong>iniquo</strong></span> <span class='ocrx_word' id='word_1_407' title='bbox 536 3964 709 4022; x_wconf 88' lang='lat' dir='ltr'><strong>thoro</strong></span> <span class='ocrx_word' id='word_1_408' title='bbox 742 3978 949 4019; x_wconf 90' lang='lat' dir='ltr'><strong>semen</strong></span> <span class='ocrx_word' id='word_1_409' title='bbox 977 3962 1494 4019; x_wconf 84' lang='lat' dir='ltr'><strong>exterminabitur.</strong></span> <span class='ocrx_word' id='word_1_410' title='bbox 1532 3964 1595 4017; x_wconf 87' lang='lat' dir='ltr'><strong>Et</strong></span> <span class='ocrx_word' id='word_1_411' title='bbox 1645 3962 1941 4034; x_wconf 91' lang='lat' dir='ltr'><strong>siquidem</strong></span> 
     </span>
    </p>
   </div>
   <div class='ocr_carea' id='block_1_60' title="bbox 270 4049 1941 4122">
    <p class='ocr_par' dir='ltr' id='par_1_60' title="bbox 270 4049 1941 4122">
     <span class='ocr_line' id='line_1_60' title="bbox 270 4049 1941 4122; baseline -0.002 -15"><span class='ocrx_word' id='word_1_412' title='bbox 270 4052 480 4122; x_wconf 67' lang='lat' dir='ltr'><strong>longae</strong></span> <span class='ocrx_word' id='word_1_413' title='bbox 502 4052 635 4108; x_wconf 62' lang='lat' dir='ltr'><strong>vitae</strong></span> <span class='ocrx_word' id='word_1_414' title='bbox 651 4051 910 4112; x_wconf 88' lang='lat' dir='ltr'><strong>erunt,in</strong></span> <span class='ocrx_word' id='word_1_415' title='bbox 928 4051 1185 4107; x_wconf 89' lang='lat' dir='ltr'><strong>nihilum</strong></span> <span class='ocrx_word' id='word_1_416' title='bbox 1202 4050 1793 4122; x_wconf 86' lang='lat' dir='ltr'><strong>computabuntur,et</strong></span> <span class='ocrx_word' id='word_1_417' title='bbox 1815 4049 1941 4105; x_wconf 92' lang='lat' dir='ltr'><strong>sine</strong></span> 
     </span>
    </p>
   </div>
   <div class='ocr_carea' id='block_1_61' title="bbox 275 4136 1939 4196">
    <p class='ocr_par' dir='ltr' id='par_1_61' title="bbox 275 4136 1939 4196">
     <span class='ocr_line' id='line_1_61' title="bbox 275 4136 1939 4196; baseline 0 -3"><span class='ocrx_word' id='word_1_418' title='bbox 275 4138 517 4194; x_wconf 89' lang='lat' dir='ltr'><strong>honore</strong></span> <span class='ocrx_word' id='word_1_419' title='bbox 545 4139 649 4194; x_wconf 87' lang='lat' dir='ltr'><strong>erit</strong></span> <span class='ocrx_word' id='word_1_420' title='bbox 675 4138 1008 4196; x_wconf 90' lang='lat' dir='ltr'><strong>novissima</strong></span> <span class='ocrx_word' id='word_1_421' title='bbox 1036 4144 1314 4194; x_wconf 88' lang='lat' dir='ltr'><strong>senectus</strong></span> <span class='ocrx_word' id='word_1_422' title='bbox 1354 4153 1582 4193; x_wconf 90' lang='lat' dir='ltr'><strong>eorum.</strong></span> <span class='ocrx_word' id='word_1_423' title='bbox 1614 4140 1679 4193; x_wconf 88' lang='lat' dir='ltr'><strong>Et</strong></span> <span class='ocrx_word' id='word_1_424' title='bbox 1707 4137 1757 4191; x_wconf 88' lang='lat' dir='ltr'><strong>si</strong></span> <span class='ocrx_word' id='word_1_425' title='bbox 1789 4136 1939 4193; x_wconf 91' lang='lat' dir='ltr'><strong>cele-</strong></span> 
     </span>
    </p>
   </div>
   <div class='ocr_carea' id='block_1_62' title="bbox 280 4224 1940 4297">
    <p class='ocr_par' dir='ltr' id='par_1_62' title="bbox 280 4224 1940 4297">
     <span class='ocr_line' id='line_1_62' title="bbox 280 4224 1940 4297; baseline -0.002 -13"><span class='ocrx_word' id='word_1_426' title='bbox 280 4226 412 4284; x_wconf 88' lang='lat' dir='ltr'><strong>rius</strong></span> <span class='ocrx_word' id='word_1_427' title='bbox 451 4224 709 4283; x_wconf 80' lang='lat' dir='ltr'><strong>defuncti</strong></span> <span class='ocrx_word' id='word_1_428' title='bbox 736 4227 977 4290; x_wconf 88' lang='lat' dir='ltr'><strong>fuerint,</strong></span> <span class='ocrx_word' id='word_1_429' title='bbox 1009 4242 1133 4283; x_wconf 92' lang='lat' dir='ltr'><strong>non</strong></span> <span class='ocrx_word' id='word_1_430' title='bbox 1160 4226 1477 4282; x_wconf 89' lang='lat' dir='ltr'><strong>habebunt</strong></span> <span class='ocrx_word' id='word_1_431' title='bbox 1507 4240 1698 4297; x_wconf 89' lang='lat' dir='ltr'><strong>spem,</strong></span> <span class='ocrx_word' id='word_1_432' title='bbox 1738 4240 1847 4281; x_wconf 93' lang='lat' dir='ltr'><strong>nec</strong></span> <span class='ocrx_word' id='word_1_433' title='bbox 1878 4225 1940 4281; x_wconf 92' lang='lat' dir='ltr'><strong>in</strong></span> 
     </span>
    </p>
   </div>
   <div class='ocr_carea' id='block_1_63' title="bbox 272 4314 1941 4387">
    <p class='ocr_par' dir='ltr' id='par_1_63' title="bbox 272 4314 1941 4387">
     <span class='ocr_line' id='line_1_63' title="bbox 272 4314 1941 4387; baseline -0.001 -16"><span class='ocrx_word' id='word_1_434' title='bbox 272 4314 374 4372; x_wconf 92' lang='lat' dir='ltr'><strong>die</strong></span> <span class='ocrx_word' id='word_1_435' title='bbox 396 4314 833 4385; x_wconf 83' lang='lat' dir='ltr'><strong>magnitudinis</strong></span> <span class='ocrx_word' id='word_1_436' title='bbox 854 4314 1303 4371; x_wconf 90' lang='lat' dir='ltr'><strong>allocutionem.</strong></span> <span class='ocrx_word' id='word_1_437' title='bbox 1320 4314 1495 4387; x_wconf 87' lang='lat' dir='ltr'><strong>(Cap.</strong></span> <span class='ocrx_word' id='word_1_438' title='bbox 1518 4315 1614 4377; x_wconf 81' lang='grc' dir='ltr'><strong>ιγ.)</strong></span> <span class='ocrx_word' id='word_1_439' title='bbox 1636 4314 1835 4371; x_wconf 91' lang='lat' dir='ltr'><strong>Melior</strong></span> <span class='ocrx_word' id='word_1_440' title='bbox 1852 4317 1941 4370; x_wconf 92' lang='lat' dir='ltr'><strong>est</strong></span> 
     </span>
    </p>
   </div>
   <div class='ocr_carea' id='block_1_64' title="bbox 269 4375 2018 4475">
    <p class='ocr_par' dir='ltr' id='par_1_64' title="bbox 269 4375 2018 4475">
     <span class='ocr_line' id='line_1_64' title="bbox 269 4375 2018 4475; baseline -0.002 -13"><span class='ocrx_word' id='word_1_441' title='bbox 269 4404 437 4462; x_wconf 86' lang='lat' dir='ltr'><strong>enim</strong></span> <span class='ocrx_word' id='word_1_442' title='bbox 466 4404 771 4475; x_wconf 79' lang='lat' dir='ltr'><strong>generatio</strong></span> <span class='ocrx_word' id='word_1_443' title='bbox 792 4420 931 4460; x_wconf 91' lang='lat' dir='ltr'><strong>cum</strong></span> <span class='ocrx_word' id='word_1_444' title='bbox 954 4403 1217 4459; x_wconf 90' lang='lat' dir='ltr'><strong>claritate</strong></span> <span class='ocrx_word' id='word_1_445' title='bbox 1250 4420 1263 4458; x_wconf 90' lang='lat'><strong>:</strong></span> <span class='ocrx_word' id='word_1_446' title='bbox 1287 4402 1640 4459; x_wconf 89' lang='lat' dir='ltr'><strong>immortalis</strong></span> <span class='ocrx_word' id='word_1_447' title='bbox 1666 4403 1825 4458; x_wconf 90' lang='lat' dir='ltr'><strong>enim</strong></span> <span class='ocrx_word' id='word_1_448' title='bbox 1852 4407 1939 4459; x_wconf 92' lang='lat' dir='ltr'><strong>est</strong></span> <span class='ocrx_word' id='word_1_449' title='bbox 1973 4375 2018 4430; x_wconf 83' lang='lat' dir='ltr'><strong>D</strong></span> 
     </span>
    </p>
   </div>
   <div class='ocr_carea' id='block_1_65' title="bbox 270 4491 1933 4564">
    <p class='ocr_par' dir='ltr' id='par_1_65' title="bbox 270 4491 1933 4564">
     <span class='ocr_line' id='line_1_65' title="bbox 270 4491 1933 4564; baseline -0.002 -15"><span class='ocrx_word' id='word_1_450' title='bbox 270 4492 573 4549; x_wconf 89' lang='lat' dir='ltr'><strong>memoria</strong></span> <span class='ocrx_word' id='word_1_451' title='bbox 600 4491 757 4547; x_wconf 90' lang='lat' dir='ltr'><strong>illius</strong></span> <span class='ocrx_word' id='word_1_452' title='bbox 787 4509 799 4546; x_wconf 90' lang='lat'>:</span> <span class='ocrx_word' id='word_1_453' title='bbox 833 4492 1121 4564; x_wconf 88' lang='lat' dir='ltr'><strong>quoniam</strong></span> <span class='ocrx_word' id='word_1_454' title='bbox 1152 4495 1208 4547; x_wconf 93' lang='lat' dir='ltr'><strong>et</strong></span> <span class='ocrx_word' id='word_1_455' title='bbox 1233 4492 1399 4563; x_wconf 91' lang='lat' dir='ltr'><strong>apud</strong></span> <span class='ocrx_word' id='word_1_456' title='bbox 1430 4494 1617 4547; x_wconf 90' lang='lat' dir='ltr'><strong>Deum</strong></span> <span class='ocrx_word' id='word_1_457' title='bbox 1648 4496 1791 4548; x_wconf 89' lang='lat' dir='ltr'><strong>nota</strong></span> <span class='ocrx_word' id='word_1_458' title='bbox 1825 4495 1933 4557; x_wconf 89' lang='lat' dir='ltr'><strong>est,</strong></span> 
     </span>
    </p>
   </div>
   <div class='ocr_carea' id='block_1_66' title="bbox 273 4579 1941 4653">
    <p class='ocr_par' dir='ltr' id='par_1_66' title="bbox 273 4579 1941 4653">
     <span class='ocr_line' id='line_1_66' title="bbox 273 4579 1941 4653; baseline -0.002 -15"><span class='ocrx_word' id='word_1_459' title='bbox 273 4585 329 4638; x_wconf 88' lang='lat' dir='ltr'><strong>et</strong></span> <span class='ocrx_word' id='word_1_460' title='bbox 368 4579 531 4653; x_wconf 89' lang='lat' dir='ltr'><strong>apud</strong></span> <span class='ocrx_word' id='word_1_461' title='bbox 554 4580 853 4651; x_wconf 89' lang='lat' dir='ltr'><strong>homines,</strong></span> <span class='ocrx_word' id='word_1_462' title='bbox 875 4585 931 4637; x_wconf 91' lang='lat' dir='ltr'><strong>et</strong></span> <span class='ocrx_word' id='word_1_463' title='bbox 960 4580 1021 4636; x_wconf 91' lang='lat' dir='ltr'><strong>in</strong></span> <span class='ocrx_word' id='word_1_464' title='bbox 1050 4583 1411 4652; x_wconf 90' lang='lat' dir='ltr'><strong>perpetuum</strong></span> <span class='ocrx_word' id='word_1_465' title='bbox 1429 4584 1715 4636; x_wconf 89' lang='lat' dir='ltr'><strong>coronata</strong></span> <span class='ocrx_word' id='word_1_466' title='bbox 1736 4580 1941 4637; x_wconf 89' lang='lat' dir='ltr'><strong>trium-</strong></span> 
     </span>
    </p>
   </div>
   <div class='ocr_carea' id='block_1_67' title="bbox 267 4669 808 4744">
    <p class='ocr_par' dir='ltr' id='par_1_67' title="bbox 267 4669 808 4744">
     <span class='ocr_line' id='line_1_67' title="bbox 267 4669 808 4744; baseline -0.009 -16"><span class='ocrx_word' id='word_1_467' title='bbox 267 4669 443 4744; x_wconf 88' lang='lat' dir='ltr'><strong>phat.</strong></span> <span class='ocrx_word' id='word_1_468' title='bbox 498 4680 566 4741; x_wconf 54' lang='lat' dir='ltr'><strong>Iv.</strong></span> <span class='ocrx_word' id='word_1_469' title='bbox 595 4674 808 4724; x_wconf 79' lang='lat' dir='ltr'><strong>Amen.</strong></span> 
     </span>
    </p>
   </div>
   <div class='ocr_carea' id='block_1_68' title="bbox 658 4756 1563 4827">
    <p class='ocr_par' dir='ltr' id='par_1_68' title="bbox 658 4756 1563 4827">
     <span class='ocr_line' id='line_1_68' title="bbox 658 4756 1563 4827; baseline 0 -16"><span class='ocrx_word' id='word_1_470' title='bbox 658 4758 855 4813; x_wconf 77' lang='lat' dir='ltr'><strong>Lectio</strong></span> <span class='ocrx_word' id='word_1_471' title='bbox 897 4757 1041 4813; x_wconf 76' lang='lat' dir='ltr'><strong>libri</strong></span> <span class='ocrx_word' id='word_1_472' title='bbox 1056 4756 1257 4813; x_wconf 75' lang='lat' dir='ltr'><strong>Exodi</strong></span> <span class='ocrx_word' id='word_1_473' title='bbox 1276 4756 1445 4827; x_wconf 89' lang='lat' dir='ltr'><strong>(Cap.</strong></span> <span class='ocrx_word' id='word_1_474' title='bbox 1473 4758 1563 4826; x_wconf 88' lang='lat' dir='ltr'><strong>x).</strong></span> 
     </span>
    </p>
   </div>
   <div class='ocr_carea' id='block_1_69' title="bbox 341 4845 847 4917">
    <p class='ocr_par' dir='ltr' id='par_1_69' title="bbox 341 4845 847 4917">
     <span class='ocr_line' id='line_1_69' title="bbox 341 4845 847 4917; baseline -0.006 -14"><span class='ocrx_word' id='word_1_475' title='bbox 341 4858 404 4915; x_wconf 73' lang='grc' dir='ltr'><strong>Βι.</strong></span> <span class='ocrx_word' id='word_1_476' title='bbox 437 4848 562 4902; x_wconf 92' lang='lat' dir='ltr'><strong>Deo</strong></span> <span class='ocrx_word' id='word_1_477' title='bbox 596 4845 847 4917; x_wconf 87' lang='lat' dir='ltr'><strong>gratias.</strong></span> 
     </span>
    </p>
   </div>
   <div class='ocr_carea' id='block_1_70' title="bbox 341 4932 1944 5007">
    <p class='ocr_par' dir='ltr' id='par_1_70' title="bbox 341 4932 1944 5007">
     <span class='ocr_line' id='line_1_70' title="bbox 341 4932 1944 5007; baseline -0.001 -16"><span class='ocrx_word' id='word_1_478' title='bbox 341 4937 406 4991; x_wconf 91' lang='lat' dir='ltr'><strong>In</strong></span> <span class='ocrx_word' id='word_1_479' title='bbox 432 4934 553 4991; x_wconf 91' lang='lat' dir='ltr'><strong>illis</strong></span> <span class='ocrx_word' id='word_1_480' title='bbox 574 4932 793 4990; x_wconf 90' lang='lat' dir='ltr'><strong>diebus</strong></span> <span class='ocrx_word' id='word_1_481' title='bbox 822 4950 833 4989; x_wconf 92' lang='lat'>:</span> <span class='ocrx_word' id='word_1_482' title='bbox 868 4932 1021 4990; x_wconf 90' lang='lat' dir='ltr'><strong>Dixit</strong></span> <span class='ocrx_word' id='word_1_483' title='bbox 1058 4933 1347 4989; x_wconf 91' lang='lat' dir='ltr'><strong>Dominus</strong></span> <span class='ocrx_word' id='word_1_484' title='bbox 1388 4933 1467 4989; x_wconf 93' lang='lat' dir='ltr'><strong>ad</strong></span> <span class='ocrx_word' id='word_1_485' title='bbox 1509 4936 1752 5007; x_wconf 87' lang='lat' dir='ltr'><strong>Moysen</strong></span> <span class='ocrx_word' id='word_1_486' title='bbox 1784 4952 1796 4989; x_wconf 90' lang='lat'><strong>:</strong></span> <span class='ocrx_word' id='word_1_487' title='bbox 1838 4937 1944 4990; x_wconf 86' lang='lat' dir='ltr'><strong>Ex-</strong></span> 
     </span>
    </p>
   </div>
   <div class='ocr_carea' id='block_1_71' title="bbox 272 5021 1943 5095">
    <p class='ocr_par' dir='ltr' id='par_1_71' title="bbox 272 5021 1943 5095">
     <span class='ocr_line' id='line_1_71' title="bbox 272 5021 1943 5095; baseline -0.001 -15"><span class='ocrx_word' id='word_1_488' title='bbox 272 5024 449 5081; x_wconf 86' lang='lat' dir='ltr'><strong>tende</strong></span> <span class='ocrx_word' id='word_1_489' title='bbox 462 5038 727 5079; x_wconf 87' lang='lat' dir='ltr'><strong>manum</strong></span> <span class='ocrx_word' id='word_1_490' title='bbox 751 5027 915 5080; x_wconf 91' lang='lat' dir='ltr'><strong>tuam</strong></span> <span class='ocrx_word' id='word_1_491' title='bbox 929 5022 989 5078; x_wconf 92' lang='lat' dir='ltr'><strong>in</strong></span> <span class='ocrx_word' id='word_1_492' title='bbox 1004 5021 1221 5081; x_wconf 87' lang='lat' dir='ltr'><strong>coelum</strong></span> <span class='ocrx_word' id='word_1_493' title='bbox 1246 5040 1257 5077; x_wconf 92' lang='lat'>:</span> <span class='ocrx_word' id='word_1_494' title='bbox 1278 5026 1333 5079; x_wconf 91' lang='lat' dir='ltr'><strong>et</strong></span> <span class='ocrx_word' id='word_1_495' title='bbox 1346 5022 1461 5077; x_wconf 90' lang='lat' dir='ltr'><strong>sint</strong></span> <span class='ocrx_word' id='word_1_496' title='bbox 1481 5022 1740 5078; x_wconf 70' lang='lat' dir='ltr'><strong>tenebrae</strong></span> <span class='ocrx_word' id='word_1_497' title='bbox 1764 5038 1943 5095; x_wconf 91' lang='lat' dir='ltr'><strong>super</strong></span> 
     </span>
    </p>
   </div>
   <div class='ocr_carea' id='block_1_72' title="bbox 273 5110 1944 5183">
    <p class='ocr_par' dir='ltr' id='par_1_72' title="bbox 273 5110 1944 5183">
     <span class='ocr_line' id='line_1_72' title="bbox 273 5110 1944 5183; baseline -0.001 -14"><span class='ocrx_word' id='word_1_498' title='bbox 273 5117 494 5169; x_wconf 82' lang='lat' dir='ltr'><strong>terram</strong></span> <span class='ocrx_word' id='word_1_499' title='bbox 525 5111 789 5183; x_wconf 65' lang='lat' dir='ltr'><strong>Egypti,</strong></span> <span class='ocrx_word' id='word_1_500' title='bbox 813 5115 937 5167; x_wconf 91' lang='lat' dir='ltr'><strong>tam</strong></span> <span class='ocrx_word' id='word_1_501' title='bbox 962 5110 1167 5167; x_wconf 80' lang='lat' dir='ltr'><strong>densae</strong></span> <span class='ocrx_word' id='word_1_502' title='bbox 1194 5114 1258 5166; x_wconf 93' lang='lat' dir='ltr'><strong>ut</strong></span> <span class='ocrx_word' id='word_1_503' title='bbox 1287 5110 1516 5182; x_wconf 86' lang='lat' dir='ltr'><strong>palpari</strong></span> <span class='ocrx_word' id='word_1_504' title='bbox 1555 5114 1803 5181; x_wconf 91' lang='lat' dir='ltr'><strong>queant.</strong></span> <span class='ocrx_word' id='word_1_505' title='bbox 1836 5113 1944 5167; x_wconf 84' lang='lat' dir='ltr'><strong>Ex-</strong></span> 
     </span>
    </p>
   </div>
   <div class='ocr_carea' id='block_1_73' title="bbox 272 5197 1944 5271">
    <p class='ocr_par' dir='ltr' id='par_1_73' title="bbox 272 5197 1944 5271">
     <span class='ocr_line' id='line_1_73' title="bbox 272 5197 1944 5271; baseline -0.002 -13"><span class='ocrx_word' id='word_1_506' title='bbox 272 5202 459 5257; x_wconf 85' lang='lat' dir='ltr'><strong>tendit</strong></span> <span class='ocrx_word' id='word_1_507' title='bbox 474 5202 718 5271; x_wconf 86' lang='lat' dir='ltr'><strong>Moyses</strong></span> <span class='ocrx_word' id='word_1_508' title='bbox 737 5214 985 5255; x_wconf 90' lang='lat' dir='ltr'><strong>manum</strong></span> <span class='ocrx_word' id='word_1_509' title='bbox 1000 5198 1061 5254; x_wconf 92' lang='lat' dir='ltr'><strong>in</strong></span> <span class='ocrx_word' id='word_1_510' title='bbox 1083 5199 1305 5254; x_wconf 88' lang='lat' dir='ltr'><strong>coelum</strong></span> <span class='ocrx_word' id='word_1_511' title='bbox 1336 5215 1346 5252; x_wconf 94' lang='lat'>:</span> <span class='ocrx_word' id='word_1_512' title='bbox 1375 5197 1610 5254; x_wconf 80' lang='lat' dir='ltr'><strong>etfactae</strong></span> <span class='ocrx_word' id='word_1_513' title='bbox 1626 5203 1765 5254; x_wconf 90' lang='lat' dir='ltr'><strong>sunt</strong></span> <span class='ocrx_word' id='word_1_514' title='bbox 1789 5204 1944 5255; x_wconf 86' lang='lat' dir='ltr'><strong>tene-</strong></span> 
     </span>
    </p>
   </div>
   <div class='ocr_carea' id='block_1_74' title="bbox 269 5286 1938 5359">
    <p class='ocr_par' dir='ltr' id='par_1_74' title="bbox 269 5286 1938 5359">
     <span class='ocr_line' id='line_1_74' title="bbox 269 5286 1938 5359; baseline -0.002 -12"><span class='ocrx_word' id='word_1_515' title='bbox 269 5289 389 5347; x_wconf 62' lang='lat' dir='ltr'><strong>brae</strong></span> <span class='ocrx_word' id='word_1_516' title='bbox 402 5288 707 5348; x_wconf 81' lang='lat' dir='ltr'><strong>terribiles</strong></span> <span class='ocrx_word' id='word_1_517' title='bbox 718 5287 781 5343; x_wconf 90' lang='lat' dir='ltr'><strong>in</strong></span> <span class='ocrx_word' id='word_1_518' title='bbox 795 5288 1076 5344; x_wconf 89' lang='lat' dir='ltr'><strong>universa</strong></span> <span class='ocrx_word' id='word_1_519' title='bbox 1089 5294 1241 5344; x_wconf 89' lang='lat' dir='ltr'><strong>terra</strong></span> <span class='ocrx_word' id='word_1_520' title='bbox 1253 5286 1489 5359; x_wconf 61' lang='lat' dir='ltr'><strong>rEgypti</strong></span> <span class='ocrx_word' id='word_1_521' title='bbox 1504 5286 1693 5343; x_wconf 88' lang='lat' dir='ltr'><strong>tribus</strong></span> <span class='ocrx_word' id='word_1_522' title='bbox 1708 5288 1938 5343; x_wconf 91' lang='lat' dir='ltr'><strong>diebus.</strong></span> 
     </span>
    </p>
   </div>
   <div class='ocr_carea' id='block_1_75' title="bbox 268 5375 1943 5441">
    <p class='ocr_par' dir='ltr' id='par_1_75' title="bbox 268 5375 1943 5441">
     <span class='ocr_line' id='line_1_75' title="bbox 268 5375 1943 5441; baseline -0.002 -5"><span class='ocrx_word' id='word_1_523' title='bbox 268 5381 379 5436; x_wconf 87' lang='lat' dir='ltr'><strong>Nec</strong></span> <span class='ocrx_word' id='word_1_524' title='bbox 404 5380 598 5437; x_wconf 89' lang='lat' dir='ltr'><strong>frater</strong></span> <span class='ocrx_word' id='word_1_525' title='bbox 624 5376 776 5433; x_wconf 86' lang='lat' dir='ltr'><strong>vidit</strong></span> <span class='ocrx_word' id='word_1_526' title='bbox 803 5375 1048 5433; x_wconf 87' lang='lat' dir='ltr'><strong>fratrem</strong></span> <span class='ocrx_word' id='word_1_527' title='bbox 1065 5392 1265 5441; x_wconf 90' lang='lat' dir='ltr'><strong>suum,</strong></span> <span class='ocrx_word' id='word_1_528' title='bbox 1284 5393 1392 5432; x_wconf 92' lang='lat' dir='ltr'><strong>nec</strong></span> <span class='ocrx_word' id='word_1_529' title='bbox 1416 5376 1602 5431; x_wconf 90' lang='lat' dir='ltr'><strong>movit</strong></span> <span class='ocrx_word' id='word_1_530' title='bbox 1624 5392 1685 5431; x_wconf 89' lang='lat' dir='ltr'><strong>se</strong></span> <span class='ocrx_word' id='word_1_531' title='bbox 1716 5375 1790 5432; x_wconf 93' lang='lat' dir='ltr'><strong>de</strong></span> <span class='ocrx_word' id='word_1_532' title='bbox 1810 5375 1943 5433; x_wconf 91' lang='lat' dir='ltr'><strong>loco</strong></span> 
     </span>
    </p>
   </div>
   <div class='ocr_carea' id='block_1_76' title="bbox 268 5464 1940 5545">
    <p class='ocr_par' dir='ltr' id='par_1_76' title="bbox 268 5464 1940 5545">
     <span class='ocr_line' id='line_1_76' title="bbox 268 5464 1940 5545; baseline -0.005 -16"><span class='ocrx_word' id='word_1_533' title='bbox 268 5471 462 5545; x_wconf 90' lang='lat' dir='ltr'><strong>inquo</strong></span> <span class='ocrx_word' id='word_1_534' title='bbox 476 5472 613 5527; x_wconf 85' lang='lat' dir='ltr'><strong>erat</strong></span> <span class='ocrx_word' id='word_1_535' title='bbox 632 5484 646 5523; x_wconf 88' lang='lat'>:</span> <span class='ocrx_word' id='word_1_536' title='bbox 668 5466 1035 5541; x_wconf 87' lang='lat' dir='ltr'><strong>ubicumque</strong></span> <span class='ocrx_word' id='word_1_537' title='bbox 1049 5470 1249 5525; x_wconf 86' lang='lat' dir='ltr'><strong>autem</strong></span> <span class='ocrx_word' id='word_1_538' title='bbox 1260 5464 1727 5524; x_wconf 85' lang='lat' dir='ltr'><strong>habitabantﬁlii</strong></span> <span class='ocrx_word' id='word_1_539' title='bbox 1744 5465 1940 5531; x_wconf 87' lang='lat' dir='ltr'><strong>lsrael,</strong></span> 
     </span>
    </p>
   </div>
   <div class='ocr_carea' id='block_1_77' title="bbox 2065 1748 3713 1827">
    <p class='ocr_par' dir='ltr' id='par_1_77' title="bbox 2065 1748 3713 1827">
     <span class='ocr_line' id='line_1_77' title="bbox 2065 1748 3713 1827; baseline 0.005 -24"><span class='ocrx_word' id='word_1_540' title='bbox 2065 1752 2202 1819; x_wconf 92' lang='lat' dir='ltr'><strong>post</strong></span> <span class='ocrx_word' id='word_1_541' title='bbox 2228 1748 2358 1805; x_wconf 55' lang='lat' dir='ltr'><strong>huic</strong></span> <span class='ocrx_word' id='word_1_542' title='bbox 2394 1749 2648 1807; x_wconf 88' lang='lat' dir='ltr'><strong>dimittet</strong></span> <span class='ocrx_word' id='word_1_543' title='bbox 2687 1767 2815 1822; x_wconf 90' lang='lat' dir='ltr'><strong>vos,</strong></span> <span class='ocrx_word' id='word_1_544' title='bbox 2871 1756 2929 1809; x_wconf 93' lang='lat' dir='ltr'><strong>et</strong></span> <span class='ocrx_word' id='word_1_545' title='bbox 2964 1752 3121 1809; x_wconf 84' lang='lat' dir='ltr'><strong>exire</strong></span> <span class='ocrx_word' id='word_1_546' title='bbox 3164 1753 3495 1827; x_wconf 88' lang='lat' dir='ltr'><strong>compellet.</strong></span> <span class='ocrx_word' id='word_1_547' title='bbox 3545 1755 3713 1813; x_wconf 90' lang='lat' dir='ltr'><strong>Dices</strong></span> 
     </span>
    </p>
   </div>
   <div class='ocr_carea' id='block_1_78' title="bbox 2063 1837 3713 1911">
    <p class='ocr_par' dir='ltr' id='par_1_78' title="bbox 2063 1837 3713 1911">
     <span class='ocr_line' id='line_1_78' title="bbox 2063 1837 3713 1911; baseline 0.005 -20"><span class='ocrx_word' id='word_1_548' title='bbox 2063 1851 2204 1907; x_wconf 90' lang='lat' dir='ltr'><strong>ergo</strong></span> <span class='ocrx_word' id='word_1_549' title='bbox 2235 1837 2401 1893; x_wconf 90' lang='lat' dir='ltr'><strong>omni</strong></span> <span class='ocrx_word' id='word_1_550' title='bbox 2430 1837 2611 1909; x_wconf 90' lang='lat' dir='ltr'><strong>plebi,</strong></span> <span class='ocrx_word' id='word_1_551' title='bbox 2643 1843 2710 1895; x_wconf 92' lang='lat' dir='ltr'><strong>ut</strong></span> <span class='ocrx_word' id='word_1_552' title='bbox 2736 1838 2995 1911; x_wconf 87' lang='lat' dir='ltr'><strong>postulet</strong></span> <span class='ocrx_word' id='word_1_553' title='bbox 3034 1840 3117 1897; x_wconf 90' lang='lat' dir='ltr'><strong>vir</strong></span> <span class='ocrx_word' id='word_1_554' title='bbox 3156 1841 3234 1897; x_wconf 91' lang='lat' dir='ltr'><strong>ab</strong></span> <span class='ocrx_word' id='word_1_555' title='bbox 3266 1842 3461 1898; x_wconf 90' lang='lat' dir='ltr'><strong>amico</strong></span> <span class='ocrx_word' id='word_1_556' title='bbox 3488 1858 3616 1909; x_wconf 88' lang='lat' dir='ltr'><strong>suo,</strong></span> <span class='ocrx_word' id='word_1_557' title='bbox 3656 1848 3713 1900; x_wconf 91' lang='lat' dir='ltr'><strong>et</strong></span> 
     </span>
    </p>
   </div>
   <div class='ocr_carea' id='block_1_79' title="bbox 2062 1924 3709 1999">
    <p class='ocr_par' dir='ltr' id='par_1_79' title="bbox 2062 1924 3709 1999">
     <span class='ocr_line' id='line_1_79' title="bbox 2062 1924 3709 1999; baseline 0.006 -21"><span class='ocrx_word' id='word_1_558' title='bbox 2062 1924 2266 1980; x_wconf 85' lang='lat' dir='ltr'><strong>mulier</strong></span> <span class='ocrx_word' id='word_1_559' title='bbox 2293 1942 2329 1982; x_wconf 88' lang='lat' dir='ltr'><strong>a</strong></span> <span class='ocrx_word' id='word_1_560' title='bbox 2357 1925 2552 1983; x_wconf 91' lang='lat' dir='ltr'><strong>vicina</strong></span> <span class='ocrx_word' id='word_1_561' title='bbox 2578 1943 2705 1992; x_wconf 89' lang='lat' dir='ltr'><strong>sua,</strong></span> <span class='ocrx_word' id='word_1_562' title='bbox 2734 1943 2882 1984; x_wconf 88' lang='lat' dir='ltr'><strong>vasa</strong></span> <span class='ocrx_word' id='word_1_563' title='bbox 2907 1932 3191 1999; x_wconf 88' lang='lat' dir='ltr'><strong>argentea</strong></span> <span class='ocrx_word' id='word_1_564' title='bbox 3229 1933 3286 1987; x_wconf 90' lang='lat' dir='ltr'><strong>et</strong></span> <span class='ocrx_word' id='word_1_565' title='bbox 3309 1945 3514 1988; x_wconf 89' lang='lat' dir='ltr'><strong>aurea.</strong></span> <span class='ocrx_word' id='word_1_566' title='bbox 3538 1930 3709 1989; x_wconf 92' lang='lat' dir='ltr'><strong>Dabit</strong></span> 
     </span>
    </p>
   </div>
   <div class='ocr_carea' id='block_1_80' title="bbox 2061 2014 3705 2092">
    <p class='ocr_par' dir='ltr' id='par_1_80' title="bbox 2061 2014 3705 2092">
     <span class='ocr_line' id='line_1_80' title="bbox 2061 2014 3705 2092; baseline 0.005 -23"><span class='ocrx_word' id='word_1_567' title='bbox 2061 2018 2263 2070; x_wconf 88' lang='lat' dir='ltr'><strong>autem</strong></span> <span class='ocrx_word' id='word_1_568' title='bbox 2289 2014 2577 2071; x_wconf 91' lang='lat' dir='ltr'><strong>Dominus</strong></span> <span class='ocrx_word' id='word_1_569' title='bbox 2608 2016 2864 2086; x_wconf 86' lang='lat' dir='ltr'><strong>gratiam</strong></span> <span class='ocrx_word' id='word_1_570' title='bbox 2888 2017 3114 2090; x_wconf 89' lang='lat' dir='ltr'><strong>populo</strong></span> <span class='ocrx_word' id='word_1_571' title='bbox 3163 2034 3367 2076; x_wconf 90' lang='lat' dir='ltr'><strong>coram</strong></span> <span class='ocrx_word' id='word_1_572' title='bbox 3395 2019 3705 2092; x_wconf 63' lang='lat' dir='ltr'><strong>Egyptiis.</strong></span> 
     </span>
    </p>
   </div>
   <div class='ocr_carea' id='block_1_81' title="bbox 2057 2101 3708 2182">
    <p class='ocr_par' dir='ltr' id='par_1_81' title="bbox 2057 2101 3708 2182">
     <span class='ocr_line' id='line_1_81' title="bbox 2057 2101 3708 2182; baseline 0.005 -26"><span class='ocrx_word' id='word_1_573' title='bbox 2057 2101 2306 2175; x_wconf 91' lang='lat' dir='ltr'><strong>Fuitque</strong></span> <span class='ocrx_word' id='word_1_574' title='bbox 2336 2106 2565 2175; x_wconf 87' lang='lat' dir='ltr'><strong>Moyses</strong></span> <span class='ocrx_word' id='word_1_575' title='bbox 2594 2104 2684 2160; x_wconf 90' lang='lat' dir='ltr'><strong>vir</strong></span> <span class='ocrx_word' id='word_1_576' title='bbox 2710 2119 2966 2174; x_wconf 88' lang='lat' dir='ltr'><strong>magnus</strong></span> <span class='ocrx_word' id='word_1_577' title='bbox 2993 2106 3162 2164; x_wconf 86' lang='lat' dir='ltr'><strong>valde</strong></span> <span class='ocrx_word' id='word_1_578' title='bbox 3186 2108 3246 2163; x_wconf 91' lang='lat' dir='ltr'><strong>in</strong></span> <span class='ocrx_word' id='word_1_579' title='bbox 3287 2112 3441 2164; x_wconf 89' lang='lat' dir='ltr'><strong>terra</strong></span> <span class='ocrx_word' id='word_1_580' title='bbox 3469 2107 3708 2182; x_wconf 68' lang='lat' dir='ltr'><strong>Aigypti</strong></span> 
     </span>
    </p>
   </div>
   <div class='ocr_carea' id='block_1_82' title="bbox 2058 2191 3710 2271">
    <p class='ocr_par' dir='ltr' id='par_1_82' title="bbox 2058 2191 3710 2271">
     <span class='ocr_line' id='line_1_82' title="bbox 2058 2191 3710 2271; baseline 0.006 -24"><span class='ocrx_word' id='word_1_581' title='bbox 2058 2205 2263 2248; x_wconf 86' lang='lat' dir='ltr'><strong>coram</strong></span> <span class='ocrx_word' id='word_1_582' title='bbox 2285 2191 2470 2248; x_wconf 90' lang='lat' dir='ltr'><strong>servis</strong></span> <span class='ocrx_word' id='word_1_583' title='bbox 2489 2193 2812 2251; x_wconf 85' lang='lat' dir='ltr'><strong>Pharaonis</strong></span> <span class='ocrx_word' id='word_1_584' title='bbox 2830 2196 3065 2251; x_wconf 89' lang='lat' dir='ltr'><strong>etomni</strong></span> <span class='ocrx_word' id='word_1_585' title='bbox 3091 2197 3339 2268; x_wconf 90' lang='lat' dir='ltr'><strong>populo.</strong></span> <span class='ocrx_word' id='word_1_586' title='bbox 3374 2201 3439 2253; x_wconf 89' lang='lat' dir='ltr'><strong>Et</strong></span> <span class='ocrx_word' id='word_1_587' title='bbox 3456 2199 3538 2254; x_wconf 88' lang='lat' dir='ltr'><strong>ait</strong></span> <span class='ocrx_word' id='word_1_588' title='bbox 3552 2201 3710 2271; x_wconf 89' lang='lat' dir='ltr'><strong>Moy-</strong></span> 
     </span>
    </p>
   </div>
   <div class='ocr_carea' id='block_1_83' title="bbox 2056 2282 3708 2357">
    <p class='ocr_par' dir='ltr' id='par_1_83' title="bbox 2056 2282 3708 2357">
     <span class='ocr_line' id='line_1_83' title="bbox 2056 2282 3708 2357; baseline 0.006 -21"><span class='ocrx_word' id='word_1_589' title='bbox 2056 2296 2150 2336; x_wconf 91' lang='lat' dir='ltr'><strong>ses</strong></span> <span class='ocrx_word' id='word_1_590' title='bbox 2181 2298 2194 2336; x_wconf 91' lang='lat'><strong>:</strong></span> <span class='ocrx_word' id='word_1_591' title='bbox 2229 2284 2363 2338; x_wconf 82' lang='lat' dir='ltr'><strong>Haec</strong></span> <span class='ocrx_word' id='word_1_592' title='bbox 2390 2282 2533 2338; x_wconf 90' lang='lat' dir='ltr'><strong>dicit</strong></span> <span class='ocrx_word' id='word_1_593' title='bbox 2569 2283 2859 2340; x_wconf 91' lang='lat' dir='ltr'><strong>Dominus</strong></span> <span class='ocrx_word' id='word_1_594' title='bbox 2890 2301 2901 2338; x_wconf 90' lang='lat'><strong>:</strong></span> <span class='ocrx_word' id='word_1_595' title='bbox 2931 2285 3120 2343; x_wconf 88' lang='lat' dir='ltr'><strong>Media</strong></span> <span class='ocrx_word' id='word_1_596' title='bbox 3136 2287 3617 2357; x_wconf 86' lang='lat' dir='ltr'><strong>nocteingrediar</strong></span> <span class='ocrx_word' id='word_1_597' title='bbox 3645 2289 3708 2346; x_wconf 93' lang='lat' dir='ltr'><strong>in</strong></span> 
     </span>
    </p>
   </div>
   <div class='ocr_carea' id='block_1_84' title="bbox 2054 2372 3708 2446">
    <p class='ocr_par' dir='ltr' id='par_1_84' title="bbox 2054 2372 3708 2446">
     <span class='ocr_line' id='line_1_84' title="bbox 2054 2372 3708 2446; baseline 0.006 -21"><span class='ocrx_word' id='word_1_598' title='bbox 2054 2372 2377 2443; x_wconf 60' lang='lat' dir='ltr'><strong>[Egyptum</strong></span> <span class='ocrx_word' id='word_1_599' title='bbox 2396 2388 2409 2427; x_wconf 87' lang='lat'><strong>:</strong></span> <span class='ocrx_word' id='word_1_600' title='bbox 2426 2374 2481 2428; x_wconf 91' lang='lat' dir='ltr'><strong>et</strong></span> <span class='ocrx_word' id='word_1_601' title='bbox 2495 2372 2780 2431; x_wconf 88' lang='lat' dir='ltr'><strong>morietur</strong></span> <span class='ocrx_word' id='word_1_602' title='bbox 2795 2390 2974 2433; x_wconf 92' lang='lat' dir='ltr'><strong>omne</strong></span> <span class='ocrx_word' id='word_1_603' title='bbox 2989 2375 3453 2446; x_wconf 86' lang='lat' dir='ltr'><strong>primogenitum</strong></span> <span class='ocrx_word' id='word_1_604' title='bbox 3469 2376 3531 2432; x_wconf 88' lang='lat' dir='ltr'><strong>in</strong></span> <span class='ocrx_word' id='word_1_605' title='bbox 3555 2381 3708 2435; x_wconf 89' lang='lat' dir='ltr'><strong>terra</strong></span> 
     </span>
    </p>
   </div>
   <div class='ocr_carea' id='block_1_85' title="bbox 2054 2459 3707 2538">
    <p class='ocr_par' dir='ltr' id='par_1_85' title="bbox 2054 2459 3707 2538">
     <span class='ocr_line' id='line_1_85' title="bbox 2054 2459 3707 2538; baseline 0.006 -25"><span class='ocrx_word' id='word_1_606' title='bbox 2054 2459 2486 2530; x_wconf 68' lang='lat' dir='ltr'><strong>lEgyptiorum,</strong></span> <span class='ocrx_word' id='word_1_607' title='bbox 2506 2476 2542 2517; x_wconf 90' lang='lat' dir='ltr'><strong>a</strong></span> <span class='ocrx_word' id='word_1_608' title='bbox 2556 2461 2955 2533; x_wconf 90' lang='lat' dir='ltr'><strong>primogenito</strong></span> <span class='ocrx_word' id='word_1_609' title='bbox 2976 2464 3301 2521; x_wconf 90' lang='lat' dir='ltr'><strong>Pharaonis</strong></span> <span class='ocrx_word' id='word_1_610' title='bbox 3322 2466 3425 2538; x_wconf 90' lang='lat' dir='ltr'><strong>qui</strong></span> <span class='ocrx_word' id='word_1_611' title='bbox 3447 2465 3611 2522; x_wconf 91' lang='lat' dir='ltr'><strong>sedet</strong></span> <span class='ocrx_word' id='word_1_612' title='bbox 3645 2466 3707 2524; x_wconf 89' lang='lat' dir='ltr'><strong>in</strong></span> 
     </span>
    </p>
   </div>
   <div class='ocr_carea' id='block_1_86' title="bbox 2055 2546 3709 2626">
    <p class='ocr_par' dir='ltr' id='par_1_86' title="bbox 2055 2546 3709 2626">
     <span class='ocr_line' id='line_1_86' title="bbox 2055 2546 3709 2626; baseline 0.006 -25"><span class='ocrx_word' id='word_1_613' title='bbox 2055 2546 2203 2602; x_wconf 88' lang='lat' dir='ltr'><strong>solio</strong></span> <span class='ocrx_word' id='word_1_614' title='bbox 2229 2547 2278 2616; x_wconf 90' lang='lat' dir='ltr'><strong>ej</strong></span> <span class='ocrx_word' id='word_1_615' title='bbox 2289 2564 2379 2613; x_wconf 90' lang='lat' dir='ltr'><strong>us,</strong></span> <span class='ocrx_word' id='word_1_616' title='bbox 2401 2564 2593 2620; x_wconf 92' lang='lat' dir='ltr'><strong>usque</strong></span> <span class='ocrx_word' id='word_1_617' title='bbox 2616 2550 2695 2606; x_wconf 91' lang='lat' dir='ltr'><strong>ad</strong></span> <span class='ocrx_word' id='word_1_618' title='bbox 2715 2551 3184 2623; x_wconf 88' lang='lat' dir='ltr'><strong>primogenitum</strong></span> <span class='ocrx_word' id='word_1_619' title='bbox 3206 2554 3598 2626; x_wconf 72' lang='lat' dir='ltr'><strong>ancillae,quae</strong></span> <span class='ocrx_word' id='word_1_620' title='bbox 3623 2559 3709 2611; x_wconf 91' lang='lat' dir='ltr'><strong>est</strong></span> 
     </span>
    </p>
   </div>
   <div class='ocr_carea' id='block_1_87' title="bbox 2056 2633 3709 2710">
    <p class='ocr_par' dir='ltr' id='par_1_87' title="bbox 2056 2633 3709 2710">
     <span class='ocr_line' id='line_1_87' title="bbox 2056 2633 3709 2710; baseline 0.005 -19"><span class='ocrx_word' id='word_1_621' title='bbox 2056 2633 2136 2691; x_wconf 86' lang='lat' dir='ltr'><strong>ad</strong></span> <span class='ocrx_word' id='word_1_622' title='bbox 2164 2634 2477 2706; x_wconf 89' lang='lat' dir='ltr'><strong>molam,et</strong></span> <span class='ocrx_word' id='word_1_623' title='bbox 2498 2638 2707 2694; x_wconf 90' lang='lat' dir='ltr'><strong>omnia</strong></span> <span class='ocrx_word' id='word_1_624' title='bbox 2722 2639 3119 2710; x_wconf 88' lang='lat' dir='ltr'><strong>primogenita</strong></span> <span class='ocrx_word' id='word_1_625' title='bbox 3129 2641 3709 2710; x_wconf 76' lang='lat' dir='ltr'><strong>jumentorumErit-</strong></span> 
     </span>
    </p>
   </div>
   <div class='ocr_carea' id='block_1_88' title="bbox 2054 2721 3705 2801">
    <p class='ocr_par' dir='ltr' id='par_1_88' title="bbox 2054 2721 3705 2801">
     <span class='ocr_line' id='line_1_88' title="bbox 2054 2721 3705 2801; baseline 0.007 -24"><span class='ocrx_word' id='word_1_626' title='bbox 2054 2737 2171 2795; x_wconf 92' lang='lat' dir='ltr'><strong>que</strong></span> <span class='ocrx_word' id='word_1_627' title='bbox 2184 2721 2410 2780; x_wconf 87' lang='lat' dir='ltr'><strong>clamor</strong></span> <span class='ocrx_word' id='word_1_628' title='bbox 2423 2738 2681 2794; x_wconf 90' lang='lat' dir='ltr'><strong>magnus</strong></span> <span class='ocrx_word' id='word_1_629' title='bbox 2695 2726 2759 2781; x_wconf 93' lang='lat' dir='ltr'><strong>in</strong></span> <span class='ocrx_word' id='word_1_630' title='bbox 2779 2726 3224 2783; x_wconf 87' lang='lat' dir='ltr'><strong>universaterra</strong></span> <span class='ocrx_word' id='word_1_631' title='bbox 3251 2731 3705 2801; x_wconf 63' lang='lat' dir='ltr'><strong>ngypti,qualis</strong></span> 
     </span>
    </p>
   </div>
   <div class='ocr_carea' id='block_1_89' title="bbox 2053 2811 3705 2887">
    <p class='ocr_par' dir='ltr' id='par_1_89' title="bbox 2053 2811 3705 2887">
     <span class='ocr_line' id='line_1_89' title="bbox 2053 2811 3705 2887; baseline 0.004 -19"><span class='ocrx_word' id='word_1_632' title='bbox 2053 2827 2163 2868; x_wconf 92' lang='lat' dir='ltr'><strong>nec</strong></span> <span class='ocrx_word' id='word_1_633' title='bbox 2193 2816 2370 2869; x_wconf 90' lang='lat' dir='ltr'><strong>antea</strong></span> <span class='ocrx_word' id='word_1_634' title='bbox 2397 2811 2530 2877; x_wconf 84' lang='lat' dir='ltr'><strong>fuit,</strong></span> <span class='ocrx_word' id='word_1_635' title='bbox 2562 2828 2672 2869; x_wconf 92' lang='lat' dir='ltr'><strong>nec</strong></span> <span class='ocrx_word' id='word_1_636' title='bbox 2690 2818 2898 2886; x_wconf 90' lang='lat' dir='ltr'><strong>postea</strong></span> <span class='ocrx_word' id='word_1_637' title='bbox 2919 2815 3152 2871; x_wconf 89' lang='lat' dir='ltr'><strong>futurus</strong></span> <span class='ocrx_word' id='word_1_638' title='bbox 3173 2820 3279 2872; x_wconf 89' lang='lat' dir='ltr'><strong>est.</strong></span> <span class='ocrx_word' id='word_1_639' title='bbox 3303 2816 3477 2887; x_wconf 83' lang='lat' dir='ltr'><strong>Apud</strong></span> <span class='ocrx_word' id='word_1_640' title='bbox 3494 2833 3705 2874; x_wconf 92' lang='lat' dir='ltr'><strong>omnes</strong></span> 
     </span>
    </p>
   </div>
   <div class='ocr_carea' id='block_1_90' title="bbox 2054 2898 3701 2977">
    <p class='ocr_par' dir='ltr' id='par_1_90' title="bbox 2054 2898 3701 2977">
     <span class='ocr_line' id='line_1_90' title="bbox 2054 2898 3701 2977; baseline 0.004 -21"><span class='ocrx_word' id='word_1_641' title='bbox 2054 2903 2253 2956; x_wconf 87' lang='lat' dir='ltr'><strong>autem</strong></span> <span class='ocrx_word' id='word_1_642' title='bbox 2269 2898 2422 2956; x_wconf 84' lang='lat' dir='ltr'><strong>ﬁlios</strong></span> <span class='ocrx_word' id='word_1_643' title='bbox 2438 2902 2613 2957; x_wconf 88' lang='lat' dir='ltr'><strong>lsrael</strong></span> <span class='ocrx_word' id='word_1_644' title='bbox 2632 2903 3151 2960; x_wconf 90' lang='lat' dir='ltr'><strong>nonmutietcanis</strong></span> <span class='ocrx_word' id='word_1_645' title='bbox 3164 2903 3242 2960; x_wconf 90' lang='lat' dir='ltr'><strong>ab</strong></span> <span class='ocrx_word' id='word_1_646' title='bbox 3255 2903 3497 2961; x_wconf 85' lang='lat' dir='ltr'><strong>homine</strong></span> <span class='ocrx_word' id='word_1_647' title='bbox 3512 2921 3701 2977; x_wconf 91' lang='lat' dir='ltr'><strong>usque</strong></span> 
     </span>
    </p>
   </div>
   <div class='ocr_carea' id='block_1_91' title="bbox 2053 2987 3702 3065">
    <p class='ocr_par' dir='ltr' id='par_1_91' title="bbox 2053 2987 3702 3065">
     <span class='ocr_line' id='line_1_91' title="bbox 2053 2987 3702 3065; baseline 0.004 -21"><span class='ocrx_word' id='word_1_648' title='bbox 2053 2987 2132 3044; x_wconf 91' lang='lat' dir='ltr'><strong>ad</strong></span> <span class='ocrx_word' id='word_1_649' title='bbox 2158 3003 2342 3059; x_wconf 91' lang='lat' dir='ltr'><strong>pecus</strong></span> <span class='ocrx_word' id='word_1_650' title='bbox 2372 3009 2383 3048; x_wconf 90' lang='lat'>:</span> <span class='ocrx_word' id='word_1_651' title='bbox 2421 2993 2486 3045; x_wconf 92' lang='lat' dir='ltr'><strong>ut</strong></span> <span class='ocrx_word' id='word_1_652' title='bbox 2506 2990 2703 3047; x_wconf 90' lang='lat' dir='ltr'><strong>sciatis</strong></span> <span class='ocrx_word' id='word_1_653' title='bbox 2733 2996 2957 3065; x_wconf 88' lang='lat' dir='ltr'><strong>quanto</strong></span> <span class='ocrx_word' id='word_1_654' title='bbox 2980 2992 3269 3049; x_wconf 90' lang='lat' dir='ltr'><strong>miraculo</strong></span> <span class='ocrx_word' id='word_1_655' title='bbox 3306 2992 3532 3050; x_wconf 91' lang='lat' dir='ltr'><strong>dividat</strong></span> <span class='ocrx_word' id='word_1_656' title='bbox 3550 2993 3702 3051; x_wconf 89' lang='lat' dir='ltr'><strong>inter</strong></span> 
     </span>
    </p>
   </div>
   <div class='ocr_carea' id='block_1_92' title="bbox 2052 3077 3702 3153">
    <p class='ocr_par' dir='ltr' id='par_1_92' title="bbox 2052 3077 3702 3153">
     <span class='ocr_line' id='line_1_92' title="bbox 2052 3077 3702 3153; baseline 0.005 -22"><span class='ocrx_word' id='word_1_657' title='bbox 2052 3077 2358 3149; x_wconf 61' lang='lat' dir='ltr'><strong>JEgyptios</strong></span> <span class='ocrx_word' id='word_1_658' title='bbox 2384 3083 2441 3134; x_wconf 90' lang='lat' dir='ltr'><strong>et</strong></span> <span class='ocrx_word' id='word_1_659' title='bbox 2462 3079 2660 3137; x_wconf 86' lang='lat' dir='ltr'><strong>Israel.</strong></span> <span class='ocrx_word' id='word_1_660' title='bbox 2684 3081 3175 3153; x_wconf 88' lang='lat' dir='ltr'><strong>Descendentque</strong></span> <span class='ocrx_word' id='word_1_661' title='bbox 3196 3098 3406 3138; x_wconf 91' lang='lat' dir='ltr'><strong>omnes</strong></span> <span class='ocrx_word' id='word_1_662' title='bbox 3432 3084 3586 3139; x_wconf 88' lang='lat' dir='ltr'><strong>servi</strong></span> <span class='ocrx_word' id='word_1_663' title='bbox 3619 3084 3702 3140; x_wconf 90' lang='lat' dir='ltr'><strong>tui</strong></span> 
     </span>
    </p>
   </div>
   <div class='ocr_carea' id='block_1_93' title="bbox 2052 3165 3707 3241">
    <p class='ocr_par' dir='ltr' id='par_1_93' title="bbox 2052 3165 3707 3241">
     <span class='ocr_line' id='line_1_93' title="bbox 2052 3165 3707 3241; baseline 0.004 -18"><span class='ocrx_word' id='word_1_664' title='bbox 2052 3165 2132 3223; x_wconf 90' lang='lat' dir='ltr'><strong>ad</strong></span> <span class='ocrx_word' id='word_1_665' title='bbox 2152 3181 2269 3232; x_wconf 91' lang='lat' dir='ltr'><strong>me,</strong></span> <span class='ocrx_word' id='word_1_666' title='bbox 2302 3170 2357 3222; x_wconf 91' lang='lat' dir='ltr'><strong>et</strong></span> <span class='ocrx_word' id='word_1_667' title='bbox 2379 3166 2720 3225; x_wconf 88' lang='lat' dir='ltr'><strong>adorabunt</strong></span> <span class='ocrx_word' id='word_1_668' title='bbox 2749 3185 2868 3239; x_wconf 91' lang='lat' dir='ltr'><strong>me,</strong></span> <span class='ocrx_word' id='word_1_669' title='bbox 2897 3170 3158 3227; x_wconf 91' lang='lat' dir='ltr'><strong>dicentes</strong></span> <span class='ocrx_word' id='word_1_670' title='bbox 3187 3181 3204 3231; x_wconf 87' lang='lat'><strong>:</strong></span> <span class='ocrx_word' id='word_1_671' title='bbox 3231 3171 3517 3241; x_wconf 87' lang='lat' dir='ltr'><strong>Egredere</strong></span> <span class='ocrx_word' id='word_1_672' title='bbox 3538 3177 3621 3237; x_wconf 89' lang='lat' dir='ltr'><strong>tu,</strong></span> <span class='ocrx_word' id='word_1_673' title='bbox 3650 3177 3707 3229; x_wconf 90' lang='lat' dir='ltr'><strong>et</strong></span> 
     </span>
    </p>
   </div>
   <div class='ocr_carea' id='block_1_94' title="bbox 2050 3255 3705 3329">
    <p class='ocr_par' dir='ltr' id='par_1_94' title="bbox 2050 3255 3705 3329">
     <span class='ocr_line' id='line_1_94' title="bbox 2050 3255 3705 3329; baseline 0.003 -18"><span class='ocrx_word' id='word_1_674' title='bbox 2050 3255 2249 3311; x_wconf 90' lang='lat' dir='ltr'><strong>omnis</strong></span> <span class='ocrx_word' id='word_1_675' title='bbox 2266 3256 2526 3329; x_wconf 89' lang='lat' dir='ltr'><strong>populus</strong></span> <span class='ocrx_word' id='word_1_676' title='bbox 2547 3258 2651 3329; x_wconf 92' lang='lat' dir='ltr'><strong>qui</strong></span> <span class='ocrx_word' id='word_1_677' title='bbox 2670 3258 2973 3328; x_wconf 89' lang='lat' dir='ltr'><strong>subjectus</strong></span> <span class='ocrx_word' id='word_1_678' title='bbox 2990 3263 3078 3314; x_wconf 91' lang='lat' dir='ltr'><strong>est</strong></span> <span class='ocrx_word' id='word_1_679' title='bbox 3096 3258 3194 3313; x_wconf 90' lang='lat' dir='ltr'><strong>tibi</strong></span> <span class='ocrx_word' id='word_1_680' title='bbox 3216 3276 3229 3314; x_wconf 87' lang='lat'>:</span> <span class='ocrx_word' id='word_1_681' title='bbox 3251 3264 3385 3329; x_wconf 90' lang='lat' dir='ltr'><strong>post</strong></span> <span class='ocrx_word' id='word_1_682' title='bbox 3398 3259 3528 3314; x_wconf 84' lang='lat' dir='ltr'><strong>haec</strong></span> <span class='ocrx_word' id='word_1_683' title='bbox 3543 3275 3705 3329; x_wconf 88' lang='lat' dir='ltr'><strong>egre-</strong></span> 
     </span>
    </p>
   </div>
   <div class='ocr_carea' id='block_1_95' title="bbox 2050 3343 3703 3403">
    <p class='ocr_par' dir='ltr' id='par_1_95' title="bbox 2050 3343 3703 3403">
     <span class='ocr_line' id='line_1_95' title="bbox 2050 3343 3703 3403; baseline 0.002 -4"><span class='ocrx_word' id='word_1_684' title='bbox 2050 3343 2307 3400; x_wconf 90' lang='lat' dir='ltr'><strong>diemur.</strong></span> <span class='ocrx_word' id='word_1_685' title='bbox 2331 3347 2395 3401; x_wconf 89' lang='lat' dir='ltr'><strong>Et</strong></span> <span class='ocrx_word' id='word_1_686' title='bbox 2415 3344 2593 3400; x_wconf 86' lang='lat' dir='ltr'><strong>exivit</strong></span> <span class='ocrx_word' id='word_1_687' title='bbox 2616 3361 2652 3401; x_wconf 89' lang='lat' dir='ltr'><strong>a</strong></span> <span class='ocrx_word' id='word_1_688' title='bbox 2680 3345 2991 3402; x_wconf 87' lang='lat' dir='ltr'><strong>Pharaone</strong></span> <span class='ocrx_word' id='word_1_689' title='bbox 3014 3346 3198 3401; x_wconf 91' lang='lat' dir='ltr'><strong>iratus</strong></span> <span class='ocrx_word' id='word_1_690' title='bbox 3219 3345 3577 3402; x_wconf 89' lang='lat' dir='ltr'><strong>nimis.Dixit</strong></span> <span class='ocrx_word' id='word_1_691' title='bbox 3596 3362 3703 3403; x_wconf 85' lang='lat' dir='ltr'><strong>au-</strong></span> 
     </span>
    </p>
   </div>
   <div class='ocr_carea' id='block_1_96' title="bbox 2052 3432 3697 3505">
    <p class='ocr_par' dir='ltr' id='par_1_96' title="bbox 2052 3432 3697 3505">
     <span class='ocr_line' id='line_1_96' title="bbox 2052 3432 3697 3505; baseline 0.002 -18"><span class='ocrx_word' id='word_1_692' title='bbox 2052 3434 2168 3487; x_wconf 89' lang='lat' dir='ltr'><strong>tem</strong></span> <span class='ocrx_word' id='word_1_693' title='bbox 2203 3432 2490 3489; x_wconf 86' lang='lat' dir='ltr'><strong>Dominus</strong></span> <span class='ocrx_word' id='word_1_694' title='bbox 2529 3432 2608 3488; x_wconf 89' lang='lat' dir='ltr'><strong>ad</strong></span> <span class='ocrx_word' id='word_1_695' title='bbox 2637 3436 2874 3505; x_wconf 86' lang='lat' dir='ltr'><strong>Moysen</strong></span> <span class='ocrx_word' id='word_1_696' title='bbox 2909 3454 2920 3492; x_wconf 88' lang='lat'>:</span> <span class='ocrx_word' id='word_1_697' title='bbox 2952 3437 3074 3489; x_wconf 89' lang='lat' dir='ltr'><strong>Non</strong></span> <span class='ocrx_word' id='word_1_698' title='bbox 3092 3432 3293 3488; x_wconf 90' lang='lat' dir='ltr'><strong>audiet</strong></span> <span class='ocrx_word' id='word_1_699' title='bbox 3316 3448 3424 3488; x_wconf 90' lang='lat' dir='ltr'><strong>vos</strong></span> <span class='ocrx_word' id='word_1_700' title='bbox 3446 3434 3697 3500; x_wconf 92' lang='lat' dir='ltr'><strong>Pharao,</strong></span> 
     </span>
    </p>
   </div>
   <div class='ocr_carea' id='block_1_97' title="bbox 2050 3520 3699 3591">
    <p class='ocr_par' dir='ltr' id='par_1_97' title="bbox 2050 3520 3699 3591">
     <span class='ocr_line' id='line_1_97' title="bbox 2050 3520 3699 3591; baseline 0 -15"><span class='ocrx_word' id='word_1_701' title='bbox 2050 3525 2115 3576; x_wconf 91' lang='lat' dir='ltr'><strong>ut</strong></span> <span class='ocrx_word' id='word_1_702' title='bbox 2142 3520 2334 3577; x_wconf 90' lang='lat' dir='ltr'><strong>multa</strong></span> <span class='ocrx_word' id='word_1_703' title='bbox 2363 3520 2696 3591; x_wconf 83' lang='lat' dir='ltr'><strong>signaﬁant</strong></span> <span class='ocrx_word' id='word_1_704' title='bbox 2722 3520 2784 3575; x_wconf 92' lang='lat' dir='ltr'><strong>in</strong></span> <span class='ocrx_word' id='word_1_705' title='bbox 2806 3526 2959 3576; x_wconf 89' lang='lat' dir='ltr'><strong>terra</strong></span> <span class='ocrx_word' id='word_1_706' title='bbox 2974 3520 3228 3591; x_wconf 66' lang='lat' dir='ltr'><strong>Egypli.</strong></span> <span class='ocrx_word' id='word_1_707' title='bbox 3247 3523 3474 3591; x_wconf 87' lang='lat' dir='ltr'><strong>Moyses</strong></span> <span class='ocrx_word' id='word_1_708' title='bbox 3496 3527 3699 3577; x_wconf 87' lang='lat' dir='ltr'><strong>autem</strong></span> 
     </span>
    </p>
   </div>
   <div class='ocr_carea' id='block_1_98' title="bbox 2050 3607 3701 3679">
    <p class='ocr_par' dir='ltr' id='par_1_98' title="bbox 2050 3607 3701 3679">
     <span class='ocr_line' id='line_1_98' title="bbox 2050 3607 3701 3679; baseline 0.001 -16"><span class='ocrx_word' id='word_1_709' title='bbox 2050 3613 2321 3663; x_wconf 77' lang='lat' dir='ltr'><strong>etAaron</strong></span> <span class='ocrx_word' id='word_1_710' title='bbox 2351 3608 2616 3663; x_wconf 89' lang='lat' dir='ltr'><strong>fecerunt</strong></span> <span class='ocrx_word' id='word_1_711' title='bbox 2640 3607 2841 3663; x_wconf 87' lang='lat' dir='ltr'><strong>omnia</strong></span> <span class='ocrx_word' id='word_1_712' title='bbox 2884 3612 3120 3663; x_wconf 90' lang='lat' dir='ltr'><strong>ostenta</strong></span> <span class='ocrx_word' id='word_1_713' title='bbox 3145 3623 3281 3679; x_wconf 66' lang='lat' dir='ltr'><strong>quae</strong></span> <span class='ocrx_word' id='word_1_714' title='bbox 3298 3607 3520 3679; x_wconf 90' lang='lat' dir='ltr'><strong>scripta</strong></span> <span class='ocrx_word' id='word_1_715' title='bbox 3562 3614 3701 3664; x_wconf 92' lang='lat' dir='ltr'><strong>sunt</strong></span> 
     </span>
    </p>
   </div>
   <div class='ocr_carea' id='block_1_99' title="bbox 2050 3695 3701 3752">
    <p class='ocr_par' dir='ltr' id='par_1_99' title="bbox 2050 3695 3701 3752">
     <span class='ocr_line' id='line_1_99' title="bbox 2050 3695 3701 3752; baseline 0 0"><span class='ocrx_word' id='word_1_716' title='bbox 2050 3711 2255 3752; x_wconf 92' lang='lat' dir='ltr'><strong>coram</strong></span> <span class='ocrx_word' id='word_1_717' title='bbox 2267 3696 2592 3751; x_wconf 89' lang='lat' dir='ltr'><strong>Pharaone.</strong></span> <span class='ocrx_word' id='word_1_718' title='bbox 2629 3698 2695 3751; x_wconf 88' lang='lat' dir='ltr'><strong>Et</strong></span> <span class='ocrx_word' id='word_1_719' title='bbox 2718 3695 3019 3752; x_wconf 90' lang='lat' dir='ltr'><strong>induravit</strong></span> <span class='ocrx_word' id='word_1_720' title='bbox 3033 3695 3322 3751; x_wconf 91' lang='lat' dir='ltr'><strong>Dominus</strong></span> <span class='ocrx_word' id='word_1_721' title='bbox 3334 3711 3435 3752; x_wconf 91' lang='lat' dir='ltr'><strong>cor</strong></span> <span class='ocrx_word' id='word_1_722' title='bbox 3448 3696 3701 3752; x_wconf 88' lang='lat' dir='ltr'><strong>Pharae-</strong></span> 
     </span>
    </p>
   </div>
   <div class='ocr_carea' id='block_1_100' title="bbox 2049 3782 3697 3856">
    <p class='ocr_par' dir='ltr' id='par_1_100' title="bbox 2049 3782 3697 3856">
     <span class='ocr_line' id='line_1_100' title="bbox 2049 3782 3697 3856; baseline -0.001 -16"><span class='ocrx_word' id='word_1_723' title='bbox 2049 3783 2166 3853; x_wconf 91' lang='lat' dir='ltr'><strong>nis,</strong></span> <span class='ocrx_word' id='word_1_724' title='bbox 2192 3799 2301 3839; x_wconf 89' lang='lat' dir='ltr'><strong>nec</strong></span> <span class='ocrx_word' id='word_1_725' title='bbox 2330 3782 2557 3840; x_wconf 89' lang='lat' dir='ltr'><strong>dimisit</strong></span> <span class='ocrx_word' id='word_1_726' title='bbox 2581 3784 2735 3841; x_wconf 84' lang='lat' dir='ltr'><strong>ﬁlios</strong></span> <span class='ocrx_word' id='word_1_727' title='bbox 2760 3783 2938 3842; x_wconf 84' lang='lat' dir='ltr'><strong>Israel</strong></span> <span class='ocrx_word' id='word_1_728' title='bbox 2958 3783 3035 3840; x_wconf 93' lang='lat' dir='ltr'><strong>de</strong></span> <span class='ocrx_word' id='word_1_729' title='bbox 3062 3788 3215 3841; x_wconf 90' lang='lat' dir='ltr'><strong>terra</strong></span> <span class='ocrx_word' id='word_1_730' title='bbox 3239 3799 3348 3840; x_wconf 89' lang='lat' dir='ltr'><strong>sua</strong></span> <span class='ocrx_word' id='word_1_731' title='bbox 3366 3784 3544 3854; x_wconf 87' lang='lat' dir='ltr'><strong>(Cap.</strong></span> <span class='ocrx_word' id='word_1_732' title='bbox 3570 3788 3697 3856; x_wconf 82' lang='lat' dir='ltr'><strong>xu).</strong></span> 
     </span>
    </p>
   </div>
   <div class='ocr_carea' id='block_1_101' title="bbox 2051 3873 3697 3945">
    <p class='ocr_par' dir='ltr' id='par_1_101' title="bbox 2051 3873 3697 3945">
     <span class='ocr_line' id='line_1_101' title="bbox 2051 3873 3697 3945; baseline -0.001 -15"><span class='ocrx_word' id='word_1_733' title='bbox 2051 3876 2295 3930; x_wconf 87' lang='lat' dir='ltr'><strong>Factum</strong></span> <span class='ocrx_word' id='word_1_734' title='bbox 2325 3876 2412 3929; x_wconf 90' lang='lat' dir='ltr'><strong>est</strong></span> <span class='ocrx_word' id='word_1_735' title='bbox 2441 3873 2715 3929; x_wconf 89' lang='lat' dir='ltr'><strong>autemin</strong></span> <span class='ocrx_word' id='word_1_736' title='bbox 2731 3873 2927 3929; x_wconf 91' lang='lat' dir='ltr'><strong>noctis</strong></span> <span class='ocrx_word' id='word_1_737' title='bbox 2946 3873 3168 3940; x_wconf 90' lang='lat' dir='ltr'><strong>medio,</strong></span> <span class='ocrx_word' id='word_1_738' title='bbox 3192 3875 3486 3945; x_wconf 88' lang='lat' dir='ltr'><strong>percussit</strong></span> <span class='ocrx_word' id='word_1_739' title='bbox 3502 3874 3697 3929; x_wconf 91' lang='lat' dir='ltr'><strong>Domi-</strong></span> 
     </span>
    </p>
   </div>
   <div class='ocr_carea' id='block_1_102' title="bbox 2047 3961 3702 4035">
    <p class='ocr_par' dir='ltr' id='par_1_102' title="bbox 2047 3961 3702 4035">
     <span class='ocr_line' id='line_1_102' title="bbox 2047 3961 3702 4035; baseline 0.001 -17"><span class='ocrx_word' id='word_1_740' title='bbox 2047 3978 2162 4018; x_wconf 92' lang='lat' dir='ltr'><strong>nus</strong></span> <span class='ocrx_word' id='word_1_741' title='bbox 2182 3977 2353 4018; x_wconf 91' lang='lat' dir='ltr'><strong>omne</strong></span> <span class='ocrx_word' id='word_1_742' title='bbox 2372 3961 2822 4035; x_wconf 89' lang='lat' dir='ltr'><strong>primogenitum</strong></span> <span class='ocrx_word' id='word_1_743' title='bbox 2838 3964 2901 4018; x_wconf 87' lang='lat' dir='ltr'><strong>in</strong></span> <span class='ocrx_word' id='word_1_744' title='bbox 2922 3967 3075 4019; x_wconf 89' lang='lat' dir='ltr'><strong>terra</strong></span> <span class='ocrx_word' id='word_1_745' title='bbox 3092 3962 3391 4034; x_wconf 68' lang='lat' dir='ltr'><strong>zEgypti,a</strong></span> <span class='ocrx_word' id='word_1_746' title='bbox 3418 3962 3702 4034; x_wconf 86' lang='lat' dir='ltr'><strong>primoge-</strong></span> 
     </span>
    </p>
   </div>
   <div class='ocr_carea' id='block_1_103' title="bbox 2048 4050 3701 4123">
    <p class='ocr_par' dir='ltr' id='par_1_103' title="bbox 2048 4050 3701 4123">
     <span class='ocr_line' id='line_1_103' title="bbox 2048 4050 3701 4123; baseline 0 -16"><span class='ocrx_word' id='word_1_747' title='bbox 2048 4050 2172 4107; x_wconf 91' lang='lat' dir='ltr'><strong>nito</strong></span> <span class='ocrx_word' id='word_1_748' title='bbox 2201 4050 2664 4123; x_wconf 88' lang='lat' dir='ltr'><strong>Pharaonis,qui</strong></span> <span class='ocrx_word' id='word_1_749' title='bbox 2694 4051 2942 4108; x_wconf 91' lang='lat' dir='ltr'><strong>sedebat</strong></span> <span class='ocrx_word' id='word_1_750' title='bbox 2970 4051 3030 4106; x_wconf 91' lang='lat' dir='ltr'><strong>in</strong></span> <span class='ocrx_word' id='word_1_751' title='bbox 3052 4051 3201 4106; x_wconf 92' lang='lat' dir='ltr'><strong>solio</strong></span> <span class='ocrx_word' id='word_1_752' title='bbox 3233 4054 3384 4121; x_wconf 90' lang='lat' dir='ltr'><strong>ejus,</strong></span> <span class='ocrx_word' id='word_1_753' title='bbox 3410 4067 3601 4122; x_wconf 85' lang='lat' dir='ltr'><strong>usque</strong></span> <span class='ocrx_word' id='word_1_754' title='bbox 3622 4051 3701 4107; x_wconf 88' lang='lat' dir='ltr'><strong>ad</strong></span> 
     </span>
    </p>
   </div>
   <div class='ocr_carea' id='block_1_104' title="bbox 2047 4139 3701 4212">
    <p class='ocr_par' dir='ltr' id='par_1_104' title="bbox 2047 4139 3701 4212">
     <span class='ocr_line' id='line_1_104' title="bbox 2047 4139 3701 4212; baseline 0.001 -17"><span class='ocrx_word' id='word_1_755' title='bbox 2047 4139 2515 4212; x_wconf 89' lang='lat' dir='ltr'><strong>primogenitum</strong></span> <span class='ocrx_word' id='word_1_756' title='bbox 2558 4140 2994 4210; x_wconf 90' lang='lat' dir='ltr'><strong>jumentorum.</strong></span> <span class='ocrx_word' id='word_1_757' title='bbox 3051 4140 3435 4211; x_wconf 87' lang='lat' dir='ltr'><strong>Surrexitque</strong></span> <span class='ocrx_word' id='word_1_758' title='bbox 3474 4139 3701 4197; x_wconf 85' lang='lat' dir='ltr'><strong>Pharao</strong></span> 
     </span>
    </p>
   </div>
   <div class='ocr_carea' id='block_1_105' title="bbox 2047 4229 3704 4301">
    <p class='ocr_par' dir='ltr' id='par_1_105' title="bbox 2047 4229 3704 4301">
     <span class='ocr_line' id='line_1_105' title="bbox 2047 4229 3704 4301; baseline 0.001 -18"><span class='ocrx_word' id='word_1_759' title='bbox 2047 4231 2311 4294; x_wconf 83' lang='lat' dir='ltr'><strong>nocte,et</strong></span> <span class='ocrx_word' id='word_1_760' title='bbox 2334 4243 2545 4284; x_wconf 91' lang='lat' dir='ltr'><strong>omnes</strong></span> <span class='ocrx_word' id='word_1_761' title='bbox 2575 4229 2728 4284; x_wconf 89' lang='lat' dir='ltr'><strong>servi</strong></span> <span class='ocrx_word' id='word_1_762' title='bbox 2759 4229 2909 4300; x_wconf 91' lang='lat' dir='ltr'><strong>ejus,</strong></span> <span class='ocrx_word' id='word_1_763' title='bbox 2935 4234 3270 4300; x_wconf 89' lang='lat' dir='ltr'><strong>cunctaque</strong></span> <span class='ocrx_word' id='word_1_764' title='bbox 3290 4232 3613 4301; x_wconf 65' lang='lat' dir='ltr'><strong>Egyptus:</strong></span> <span class='ocrx_word' id='word_1_765' title='bbox 3648 4234 3704 4285; x_wconf 91' lang='lat' dir='ltr'><strong>et</strong></span> 
     </span>
    </p>
   </div>
   <div class='ocr_carea' id='block_1_106' title="bbox 2047 4314 3704 4390">
    <p class='ocr_par' dir='ltr' id='par_1_106' title="bbox 2047 4314 3704 4390">
     <span class='ocr_line' id='line_1_106' title="bbox 2047 4314 3704 4390; baseline 0 -17"><span class='ocrx_word' id='word_1_766' title='bbox 2047 4319 2213 4373; x_wconf 89' lang='lat' dir='ltr'><strong>ortus</strong></span> <span class='ocrx_word' id='word_1_767' title='bbox 2226 4319 2313 4372; x_wconf 90' lang='lat' dir='ltr'><strong>est</strong></span> <span class='ocrx_word' id='word_1_768' title='bbox 2328 4314 2558 4373; x_wconf 90' lang='lat' dir='ltr'><strong>clamor</strong></span> <span class='ocrx_word' id='word_1_769' title='bbox 2577 4332 2839 4387; x_wconf 87' lang='lat' dir='ltr'><strong>magnus</strong></span> <span class='ocrx_word' id='word_1_770' title='bbox 2861 4317 2923 4373; x_wconf 92' lang='lat' dir='ltr'><strong>in</strong></span> <span class='ocrx_word' id='word_1_771' title='bbox 2938 4318 3189 4390; x_wconf 58' lang='lat' dir='ltr'><strong>Egypto</strong></span> <span class='ocrx_word' id='word_1_772' title='bbox 3212 4336 3223 4375; x_wconf 89' lang='lat'>:</span> <span class='ocrx_word' id='word_1_773' title='bbox 3242 4333 3437 4389; x_wconf 91' lang='lat' dir='ltr'><strong>neque</strong></span> <span class='ocrx_word' id='word_1_774' title='bbox 3469 4318 3704 4374; x_wconf 89' lang='lat' dir='ltr'><strong>eratdo-</strong></span> 
     </span>
    </p>
   </div>
   <div class='ocr_carea' id='block_1_107' title="bbox 2046 4404 3701 4477">
    <p class='ocr_par' dir='ltr' id='par_1_107' title="bbox 2046 4404 3701 4477">
     <span class='ocr_line' id='line_1_107' title="bbox 2046 4404 3701 4477; baseline 0 -18"><span class='ocrx_word' id='word_1_775' title='bbox 2046 4419 2183 4460; x_wconf 92' lang='lat' dir='ltr'><strong>mus</strong></span> <span class='ocrx_word' id='word_1_776' title='bbox 2202 4404 2262 4460; x_wconf 90' lang='lat' dir='ltr'><strong>in</strong></span> <span class='ocrx_word' id='word_1_777' title='bbox 2283 4420 2406 4477; x_wconf 90' lang='lat' dir='ltr'><strong>qua</strong></span> <span class='ocrx_word' id='word_1_778' title='bbox 2430 4419 2553 4460; x_wconf 91' lang='lat' dir='ltr'><strong>non</strong></span> <span class='ocrx_word' id='word_1_779' title='bbox 2571 4405 3108 4475; x_wconf 86' lang='lat' dir='ltr'><strong>jaceretmortuus.</strong></span> <span class='ocrx_word' id='word_1_780' title='bbox 3137 4406 3487 4477; x_wconf 88' lang='lat' dir='ltr'><strong>Vocatisque</strong></span> <span class='ocrx_word' id='word_1_781' title='bbox 3505 4407 3701 4475; x_wconf 90' lang='lat' dir='ltr'><strong>Moyse</strong></span> 
     </span>
    </p>
   </div>
   <div class='ocr_carea' id='block_1_108' title="bbox 2047 4493 3697 4566">
    <p class='ocr_par' dir='ltr' id='par_1_108' title="bbox 2047 4493 3697 4566">
     <span class='ocr_line' id='line_1_108' title="bbox 2047 4493 3697 4566; baseline -0.002 -15"><span class='ocrx_word' id='word_1_782' title='bbox 2047 4497 2104 4551; x_wconf 89' lang='lat' dir='ltr'><strong>et</strong></span> <span class='ocrx_word' id='word_1_783' title='bbox 2131 4495 2349 4561; x_wconf 79' lang='lat' dir='ltr'><strong>Aaron,</strong></span> <span class='ocrx_word' id='word_1_784' title='bbox 2378 4493 2459 4550; x_wconf 91' lang='lat' dir='ltr'><strong>ait</strong></span> <span class='ocrx_word' id='word_1_785' title='bbox 2490 4514 2503 4549; x_wconf 89' lang='lat'><strong>:</strong></span> <span class='ocrx_word' id='word_1_786' title='bbox 2547 4494 2795 4563; x_wconf 89' lang='lat' dir='ltr'><strong>Surgite,</strong></span> <span class='ocrx_word' id='word_1_787' title='bbox 2825 4494 3172 4566; x_wconf 88' lang='lat' dir='ltr'><strong>egredimini</strong></span> <span class='ocrx_word' id='word_1_788' title='bbox 3233 4510 3268 4549; x_wconf 87' lang='lat' dir='ltr'><strong>a</strong></span> <span class='ocrx_word' id='word_1_789' title='bbox 3296 4494 3515 4565; x_wconf 85' lang='lat' dir='ltr'><strong>pOpulO</strong></span> <span class='ocrx_word' id='word_1_790' title='bbox 3555 4509 3697 4557; x_wconf 87' lang='lat' dir='ltr'><strong>meo,</strong></span> 
     </span>
    </p>
   </div>
   <div class='ocr_carea' id='block_1_109' title="bbox 2046 4580 3699 4653">
    <p class='ocr_par' dir='ltr' id='par_1_109' title="bbox 2046 4580 3699 4653">
     <span class='ocr_line' id='line_1_109' title="bbox 2046 4580 3699 4653; baseline -0.002 -15"><span class='ocrx_word' id='word_1_791' title='bbox 2046 4598 2155 4639; x_wconf 89' lang='lat' dir='ltr'><strong>vos</strong></span> <span class='ocrx_word' id='word_1_792' title='bbox 2176 4581 2347 4639; x_wconf 88' lang='lat' dir='ltr'><strong>etﬁlii</strong></span> <span class='ocrx_word' id='word_1_793' title='bbox 2376 4582 2558 4638; x_wconf 89' lang='lat' dir='ltr'><strong>vestri</strong></span> <span class='ocrx_word' id='word_1_794' title='bbox 2580 4582 2705 4653; x_wconf 86' lang='lat' dir='ltr'><strong>:ite,</strong></span> <span class='ocrx_word' id='word_1_795' title='bbox 2722 4582 3027 4639; x_wconf 91' lang='lat' dir='ltr'><strong>immolate</strong></span> <span class='ocrx_word' id='word_1_796' title='bbox 3051 4583 3302 4639; x_wconf 93' lang='lat' dir='ltr'><strong>Domino</strong></span> <span class='ocrx_word' id='word_1_797' title='bbox 3316 4581 3468 4637; x_wconf 91' lang='lat' dir='ltr'><strong>sicut</strong></span> <span class='ocrx_word' id='word_1_798' title='bbox 3489 4580 3699 4636; x_wconf 92' lang='lat' dir='ltr'><strong>dicitis.</strong></span> 
     </span>
    </p>
   </div>
   <div class='ocr_carea' id='block_1_110' title="bbox 2050 4667 3705 4742">
    <p class='ocr_par' dir='ltr' id='par_1_110' title="bbox 2050 4667 3705 4742">
     <span class='ocr_line' id='line_1_110' title="bbox 2050 4667 3705 4742; baseline -0.002 -13"><span class='ocrx_word' id='word_1_799' title='bbox 2050 4674 2200 4729; x_wconf 92' lang='lat' dir='ltr'><strong>Oves</strong></span> <span class='ocrx_word' id='word_1_800' title='bbox 2228 4675 2480 4738; x_wconf 87' lang='lat' dir='ltr'><strong>vestras,</strong></span> <span class='ocrx_word' id='word_1_801' title='bbox 2508 4676 2567 4727; x_wconf 92' lang='lat' dir='ltr'><strong>et</strong></span> <span class='ocrx_word' id='word_1_802' title='bbox 2591 4676 2862 4727; x_wconf 88' lang='lat' dir='ltr'><strong>armenta</strong></span> <span class='ocrx_word' id='word_1_803' title='bbox 2891 4670 3177 4727; x_wconf 90' lang='lat' dir='ltr'><strong>assumite</strong></span> <span class='ocrx_word' id='word_1_804' title='bbox 3212 4677 3275 4726; x_wconf 93' lang='lat' dir='ltr'><strong>ut</strong></span> <span class='ocrx_word' id='word_1_805' title='bbox 3307 4667 3624 4742; x_wconf 89' lang='lat' dir='ltr'><strong>petieratis,</strong></span> <span class='ocrx_word' id='word_1_806' title='bbox 3647 4673 3705 4725; x_wconf 90' lang='lat' dir='ltr'><strong>et</strong></span> 
     </span>
    </p>
   </div>
   <div class='ocr_carea' id='block_1_111' title="bbox 2049 4756 3705 4829">
    <p class='ocr_par' dir='ltr' id='par_1_111' title="bbox 2049 4756 3705 4829">
     <span class='ocr_line' id='line_1_111' title="bbox 2049 4756 3705 4829; baseline -0.001 -14"><span class='ocrx_word' id='word_1_807' title='bbox 2049 4758 2339 4815; x_wconf 88' lang='lat' dir='ltr'><strong>abeuntes</strong></span> <span class='ocrx_word' id='word_1_808' title='bbox 2352 4758 2692 4815; x_wconf 90' lang='lat' dir='ltr'><strong>benedicito</strong></span> <span class='ocrx_word' id='word_1_809' title='bbox 2708 4758 2856 4813; x_wconf 90' lang='lat' dir='ltr'><strong>mihi</strong></span> <span class='ocrx_word' id='word_1_810' title='bbox 2870 4802 2880 4814; x_wconf 93' lang='lat'><strong>.</strong></span> <span class='ocrx_word' id='word_1_811' title='bbox 2900 4758 3318 4829; x_wconf 88' lang='lat' dir='ltr'><strong>Urgebantque</strong></span> <span class='ocrx_word' id='word_1_812' title='bbox 3347 4756 3597 4828; x_wconf 64' lang='lat' dir='ltr'><strong>zEgyptii</strong></span> <span class='ocrx_word' id='word_1_813' title='bbox 3610 4772 3705 4828; x_wconf 93' lang='lat' dir='ltr'><strong>po-</strong></span> 
     </span>
    </p>
   </div>
   <div class='ocr_carea' id='block_1_112' title="bbox 2050 4845 3705 4918">
    <p class='ocr_par' dir='ltr' id='par_1_112' title="bbox 2050 4845 3705 4918">
     <span class='ocr_line' id='line_1_112' title="bbox 2050 4845 3705 4918; baseline 0 -17"><span class='ocrx_word' id='word_1_814' title='bbox 2050 4845 2261 4918; x_wconf 91' lang='lat' dir='ltr'><strong>pulum</strong></span> <span class='ocrx_word' id='word_1_815' title='bbox 2287 4845 2362 4902; x_wconf 91' lang='lat' dir='ltr'><strong>de</strong></span> <span class='ocrx_word' id='word_1_816' title='bbox 2401 4850 2557 4902; x_wconf 90' lang='lat' dir='ltr'><strong>terra</strong></span> <span class='ocrx_word' id='word_1_817' title='bbox 2595 4846 2755 4902; x_wconf 87' lang='lat' dir='ltr'><strong>exire</strong></span> <span class='ocrx_word' id='word_1_818' title='bbox 2807 4845 3101 4913; x_wconf 88' lang='lat' dir='ltr'><strong>velociter,</strong></span> <span class='ocrx_word' id='word_1_819' title='bbox 3148 4845 3408 4900; x_wconf 90' lang='lat' dir='ltr'><strong>dicentes</strong></span> <span class='ocrx_word' id='word_1_820' title='bbox 3442 4862 3454 4899; x_wconf 92' lang='lat'><strong>:</strong></span> <span class='ocrx_word' id='word_1_821' title='bbox 3487 4846 3705 4901; x_wconf 88' lang='lat' dir='ltr'><strong>Omnes</strong></span> 
     </span>
    </p>
   </div>
   <div class='ocr_carea' id='block_1_113' title="bbox 2048 4934 3707 5007">
    <p class='ocr_par' dir='ltr' id='par_1_113' title="bbox 2048 4934 3707 5007">
     <span class='ocr_line' id='line_1_113' title="bbox 2048 4934 3707 5007; baseline -0.001 -16"><span class='ocrx_word' id='word_1_822' title='bbox 2048 4934 2399 4991; x_wconf 88' lang='lat' dir='ltr'><strong>moriemur.</strong></span> <span class='ocrx_word' id='word_1_823' title='bbox 2411 4934 2562 4991; x_wconf 87' lang='lat' dir='ltr'><strong>Tulit</strong></span> <span class='ocrx_word' id='word_1_824' title='bbox 2573 4934 2751 5004; x_wconf 90' lang='lat' dir='ltr'><strong>igitur</strong></span> <span class='ocrx_word' id='word_1_825' title='bbox 2770 4934 3030 5007; x_wconf 81' lang='lat' dir='ltr'><strong>pOpulus</strong></span> <span class='ocrx_word' id='word_1_826' title='bbox 3043 4948 3437 5006; x_wconf 90' lang='lat' dir='ltr'><strong>consparsam</strong></span> <span class='ocrx_word' id='word_1_827' title='bbox 3452 4934 3707 4991; x_wconf 86' lang='lat' dir='ltr'><strong>farinam</strong></span> 
     </span>
    </p>
   </div>
   <div class='ocr_carea' id='block_1_114' title="bbox 2048 5022 3707 5096">
    <p class='ocr_par' dir='ltr' id='par_1_114' title="bbox 2048 5022 3707 5096">
     <span class='ocr_line' id='line_1_114' title="bbox 2048 5022 3707 5096; baseline -0.003 -16"><span class='ocrx_word' id='word_1_828' title='bbox 2048 5027 2376 5096; x_wconf 90' lang='lat' dir='ltr'><strong>antequam</strong></span> <span class='ocrx_word' id='word_1_829' title='bbox 2404 5023 2856 5080; x_wconf 87' lang='lat' dir='ltr'><strong>fermentaretur</strong></span> <span class='ocrx_word' id='word_1_830' title='bbox 2890 5041 2901 5078; x_wconf 90' lang='lat'><strong>:</strong></span> <span class='ocrx_word' id='word_1_831' title='bbox 2929 5027 2984 5079; x_wconf 85' lang='lat' dir='ltr'><strong>et</strong></span> <span class='ocrx_word' id='word_1_832' title='bbox 3008 5022 3206 5093; x_wconf 85' lang='lat' dir='ltr'><strong>ligans</strong></span> <span class='ocrx_word' id='word_1_833' title='bbox 3224 5023 3404 5095; x_wconf 73' lang='lat'><strong>209</strong></span> <span class='ocrx_word' id='word_1_834' title='bbox 3418 5023 3477 5079; x_wconf 93' lang='lat' dir='ltr'><strong>in</strong></span> <span class='ocrx_word' id='word_1_835' title='bbox 3496 5022 3707 5096; x_wconf 88' lang='lat' dir='ltr'><strong>palliis,</strong></span> 
     </span>
    </p>
   </div>
   <div class='ocr_carea' id='block_1_115' title="bbox 2049 5111 3710 5185">
    <p class='ocr_par' dir='ltr' id='par_1_115' title="bbox 2049 5111 3710 5185">
     <span class='ocr_line' id='line_1_115' title="bbox 2049 5111 3710 5185; baseline -0.005 -16"><span class='ocrx_word' id='word_1_836' title='bbox 2049 5112 2249 5185; x_wconf 89' lang='lat' dir='ltr'><strong>posuit</strong></span> <span class='ocrx_word' id='word_1_837' title='bbox 2269 5128 2448 5183; x_wconf 88' lang='lat' dir='ltr'><strong>super</strong></span> <span class='ocrx_word' id='word_1_838' title='bbox 2464 5112 2751 5168; x_wconf 90' lang='lat' dir='ltr'><strong>humeros</strong></span> <span class='ocrx_word' id='word_1_839' title='bbox 2776 5114 3233 5168; x_wconf 84' lang='lat' dir='ltr'><strong>suos.Fecerunt</strong></span> <span class='ocrx_word' id='word_1_840' title='bbox 3249 5112 3349 5168; x_wconf 84' lang='lat' dir='ltr'><strong>ﬁlii</strong></span> <span class='ocrx_word' id='word_1_841' title='bbox 3373 5111 3548 5168; x_wconf 85' lang='lat' dir='ltr'><strong>Israel</strong></span> <span class='ocrx_word' id='word_1_842' title='bbox 3560 5111 3710 5164; x_wconf 90' lang='lat' dir='ltr'><strong>sicut</strong></span> 
     </span>
    </p>
   </div>
   <div class='ocr_carea' id='block_1_116' title="bbox 2051 5198 3707 5275">
    <p class='ocr_par' dir='ltr' id='par_1_116' title="bbox 2051 5198 3707 5275">
     <span class='ocr_line' id='line_1_116' title="bbox 2051 5198 3707 5275; baseline -0.005 -19"><span class='ocrx_word' id='word_1_843' title='bbox 2051 5204 2413 5273; x_wconf 68' lang='lat' dir='ltr'><strong>praeceperat</strong></span> <span class='ocrx_word' id='word_1_844' title='bbox 2436 5200 2727 5255; x_wconf 91' lang='lat' dir='ltr'><strong>Dominus</strong></span> <span class='ocrx_word' id='word_1_845' title='bbox 2750 5201 2935 5274; x_wconf 89' lang='lat' dir='ltr'><strong>Moysi</strong></span> <span class='ocrx_word' id='word_1_846' title='bbox 2963 5221 2978 5256; x_wconf 87' lang='lat'><strong>:</strong></span> <span class='ocrx_word' id='word_1_847' title='bbox 3011 5206 3065 5258; x_wconf 93' lang='lat' dir='ltr'><strong>et</strong></span> <span class='ocrx_word' id='word_1_848' title='bbox 3091 5202 3387 5275; x_wconf 90' lang='lat' dir='ltr'><strong>petierunt</strong></span> <span class='ocrx_word' id='word_1_849' title='bbox 3415 5200 3491 5253; x_wconf 90' lang='lat' dir='ltr'><strong>ab</strong></span> <span class='ocrx_word' id='word_1_850' title='bbox 3532 5198 3707 5265; x_wconf 64' lang='lat' dir='ltr'><strong>zEgy-</strong></span> 
     </span>
    </p>
   </div>
   <div class='ocr_carea' id='block_1_117' title="bbox 2050 5283 3701 5361">
    <p class='ocr_par' dir='ltr' id='par_1_117' title="bbox 2050 5283 3701 5361">
     <span class='ocr_line' id='line_1_117' title="bbox 2050 5283 3701 5361; baseline -0.008 -17"><span class='ocrx_word' id='word_1_851' title='bbox 2050 5288 2186 5361; x_wconf 89' lang='lat' dir='ltr'><strong>ptiis</strong></span> <span class='ocrx_word' id='word_1_852' title='bbox 2216 5303 2362 5344; x_wconf 89' lang='lat' dir='ltr'><strong>vasa</strong></span> <span class='ocrx_word' id='word_1_853' title='bbox 2384 5293 2663 5358; x_wconf 88' lang='lat' dir='ltr'><strong>argentea</strong></span> <span class='ocrx_word' id='word_1_854' title='bbox 2686 5294 2960 5353; x_wconf 87' lang='lat' dir='ltr'><strong>etaurea,</strong></span> <span class='ocrx_word' id='word_1_855' title='bbox 2983 5295 3332 5359; x_wconf 88' lang='lat' dir='ltr'><strong>vestemque</strong></span> <span class='ocrx_word' id='word_1_856' title='bbox 3368 5283 3701 5354; x_wconf 88' lang='lat' dir='ltr'><strong>plurimam.</strong></span> 
     </span>
    </p>
   </div>
   <div class='ocr_carea' id='block_1_118' title="bbox 2054 5370 3710 5450">
    <p class='ocr_par' dir='ltr' id='par_1_118' title="bbox 2054 5370 3710 5450">
     <span class='ocr_line' id='line_1_118' title="bbox 2054 5370 3710 5450; baseline -0.005 -19"><span class='ocrx_word' id='word_1_857' title='bbox 2054 5375 2220 5432; x_wconf 90' lang='lat' dir='ltr'><strong>Dedit</strong></span> <span class='ocrx_word' id='word_1_858' title='bbox 2249 5380 2448 5432; x_wconf 87' lang='lat' dir='ltr'><strong>autem</strong></span> <span class='ocrx_word' id='word_1_859' title='bbox 2472 5376 2757 5434; x_wconf 88' lang='lat' dir='ltr'><strong>Dominus</strong></span> <span class='ocrx_word' id='word_1_860' title='bbox 2780 5380 3035 5450; x_wconf 90' lang='lat' dir='ltr'><strong>gratiam</strong></span> <span class='ocrx_word' id='word_1_861' title='bbox 3056 5376 3279 5447; x_wconf 89' lang='lat' dir='ltr'><strong>populo</strong></span> <span class='ocrx_word' id='word_1_862' title='bbox 3315 5385 3516 5426; x_wconf 90' lang='lat' dir='ltr'><strong>coram</strong></span> <span class='ocrx_word' id='word_1_863' title='bbox 3536 5370 3710 5441; x_wconf 63' lang='lat' dir='ltr'><strong>:Egy-</strong></span> 
     </span>
    </p>
   </div>
   <div class='ocr_carea' id='block_1_119' title="bbox 2054 5457 3709 5543">
    <p class='ocr_par' dir='ltr' id='par_1_119' title="bbox 2054 5457 3709 5543">
     <span class='ocr_line' id='line_1_119' title="bbox 2054 5457 3709 5543; baseline -0.004 -21"><span class='ocrx_word' id='word_1_864' title='bbox 2054 5463 2194 5543; x_wconf 87' lang='lat' dir='ltr'><strong>ptiis</strong></span> <span class='ocrx_word' id='word_1_865' title='bbox 2212 5465 2877 5525; x_wconf 86' lang='lat' dir='ltr'><strong>utcommodarenteis:</strong></span> <span class='ocrx_word' id='word_1_866' title='bbox 2906 5472 2961 5521; x_wconf 93' lang='lat' dir='ltr'><strong>et</strong></span> <span class='ocrx_word' id='word_1_867' title='bbox 3011 5460 3421 5537; x_wconf 90' lang='lat' dir='ltr'><strong>spoliaverunt</strong></span> <span class='ocrx_word' id='word_1_868' title='bbox 3452 5457 3709 5535; x_wconf 66' lang='lat' dir='ltr'><strong>Egytios</strong></span> 
     </span>
    </p>
   </div>
  </div>
