4102 6176
446 277 547 336 371

1701 232 2157 321 BHEVIARIUM
2192 254 2590 318 'GOTHICUM.

3753 255 3864 318 37‘).

449 397 817 470 Profectique
841 397 978 452 sunt
1005 394 1109 451 ﬁlii
1147 393 1326 450 Israel
1348 393 1422 449 de
1447 393 1728 450 Ramesse
1765 392 1827 448 in
1859 387 2094 454 Socoth,
2127 385 2174 440 A
2203 383 2264 438 in
2292 383 2491 453 laude,
2513 387 2570 440 et
2585 384 2974 442 conﬁteamur
2994 381 3057 437 in
3069 378 3316 470 nomine
3344 395 3358 431 :
3380 392 3494 470 nos
3515 393 3761 470 quoque
3781 383 3869 440 ad

453 490 730 545 sexcenta
753 484 873 541 fere
893 482 1076 540 millia
1094 482 1364 554 peditum
1394 483 1682 546 virorum,
1715 479 1946 550 absque
1969 491 2100 548 par-

452 576 623 633 vulis.
635 574 739 631 Sed
753 573 1031 643 etvulgus
1045 571 1439 642 promiscuum
1453 568 1883 626 innumerabile
1898 577 2098 622 ascen-

454 665 540 720 dit
577 680 714 720 cum
744 663 850 727 eis,
878 677 1016 717 oves
1050 664 1106 716 et
1128 663 1400 716 armenta
1439 664 1495 715 et
1524 659 1855 714 animantia
1883 652 2101 711 diversi

456 752 688 824 generis
723 750 909 806 multa
937 749 1134 805 nimis.
1163 749 1574 820 Coxeruntque
1605 747 1883 814 farinam,
1914 758 2102 816 quam

454 841 687 896 dudum
701 853 1088 910 consparsam
1107 837 1180 892 de
1195 838 1446 908 Egypto
1460 836 1720 892 tulerunt
1740 855 1752 893 :
1771 839 1826 890 et
1837 833 2102 889 fecerunt

458 928 882 984 subcincricios
912 941 1099 997 panes
1120 940 1372 996 axymos
1397 942 1408 978 :
1432 939 1628 996 neque
1650 924 1809 979 enim
1824 923 2103 994 poterant

456 1012 794 1068 fermentari
823 1009 1167 1080 cogentibus
1188 1009 1344 1063 exire
1361 1008 1669 1079 ngyptiis,
1693 1012 1748 1063 et
1767 1005 1996 1062 nullam
2016 1003 2104 1059 fa-

458 1116 588 1155 cere
607 1097 934 1152 sinentibus
952 1111 1182 1152 moram
1206 1114 1220 1151 :
1236 1111 1347 1151 nec
1367 1095 1998 1167 pulmentiquicquam
2010 1107 2105 1147 oc-

459 1189 722 1242 currerat
733 1199 1122 1256 praeparasse.
1137 1183 1429 1241 Habitatio
1447 1188 1648 1240 autem
1657 1183 1918 1238 ﬁliorum
1930 1179 2107 1236 Israel

458 1289 579 1347 qua
592 1273 1060 1329 mansueruntin
1072 1270 1448 1343 zEgyptoJuit
1459 1271 1991 1342 quadragintorum
2012 1268 2108 1325 tri-

458 1363 621 1432 ginta
639 1375 956 1416 annorum.
975 1359 1200 1424 Quibus
1217 1359 1695 1430 expletis,eadem
1712 1359 1810 1414 die
1827 1372 2107 1427 egressus

461 1454 549 1504 est
586 1448 785 1504 omnis
815 1448 1105 1502 exercitus
1150 1447 1384 1502 Domini
1423 1447 1498 1502 de
1538 1452 1693 1503 terra
1730 1445 1981 1518 zEgypti.
2030 1456 2098 1516 Βι.

453 1543 670 1592 Ἀωθῐι.

534 1625 871 1694 Antiphonti
905 1629 952 1679 ί.
976 1623 1210 1695 Adjuva
1233 1639 1346 1679 nos
1378 1623 1535 1679 Deus
1560 1624 1836 1680 salutaris
1868 1626 2106 1680 noster:

463 1719 694 1784 propter
705 1712 947 1782 gloriam
959 1711 1210 1767 nominis
1228 1712 1312 1767 tui
1332 1712 1864 1768 Domine.Psalmus
1878 1727 2114 1770 Lxxvui.
2145 1717 2190 1788 Β

537 1801 762 1857 Orat-io.
793 1800 1088 1872 Propitius
1117 1804 1243 1856 esto
1279 1801 1537 1871 peccatis
1575 1800 1796 1856 nostris
1824 1800 2073 1856 Domine
2097 1818 2111 1867 ;

465 1895 521 1945 et
549 1894 791 1961 propter
815 1890 1107 1946 honorem
1127 1889 1389 1946 nominis
1413 1889 1496 1945 tui
1513 1889 1774 1961 perfecta
1788 1905 1898 1945 nos
1915 1905 2116 1946 recrea

464 1977 731 2034 libertate
755 1997 768 2033 :
800 1993 927 2045 nec,
956 1978 1104 2033 dum
1125 1981 1328 2033 nostro
1343 1982 1727 2050 peccatorum
1750 1978 1942 2047 elogio
1959 1978 2117 2034 adte-

465 2066 670 2136 rimur,
691 2067 751 2121 in
768 2064 1162 2137 opprobrium
1180 2066 1447 2135 gentium
1467 2066 1814 2136 redigamur
1845 2108 1859 2121 .
1883 2067 2034 2136 Ergo
2053 2071 2117 2122 ut

466 2171 577 2210 nos
591 2155 897 2210 severitate
915 2169 1036 2210 non
1054 2154 1271 2225 punias
1291 2168 1485 2224 poenae
1503 2173 1516 2223 ;
1540 2170 1790 2210 causam
1805 2154 1980 2210 nobis
1997 2169 2117 2210 sce-

467 2243 658 2299 lerum
683 2242 858 2298 ablue
893 2259 904 2298 z
935 2247 1112 2314 atque
1131 2242 1194 2298 in
1219 2248 1547 2314 conspectu
1559 2247 1663 2301 tuo
1684 2244 1941 2315 gemitus
1956 2260 2114 2300 com-

466 2331 806 2403 peditorum
829 2331 1083 2388 introeat
1109 2348 1122 2397 ;
1152 2334 1217 2387 ut
1235 2331 1309 2386 de
1335 2331 1566 2388 occulto
1586 2335 1690 2389 tuo
1715 2332 1780 2388 in
1794 2332 2116 2390 manifesto

468 2424 675 2476 nostro
707 2420 895 2489 gratia
908 2418 1141 2475 indulta
1169 2419 1462 2490 procedat.
1489 2429 1557 2489 Bg.
1595 2422 1804 2477 Amen.

540 2509 644 2564 Per
671 2507 1144 2564 misericordiam
1167 2513 1358 2564 tuam.

542 2597 884 2664 Antiphona
906 2600 961 2652 2.
983 2595 1194 2650 Libera
1230 2609 1342 2650 nos
1369 2595 1618 2652 Domine
1639 2599 1881 2667 propter
1895 2611 2118 2653 nomen

477 2691 648 2741 tuum
677 2701 689 2739 :
714 2689 770 2740 et
797 2687 1003 2740 notam
1033 2682 1127 2738 fac
1152 2681 1327 2738 nobis
1373 2684 1702 2754 potentiam
1730 2689 1918 2742 tuam.
1952 2686 2118 2742 Psal-

470 2788 600 2828 mus
628 2787 725 2827 CV.

543 2860 765 2916 Oratio.
801 2858 974 2916 Salva
1000 2873 1130 2928 nos,
1165 2858 1434 2926 Domine,
1458 2860 1563 2932 qui
1584 2864 1791 2917 auctor
1818 2877 1880 2918 es
1902 2867 2118 2919 nostras

473 2949 681 3007 salutis
715 2950 812 3004 :et
850 2963 1150 3018 congrega
1179 2962 1289 3003 nos
1337 2948 1411 3004 de
1463 2948 1845 3017 nationibus;
1893 2952 1998 3024 qui
2033 2968 2120 3008 re-

472 3037 729 3129 demptis
756 3035 1017 3129 libertas,
1045 3041 1114 3129 et
1128 3035 1459 3129 redemptio
1499 3037 1690 3093 factus
1719 3054 1782 3093 es
1810 3038 2073 3096 liberatis
2102 3059 2114 3097 :
2150 3072 2189 3129 ρ

473 3125 740 3182 Concede
765 3124 964 3194 itaque
976 3122 1170 3187 nobis,
1190 3127 1253 3178 ut
1268 3123 1371 3194 qui
1385 3139 1546 3179 nunc
1559 3126 1858 3182 malorum
1869 3130 2118 3199 permix-

473 3215 631 3271 tione
661 3211 1042 3283 gemimus,te
1064 3214 1406 3282 protegente
1419 3227 1488 3267 ac
1499 3211 1872 3279 decernente,
1891 3217 2120 3275 intran-

473 3301 781 3375 quillitate,
830 3315 951 3371 qua
993 3300 1240 3356 Sanctos
1291 3298 1567 3372 suscipis,
1619 3301 2015 3372 gaudeamus.
2050 3317 2116 3378 Bg.

473 3396 682 3446 Amen.

546 3479 678 3534 Per.

545 3567 897 3632 Antiphonti.
918 3566 970 3619 3.
1005 3564 1183 3621 Visita
1221 3579 1350 3630 nos,
1384 3565 1653 3632 Domine,
1688 3567 1750 3624 in
1781 3570 1967 3627 salute
1998 3575 2117 3629 tua.

477 3656 758 3709 Psalmus
789 3669 879 3708 cv.

551 3753 612 3810 8;.
634 3740 920 3807 Miserere,
946 3745 1002 3796 et
1017 3756 1195 3811 parce
1211 3741 1408 3808 nobis,
1431 3743 1699 3813 Domine,
1721 3747 1826 3820 qui
1847 3748 2124 3820 pietatem

477 3830 612 3902 plus
637 3828 849 3898 diligis,
883 3844 1063 3900 quam
1082 3828 1374 3898 judicium
1394 3831 1648 3904 requiris
1674 3852 1686 3902 ;
1717 3838 1773 3891 et
1791 3835 1924 3892 ideo
1951 3839 2124 3894 dissi-

479 3916 674 3973 mulas
696 3922 942 3988 peccata
966 3935 978 3984 ;
1010 3918 1079 3972 P.
1105 3919 1174 3974 Ut
1193 3916 1422 3974 habeas
1441 3920 1662 3992 quibus
1685 3924 2041 3982 miserearis.
2061 3928 2121 3987 ῒ.

481 4005 778 4070 Confusio,
803 4011 858 4062 et
883 4005 1275 4077 Opprobrium
1307 4006 1440 4061 facti
1471 4024 1680 4065 sumus
1705 4012 2003 4082 omnibus,
2025 4016 2127 4088 qui

481 4095 819 4152 colebantte
837 4111 846 4149 :
863 4109 957 4158 ne,
974 4109 1349 4165 quaesumus,
1367 4096 1564 4152 tradas
1579 4114 1688 4155 nos
1704 4102 1765 4156 in
1783 4110 2126 4176 perpetuum

479 4199 674 4255 neque
697 4183 931 4240 auferas
957 4181 1428 4239 misericordiam
1456 4189 1642 4242 tuam.
1679 4191 1735 4243 P.
1781 4194 1848 4248 Ut
1875 4193 2125 4251 habeas.

480 4274 806 4330 Beiteretur
832 4283 900 4341 Ir.

552 4363 782 4417 Preces.
811 4360 1093 4415 Dicamus
1124 4375 1361 4416 omnes:
1414 4362 1680 4421 Miserere
1722 4367 1918 4436 nobis,
1949 4372 2124 4438 Deus,

482 4455 537 4506 P.
568 4451 835 4508 Miserere
856 4449 1049 4505 nobis.
1080 4449 1148 4510 tr.
1205 4449 1399 4504 Mundi
1448 4458 1638 4508 rector
1685 4461 1741 4510 et
1789 4458 2131 4532 redemptor

2204 471 2559 543 videndum,
2575 473 2788 529 elector
2796 489 2896 528 um
2911 475 3154 528 tuorum
3166 467 3380 524 excitet
3399 466 3644 525 bonitas
3669 485 3683 536 ;
3709 473 3767 527 et
3785 472 3868 530 ad

2205 560 2599 626 laudandum,
2625 562 2793 634 regni
2817 562 2902 618 tui
2931 559 3183 618 acciscat
3211 556 3534 616 hereditas.

2279 652 2446 706 Pater
2482 656 2700 707 noster.

2847 773 2947 829 Ad
2967 772 3224 828 Sextam.

2280 889 2610 962 Prophetia.
2641 891 2852 958 Quaere
2892 889 2997 959 fol.
3031 890 3151 944 133.

2281 979 2631 1048 Antiphona
2663 984 2711 1032 1.
2734 978 2823 1033 Ad
2853 982 2908 1032 te
2936 977 3208 1032 levamus
3237 973 3448 1032 oculos
3470 979 3736 1043 nostros,
3763 979 3873 1050 qui

2210 1065 2446 1122 habitas
2472 1067 2534 1120 in
2555 1065 2741 1122 ccelis.
2769 1065 3039 1122 Psalmus
3063 1080 3232 1120 cxxu.

2286 1155 2512 1212 Oratio.
2545 1154 2703 1210 Sicut
2747 1169 3054 1210 servorum
3079 1155 3146 1208 in
3166 1151 3448 1209 manibus
3477 1153 3874 1211 Dominarum

2214 1259 2462 1300 suorum
2497 1248 2634 1298 sunt
2652 1242 2809 1298 oculi
2838 1241 3152 1309 ;itanostri
3178 1241 3257 1297 ad
3279 1241 3873 1314 te,Domine,quous-

2213 1348 2332 1405 que
2347 1336 2403 1388 et
2425 1331 2814 1403 peccantibus
2829 1347 3054 1388 noxam
3072 1331 3358 1394 dimittas,
3376 1334 3435 1386 et
3448 1331 3876 1403 vapulantium

2215 1419 2426 1492 plagas
2435 1419 2705 1476 eminuas
2721 1436 2734 1486 ;
2747 1419 3051 1491 impertias
3064 1418 3349 1475 alimenta
3359 1417 3656 1491 egenis;,et
3672 1419 3879 1477 mede—

2217 1508 2342 1564 lam
2370 1507 2596 1563 tribuas
2616 1507 2967 1566 vulneratis.
3010 1519 3078 1578 ἢ.
3120 1508 3335 1562 Amen.

2289 1597 2398 1651 Per
2425 1596 2926 1652 misericordiam.

2290 1686 2641 1754 Antiphona
2667 1689 2720 1740 2.
2746 1688 3030 1741 Converte
3060 1686 3309 1741 Domine
3339 1684 3741 1756 captivitatem
3766 1701 3881 1743 no-

2222 1777 2427 1842 stram,
2459 1774 2610 1830 sicut
2639 1778 2868 1830 torrens
2898 1773 2959 1829 in
2998 1778 3221 1830 austro.
3255 1774 3523 1829 Psalmus
3549 1789 3724 1829 cxxv.

2299 1862 2521 1918 Oratio.
2547 1864 2902 1918 Convertere
2919 1862 3166 1918 Domine
3183 1862 3585 1934 captivitatem
3605 1866 3882 1920 nostram

2219 1951 2300 2009 ab
2319 1952 2936 2008 inlecebrosisinimici
2949 1952 3396 2008 seductionibus
3411 1952 3768 2008 redimendo
3790 1970 3807 2009 :
3827 1957 3882 2010 et

2222 2042 2385 2112 reple
2407 2040 2814 2097 consolatione
2830 2040 3234 2110 indulgentiae,
3257 2055 3411 2112 quos
3425 2040 3730 2097 desolatas
3747 2056 3881 2113 pro-

2223 2129 2396 2200 spicis
2407 2129 2480 2185 ob
2505 2131 2687 2186 admis
2696 2130 2915 2185 sionem
2928 2130 3201 2200 nequitiae
3216 2149 3227 2188 :
3243 2129 3317 2185 da
3328 2128 3877 2201 nobis,quszsumus,

2223 2217 2454 2274 contriti
2468 2217 2659 2273 cordis
2671 2218 3048 2274 humilitatem
3067 2233 3324 2289 quaerere
3337 2237 3354 2289 ;
3371 2218 3537 2289 etinq
3546 2219 3885 2274 uinamenta

2222 2320 2359 2376 quas
2373 2320 2482 2361 nos
2504 2305 3488 2377 polluunt,ﬂuentislachrymarum
3499 2305 3775 2364 abluere:
3803 2307 3886 2363 sic

2224 2393 2393 2449 etiam
2410 2394 2801 2450 confessionis
2819 2394 3079 2451 remedia
3100 2409 3373 2450 seramus
3395 2395 3457 2450 in
3473 2394 3890 2466 lachrymismt

2224 2481 2607 2551 indulgentiae
2640 2481 2864 2538 fructus
2887 2485 3184 2538 metamus
3203 2483 3264 2539 in
3290 2482 3546 2553 gaudiis.
3580 2495 3644 2554 ne.
3667 2489 3888 2541 Amen.

2296 2573 2401 2625 Per
2425 2570 2921 2626 misericordiam.

2295 2659 2636 2728 Antiphona
2658 2665 2710 2716 3.
2728 2659 3065 2716 Benedictio
3087 2660 3323 2716 Domini
3339 2675 3520 2732 super
3533 2676 3643 2717 vos
3668 2662 3889 2718 :bene-

2227 2746 2501 2802 dicamus
2533 2763 2641 2803 vos
2689 2747 2751 2803 in
2770 2748 3014 2804 nomine
3049 2748 3302 2804 Domini.
3329 2749 3609 2807 Psalmus
3638 2765 3885 2807 cxxvm.

2302 2836 2352 2904 2
2368 2837 2478 2905 10
2509 2835 2570 2896 ll.
2603 2838 2850 2892 Peccata
2877 2840 3086 2892 nostra
3110 2835 3495 2892 dominantur
3519 2838 3718 2904 nobis,
3746 2845 3808 2894 et
3826 2839 3887 2895 in

2227 2922 2608 2980 tribulatione
2622 2939 2847 2993 magna
2867 2941 3098 2982 sumus.
3111 2925 3172 2982 P.
3190 2925 3425 2982 l’lacare
3441 2926 3588 2996 jam,
3606 2927 3887 2994 Domine,

2227 3017 2283 3069 et
2308 3011 2496 3069 libera
2516 3028 2647 3069 nos.
2675 3013 2737 3073 ἲν.
2752 3013 3139 3070 Peccavimus
3164 3030 3303 3070 cum
3330 3014 3600 3086 patribus
3613 3016 3853 3072 nostris
3877 3035 3887 3071 :

2224 3101 2443 3172 injuste
2456 3102 3086 3174 egimus,iniquitatem
3107 3102 3376 3159 fecimus.
3401 3103 3464 3159 P.
3485 3104 3892 3163 Placare.Rei-

2228 3195 2451 3246 teretur
2480 3202 2542 3259 BI.

2297 3279 2531 3336 Preces.
2563 3279 2788 3335 Exaudi
2805 3295 2936 3344 nos,
2960 3280 3230 3349 Domine,
3254 3280 3506 3337 exaudi:
3533 3283 3592 3337 P.
3618 3285 3686 3339 Et
3708 3283 3894 3340 mise-

2226 3373 2390 3424 ratus
2422 3367 2584 3426 dona
2609 3368 2786 3424 nobis
2805 3369 3066 3426 veniam.
3079 3370 3143 3430 it.
3156 3369 3458 3427 Altissime
3470 3370 3659 3428 factor
3675 3373 3823 3429 cceli
3837 3379 3895 3430 et

2229 3461 2419 3526 terrae,
2452 3462 2766 3527 peccatum
2795 3462 3065 3514 nostrum
3087 3458 3335 3515 dimitte.
3360 3460 3421 3513 P.
3451 3458 3520 3516 Et
3544 3461 3890 3518 miseratus.

2229 3543 2292 3603 ἡ.
2325 3543 2466 3599 Vide
2493 3545 2741 3600 Domine
2778 3545 2970 3617 plebis
2999 3550 3117 3601 tuae
3145 3545 3410 3603 lamenta
3438 3566 3451 3602 :
3486 3548 3730 3604 effunde
3754 3549 3894 3620 plu-

2231 3631 2391 3687 viam
2418 3632 2669 3702 largam.
2699 3636 2758 3688 P.
2793 3637 2860 3690 Et
2887 3635 3222 3690 miseratus.
3245 3635 3305 3695 ἡ.
3342 3636 3600 3706 Dimitte,
3633 3652 3770 3709 qum
3793 3653 3894 3709 ge-

2233 3724 2462 3776 mentes
2484 3720 2761 3787 fatemur,
2795 3725 2853 3777 et
2879 3726 3098 3793 presta,
3134 3738 3270 3795 quae
3299 3723 3700 3794 postulamus.
3729 3724 3793 3779 P.
3831 3727 3892 3780 Et

2235 3807 2576 3867 miseratus.
2614 3810 2681 3869 il.
2721 3813 3004 3866 Succurre
3021 3812 3149 3881 jam
3170 3811 3885 3883 pcenitentibus,Christe,

2235 3913 2305 3953 ac
2326 3913 2531 3969 preces
2559 3899 2833 3954 omnium
2875 3899 3034 3955 audi.
3070 3902 3128 3954 P.
3161 3901 3226 3955 Et
3257 3901 3594 3956 miseratus.

2307 3989 2593 4058 Hymnus.
2627 3992 2670 4045 Ο
2698 3992 3011 4054 Nazarene,
3035 3989 3157 4045 lux.
3192 3990 3400 4057 Quaere
3417 3992 3530 4060 fol.
3565 3990 3690 4047 144.
3717 3992 3892 4061 ϐαρὺ

2238 4077 2389 4133 tula.
2443 4078 2689 4135 Domine
2733 4081 2872 4134 Jesu
2917 4078 3160 4144 Christe,
3203 4079 3300 4149 qui
3343 4093 3452 4151 pro
3490 4084 3734 4137 nostrae.
3775 4079 3887 4150 fol.

2243 4168 2358 4220 160.

2825 4272 2919 4328 Ad
2949 4274 3283 4343 Vesperum.

2308 4377 2530 4432 Lauda.
2568 4377 2662 4432 Sol
2694 4377 2938 4447 agnovit.
2971 4395 3256 4435 occasum
3287 4394 3485 4434 suum.
3538 4379 3793 4436 Posuisti
3821 4385 3894 4436 te-

2239 4463 2479 4529 nebras,
2521 4468 2578 4519 et
2595 4463 2750 4520 facta
2780 4470 2864 4519 est
2893 4482 3032 4521 nox.

480 4543 617 4596 Jesu
648 4539 888 4610 Christe,
936 4554 1135 4594 rerum
1179 4543 1362 4607 actor,
1413 4542 1474 4596 P.
1519 4543 1783 4600 Miserere
1839 4547 2031 4602 nobis.
2066 4549 2126 4608 ἢν.
2165 4532 2208 4585 D
2312 4554 2599 4607 Dominus
2651 4552 2721 4608 sit
2749 4569 2984 4625 semper
3017 4555 3348 4611 vobiscum.
3397 4565 3459 4624 Βε.
3493 4557 3559 4610 Et
3604 4572 3748 4613 cum
3779 4555 3893 4629 spi-

484 4629 591 4695 Qui
622 4629 874 4685 exaudis
914 4627 1319 4694 obsecrantes,
1361 4635 1416 4687 et
1445 4638 1749 4702 gementes
1774 4634 2040 4692 intueris.
2070 4639 2128 4693 P.

482 4719 748 4774 Miserere
769 4716 966 4774 nobis.
993 4715 1054 4777 tr.
1075 4716 1252 4773 Parce
1274 4720 1496 4777 nostris
1516 4722 1644 4793 jam
1667 4721 2130 4790 delictis,favens

481 4805 711 4862 vultum
743 4804 997 4878 pietatis.
1022 4803 1082 4858 P.
1117 4805 1384 4863 Miserere
1403 4809 1598 4866 nobis.
1629 4809 1689 4870 il.
1719 4812 1904 4882 Hujus
1937 4813 2125 4882 urbis,

483 4899 658 4964 atque
675 4895 863 4964 plebis
887 4899 1265 4951 conservator
1281 4901 1406 4954 esto
1425 4898 1586 4970 vigil.
1619 4900 1681 4954 P.
1732 4901 1994 4958 Miserere
2028 4919 2132 4958 no-

481 4981 600 5037 bis.
647 4981 708 5040 if.
743 4983 1124 5039 Peccavimus
1140 4985 1263 5052 tibi,
1279 4987 1430 5044 Deus
1456 5004 1465 5043 :
1482 4988 1918 5060 indulgentiam
1932 4997 2131 5062 postu-

482 5072 697 5126 lamus.
731 5071 792 5123 P.
828 5072 1094 5128 Miserere
1126 5075 1324 5130 nobis.

551 5162 843 5230 Hymnus.
873 5161 916 5216 Ο
933 5162 1251 5232 Nazarene,
1274 5164 1375 5220 lux
1399 5165 1754 5223 Bethlehem.
1788 5169 1994 5236 Quazre
2013 5171 2124 5240 fol.

488 5255 604 5307 144.

551 5341 853 5410 Capitula.
890 5339 1097 5396 Salvos
1115 5355 1224 5396 nos
1246 5340 1360 5406 fac,
1386 5343 1633 5400 Domine
1661 5347 1816 5402 Deus
1842 5353 2128 5415 noster,et

477 5430 534 5483 in
550 5430 736 5486 salute
751 5435 853 5486 tua
873 5428 1047 5485 visita
1072 5447 1082 5484 :
1102 5445 1210 5484 nec
1231 5429 1557 5500 iniquitatis
1569 5439 1789 5490 nostra:
1807 5437 2124 5508 pmna,sed

480 5516 705 5573 timoris
725 5518 808 5574 tui
829 5534 938 5574 nos
957 5517 1550 5590 humilietdisciplina
1570 5539 1583 5586 ;
1606 5527 1667 5576 ut
1686 5526 1786 5579 tua
1802 5523 2126 5595 gloriemur

2239 4643 2355 4699 ritu
2386 4646 2509 4698 tuo.

2309 4732 2679 4800 Antiphona.
2704 4732 2858 4787 Deus
2899 4737 2962 4788 tu
2988 4738 3342 4789 convertens
3369 4732 3708 4790 viviﬁcabis
3731 4749 3840 4790 nos
3876 4751 3890 4785 :

2240 4826 2294 4877 et
2320 4821 2490 4891 plebs
2515 4824 2618 4876 tua
2636 4819 2933 4877 laetabitur
2962 4822 3020 4876 in
3054 4826 3129 4878 te.
3160 4821 3430 4878 Psalmus
3460 4839 3698 4878 Lxxxiv.

2309 4909 2527 4965 Lauda.
2563 4909 2768 4965 Veniat
2799 4926 3125 4982 supernos,
3174 4911 3440 4976 Domine,
3478 4911 3892 4967 misericordia

2240 5003 2339 5054 tua
2375 4999 2477 5052 :P.
2513 4996 2776 5054 Salutare
2823 5003 3012 5067 tuum,
3054 5004 3109 5055 et
3158 4999 3466 5072 eloquium
3508 5003 3700 5055 tuum.
3735 4999 3793 5058 ἴ.
3831 5001 3898 5054 Et

2238 5085 2618 5160 respondebo
2632 5085 3127 5158 exprobrantibus
3145 5087 3288 5143 mihi
3305 5087 3558 5143 verbum
3581 5106 3592 5142 :
3609 5087 3754 5160 quia
3766 5103 3899 5160 spe-

2237 5176 2361 5231 ravi
2385 5176 2442 5231 in
2476 5175 2851 5231 sermonibus
2884 5176 3020 5233 tuis.
3052 5177 3111 5233 P.
3143 5175 3406 5232 Salutare
3439 5181 3628 5232 tuum.
3659 5176 3724 5237 it.
3765 5175 3898 5233 Glo-

2237 5265 2342 5329 ria,
2363 5269 2418 5319 et
2461 5265 2673 5321 honor.
2707 5265 2763 5319 Ρ.
2795 5265 3085 5320 Salutare.

2308 5355 2604 5421 Hymnus.
2643 5353 2865 5408 Christe
2888 5369 3213 5423 precamur.
3256 5355 3333 5409 Et
3365 5354 3665 5422 Capitula.
3697 5357 3892 5410 Nona-

2237 5455 2368 5493 rum
2421 5442 2708 5495 Horarum
2755 5442 2980 5512 spatiis.
3023 5442 3171 5510 folio
3223 5447 3335 5498 I75.
3381 5442 3612 5500 Lauda.
3665 5445 3729 5496 ln
3769 5445 3889 5497 toto

2235 5527 2405 5583 corde
2434 5544 2567 5584 meo
2599 5530 2914 5598 Deus.f0l.
2953 5533 3076 5585 207.
