4102 6176
957 388 1227 433 εΔΒΒΔτο.

774 462 861 518 Ad
886 462 1272 521 Matutinum.

266 552 716 622 Antz’phonalu
741 555 940 608 autem
972 553 1532 609 Domine.Psalmus
1551 547 1859 605 111.0ratio.

196 642 485 708 Quamvis
519 642 788 697 Domine.
825 642 1031 707 Quaere
1051 642 1165 711 fol.
1190 646 1307 698 141.

264 729 617 799 Antiphona
642 734 691 784 i.
715 730 1119 787 Conﬁteamur
1140 731 1393 787 Domino
1421 724 1861 786 misericordias

196 820 351 890 ejus:
385 824 440 875 et
464 817 917 875 mirabiliaﬁliis
949 819 1287 877 hominum.
1334 820 1608 876 Psalmus
1637 832 1749 871 cvr.

269 909 502 965 Oratio.
534 907 936 964 Conﬁteamur
956 907 1084 972 tibi,
1113 908 1381 979 Domine,
1416 903 1857 963 misericordias

1364 242 1713 306 DOMINICA
1751 239 1802 297 II
1840 235 2451 310 QUADRAGESIME.

1900 362 1947 417 Α
2050 369 2170 441 Ego
2201 380 2402 434 autem
2426 380 2584 451 quis,
2615 381 2634 399 '
2663 382 2721 437 et
2742 380 3005 452 populus
3025 394 3186 438 meus
3213 381 3447 455 quia,ut
3473 396 3615 455 pos-

3518 259 3621 316 374

1977 455 2166 515 simus
2194 463 2325 521 haec
2344 468 2456 525 tibi
2487 469 2770 525 universa
2793 469 3133 540 promittere
3158 471 3187 526 ἵ

2042 549 2164 605 Tua
2190 559 2327 608 sunt
2355 558 2559 613 omnia
2588 574 2601 612 :
2642 562 2697 613 et
2724 573 2861 629 quae
2888 557 2962 613 de
3006 572 3196 614 manu
3242 562 3343 616 tua
3384 560 3607 633 accepi-

1970 648 2127 703 mus,
2159 639 2435 699 dedimus
2463 645 2591 701 tibi.

2040 723 2340 796 Peregrini
2370 733 2529 789 enim
2562 750 2771 790 sumus
2804 749 3008 791 coram
3022 738 3095 800 te,
3110 736 3131 754 "
3151 737 3208 791 et
3226 733 3605 799 advenm,sio-

1965 814 2030 866 ut
2058 828 2269 873 omnes
2299 824 2497 889 patres
2520 822 2725 879 nostri.

2039 903 2090 971 2
2105 906 2147 973 1
2167 907 2208 975 1
2240 907 2372 964 Dies
2387 911 2577 967 nostri
2598 912 2771 983 quasi
2801 911 3031 969 umbrae
3058 926 3238 984 super
3252 914 3493 980 terram,
3513 914 3533 935 ⁶
3553 914 3611 970 et

190 999 330 1053 tuas
361 1013 376 1063 ;
405 996 626 1069 quibus
656 1011 770 1052 nos
799 996 874 1051 de
898 996 1137 1053 interitu
1164 997 1443 1063 redimis;
1475 1000 1533 1052 et
1560 996 1634 1051 de
1666 992 1855 1063 regio-
1960 989 2131 1047 nulla
2152 998 2243 1051 est
2271 1012 2465 1054 mora.

197 1085 383 1140 nibus
401 1088 797 1157 congregatos
810 1100 1402 1158 errorum,compage
1440 1081 1761 1146 charitatis,
1776 1079 1851 1133 ﬁ-

183 1173 281 1230 dei
302 1175 651 1230 assensione
681 1174 1019 1244 conjungis.
1038 1184 1102 1245 Βρ.
1129 1177 1345 1231 Amen.

263 1266 373 1320 Per
410 1262 887 1320 misericordiam
920 1270 1104 1320 tuam.

261 1354 310 1409 A
322 1354 617 1423 ntipliona
640 1354 783 1409 2.De
800 1353 1253 1410 necessitatibus
1270 1352 1492 1410 nostris
1511 1350 1695 1406 libera
1710 1364 1841 1415 nos,

186 1442 457 1497 Domine.
490 1443 788 1498 Psalmus.
818 1456 938 1498 cvr.

256 1531 474 1585 Oratio.
507 1530 588 1585 De
635 1529 1088 1586 necessitatibus
1134 1529 1351 1585 nostris
1376 1527 1563 1584 libera
1588 1542 1702 1582 nos
1734 1527 1842 1580 Do-

2032 1078 2283 1140 Domine
2300 1088 2454 1142 Deus
2466 1088 2861 1156 meus,omnis
2872 1090 3001 1145 hinc
3029 1088 3417 1161 copia,quam
3437 1104 3603 1147 com-

1956 1171 2167 1237 paravi
2196 1176 2261 1227 ut
2276 1174 2598 1232 aediﬁcetur
2627 1177 3081 1234 domusnomini
3108 1181 3313 1234 sancto
3343 1180 3465 1241 tuo,
3488 1179 3507 1196 ‘
3526 1176 3602 1232 de

1952 1269 2140 1312 manu
2175 1264 2280 1316 tua
2307 1268 2410 1319 est.

1991 1344 2156 1440 nscio
2178 1348 2336 1440 Deus
2362 1367 2535 1440 meus
2566 1354 2734 1425 quod
2761 1354 2987 1425 probas
3013 1354 3218 1420 corda,
3246 1355 3264 1373 “
3284 1357 3340 1411 et
3371 1353 3599 1427 simpli-

1954 1436 2189 1491 citatem
2227 1436 2444 1507 diligis.

2024 1524 2187 1580 Unde
2209 1530 2264 1581 et
2276 1528 2462 1596 egoin
2480 1529 2856 1601 simplicitate
2873 1531 3068 1587 cordis
3084 1531 3203 1587 mei
3213 1530 3383 1587 laetus
3407 1530 3597 1588 obtuli

180 1619 342 1673 mine
368 1636 381 1671 :
412 1620 472 1674 et
503 1619 846 1675 animarum
898 1622 1241 1675 nostrarum
1283 1617 1541 1673 inediam
1569 1615 1733 1671 verbi
1756 1615 1841 1671 tui
1867 1686 1903 1692 _
1948 1610 2229 1670 universa
2257 1615 2417 1672 haec:
2450 1618 2471 1639 '
2504 1624 2560 1674 et
2592 1619 2884 1690 populum
2900 1624 3103 1690 :tuum,
3138 1620 3243 1691 qui
3271 1618 3370 1676 hic
3397 1634 3596 1692 reper-

184 1706 362 1778 adipe
406 1723 635 1780 pasce;
685 1708 1079 1780 sedentesque
1131 1708 1193 1762 in
1231 1706 1486 1763 tenebris
1526 1710 1581 1762 et
1630 1703 1841 1760 umbra
1866 1686 1909 1741 Β
1947 1701 2041 1754 tus
2065 1706 2175 1768 est,
2203 1704 2326 1760 vidi
2352 1721 2489 1762 cum
2529 1686 2755 1777 ingenti
2799 1708 3022 1778 gaudio
3062 1686 3178 1765 tibi
3217 1707 3430 1765 offerre
3464 1686 3590 1766 “do-

180 1796 412 1862 mortis,
441 1795 593 1851 lucis
624 1800 739 1852 tuae
763 1796 1015 1853 inlustra
1043 1794 1382 1852 serenitate.
1423 1806 1487 1866 ﬁ.
1520 1797 1727 1849 Amen.

251 1884 365 1940 Per
387 1884 862 1942 misericordiam
892 1891 1079 1951 tuam,
1108 1886 1264 1940 Deus
1296 1887 1516 1949 noster,
1546 1887 1655 1938 etc.

246 1972 609 2042 Anti'phona
628 1976 835 2030 3.Mitte
853 1973 1103 2030 verbum
1122 1978 1178 2030 tu
1188 1989 1309 2037 um,
1342 1976 1399 2029 et
1428 1986 1576 2028 sana
1601 1986 1711 2027 nos
1726 1972 1836 2026 Do-

177 2059 352 2116 mine.
390 2061 697 2118 Psalmus.
722 2079 835 2119 cvr.

244 2148 471 2206 Oratio.
488 2151 645 2206 Mitte
657 2150 910 2206 verbum
937 2157 1104 2206 tuum
1126 2142 1373 2207 Domine
1398 2148 1475 2205 ad
1491 2147 1830 2204 sanandum

166 2250 274 2292 nos
303 2255 318 2291 :
344 2238 401 2295 et
435 2237 515 2294 de
566 2237 823 2303 interitu,
864 2254 985 2312 quo
1017 2243 1220 2295 nostro
1274 2237 1539 2309 pondere
1564 2235 1830 2308 procelli-

170 2340 319 2392 mur,
355 2342 501 2382 erue
530 2331 630 2383 :ut
659 2327 805 2399 quia
824 2342 954 2398 nos,
992 2325 1574 2391 meminimus,Verbi
1602 2325 1686 2380 tui
1716 2324 1829 2380 for-

169 2419 358 2471 matos
395 2415 670 2487 opiﬁcio:
696 2416 829 2487 ejus
858 2428 1103 2471 rursum
1132 2415 1524 2471 reformemur
1548 2413 1825 2485 imperio.

167 2505 396 2572 Tunos,
427 2504 581 2559 dum
603 2503 979 2570 tribulamur,
1010 2504 1337 2560 clamantes
1371 2502 1588 2558 exaudi
1619 2519 1631 2568 ;
1656 2517 1725 2557 ac
1751 2502 1826 2557 de

167 2591 385 2649 infestis
407 2592 913 2650 neccessitatibus
941 2593 1133 2650 tribue
1174 2592 1503 2648 libertatem
1547 2607 1559 2643 :
1595 2591 1748 2646 utad
1770 2593 1823 2646 te

164 2679 235 2736 de
255 2681 641 2737 confessione
667 2685 870 2738 nostra
886 2681 1149 2737 laudatio
1178 2679 1463 2753 procedat
1492 2698 1505 2748 ;
1542 2683 1599 2735 et
1618 2693 1821 2734 coram

160 2768 291 2825 ﬁliis
322 2770 640 2826 hominum
661 2770 1046 2841 pronuntiata
1076 2785 1186 2825 nos
1216 2768 1548 2841 gratiﬁcent
1575 2765 1819 2823 mirabi-

161 2856 234 2913 lia
252 2862 380 2914 tua.
416 2868 488 2928 It.
526 2863 737 2914 Amen.

226 2948 331 3002 Per
353 2945 836 3003 misericordiam
864 2949 1050 3013 tuam,
1078 2946 1232 3001 Deus
1259 2949 1477 3001 noster.

1943 1802 2133 1845 naria.

2014 1879 2263 1936 Domine
2302 1882 2458 1939 Deus
2490 1884 3021 1952 Abraham,lsaac,
3038 1887 3096 1941 et
3120 1884 3321 1950 lsrael,
3344 1888 3589 1955 patrum

1940 1970 2305 2035 nostrorum,
2339 1972 2359 1992 “
2388 1973 2624 2029 custodi
2642 1973 2703 2028 in
2733 1977 3026 2029 aeternum
3042 1974 3199 2029 hanc
3218 1973 3589 2031 voluntatem

1940 2055 2135 2110 cordis
2165 2071 2394 2123 eorum,
2420 2066 2477 2116 et
2520 2075 2759 2134 semper
2778 2062 2839 2117 in
2870 2062 3251 2119 veneratione
3291 2065 3393 2119 tua
3413 2077 3587 2119 mens

1934 2142 2052 2201 ista
2074 2152 2441 2215 permaneat.

2009 2233 2231 2293 Oratio.
2255 2239 2329 2293 Te
2360 2238 2752 2311 amplissimae
2790 2239 3079 2310 largitatis
3130 2240 3455 2297 Dominum
3483 2241 3581 2297 de-

1934 2335 2271 2395 precamur,
2287 2328 2659 2384 utdonorum
2681 2328 3011 2385 caelestium
3027 2329 3264 2401 copiam
3294 2330 3369 2386 de
3397 2345 3585 2388 manu

1933 2412 2035 2466 tua
2060 2413 2448 2485 accipiamus,
2487 2433 2672 2489 quam
2699 2418 2806 2474 tibi
2852 2417 2933 2474 ob
2963 2417 3445 2475 constituendam
3473 2419 3583 2475 do-

1931 2512 2102 2554 mum
2134 2504 2300 2557 tuam
2330 2504 2388 2558 in
2420 2508 2635 2561 nostris
2657 2505 2938 2561 cordibus
2961 2520 3413 2577 praeparemus:
3448 2506 3583 2564 tibi-

1929 2601 2047 2657 que
2078 2589 2224 2644 votis
2251 2592 2649 2662 simplicibus,
2676 2608 2812 2665 quae
2826 2598 2928 2649 tua
2959 2598 3095 2649 sunt
3118 2594 3480 2656 offeramus:
3507 2612 3581 2653 ac
3610 2612 3613 2613 '

1929 2688 2151 2730 nomen
2168 2680 2339 2733 tuum
2372 2679 2661 2751 inclytum
2698 2680 3057 2737 multimoda
3071 2681 3580 2740 confessionelau-

1928 2761 2159 2819 demus.
2184 2774 2248 2835 BI.
2273 2771 2481 2823 Amen.

1998 2850 2106 2905 Per
2145 2852 2615 2911 misericordiam
2645 2859 2834 2912 tuam.
2865 2857 3041 2922 Deus,
3071 2859 3180 2912 etc.

1994 2937 2089 2993 Ad
2110 2939 2483 2998 Benedictus.
2522 2944 2876 3015 Antiphone.
2898 2945 2995 3016 |Sit
3025 2944 3312 3016 splendor
3338 2945 3575 3002 Domini

224 3046 287 3107 nr.
314 3035 578 3100 Quaerite
601 3050 698 3091 me
715 3036 775 3090 in
799 3034 1299 3105 angustiavestra,
1330 3034 1470 3090 dicit
1501 3034 1811 3092 Dominus.
1848 3031 1891 3089 C
1925 3026 2026 3082 Ι)Θὶ
2048 3030 2567 3102 nostrisupernos.
2592 3034 2668 3089 P.
2704 3035 2895 3104 Opera
2910 3049 3206 3090 manuum
3230 3038 3574 3091 nostrarum

156 3124 218 3180 Ρ.
255 3126 630 3195 Exurgentes
652 3130 789 3181 ante
819 3124 1014 3181 lucem
1044 3125 1456 3181 convertimini
1483 3129 1567 3180 :et
1606 3124 1808 3196 dicite;

154 3215 547 3271 Revertamur
585 3213 667 3270 ad
698 3213 886 3269 Deum
924 3217 1218 3269 nostrum.
1242 3214 1305 3275 γ.
1334 3214 1590 3279 Quaerite
1614 3214 1810 3270 Domi-

152 3317 295 3359 num
328 3304 475 3360 dum
490 3303 751 3359 inveniri
764 3306 958 3374 potest
981 3320 994 3356 :
1018 3304 1292 3359 invocate
1311 3319 1448 3359 eum
1462 3302 1607 3358 dum
1619 3318 1807 3375 prope

152 3396 250 3448 est.
286 3393 351 3448 P.
386 3394 762 3461 Exurgentes
786 3399 943 3448 ante.

768 3481 838 3536 In
866 3480 1193 3536 Laudibus.

216 3569 588 3640 Antiphona.
624 3570 735 3625 Cor
766 3568 1083 3625 contritum
1110 3571 1165 3625 et
1214 3566 1596 3625 humiliatum
1652 3570 1807 3624 Deus

146 3672 221 3712 ne
256 3656 587 3729 despicias.
616 3658 898 3714 Psalmus
924 3674 970 3710 L.

219 3746 449 3801 Oratio.
480 3745 691 3801 Cordis
714 3745 901 3801 nostri
920 3749 1164 3811 secreta,
1206 3744 1617 3817 quaequotidie
1651 3744 1806 3800 curis

144 3835 495 3891 carnalibus
519 3833 930 3902 sordidantur,
956 3833 1209 3905 hyssopi
1240 3833 1405 3889 verbi
1423 3833 1806 3904 tui,omnipo-

143 3925 272 3976 tens
292 3922 881 3994 Deus,adsparsione
904 3924 1301 3978 mandentur:
1326 3922 1563 3978 recedat
1580 3921 1802 3977 anobis
1861 3978 1867 3983 _

140 4008 402 4065 callidus
459 4012 789 4068 seminator
818 4027 830 4065 :
864 4012 927 4067 ut
954 4009 1219 4067 Christus
1257 4010 1518 4066 innobis
1560 4014 1803 4067 maneat

139 4097 519 4153 consolator.
544 4110 607 4169 ἢ.
638 4105 849 4156 Amen.

220 4184 340 4239 Per
357 4185 825 4245 misericordiam
846 4191 1031 4245 tuam.

215 4274 720 4343 Antz’p/iona.’l‘ua
748 4293 812 4333 es
834 4277 1084 4333 Domine
1114 4275 1582 4347 magniﬁcentia,
1615 4278 1670 4334 et
1698 4291 1801 4348 po-

139 4361 350 4429 tentia,
379 4368 436 4418 et
466 4363 691 4433 gloria:
726 4370 783 4421 et
808 4363 913 4420 tibi
945 4364 1099 4419 laus.

288 4454 605 4509 Canticum
630 4453 1168 4523 (Paralipomenon
1188 4453 1231 4517 I,
1259 4465 1395 4521 cap.
1436 4454 1619 4523 xxxx).

211 4542 567 4600 Benedictus
600 4558 665 4597 es
683 4541 932 4597 Domine
979 4544 1132 4597 Deus
1161 4540 1338 4597 Israel
1370 4542 1554 4613 patris
1582 4542 1800 4598 nostri'

139 4633 215 4689 ab
245 4638 473 4688 aeterno
500 4632 561 4686 in
587 4634 897 4685 aeternum.

205 4724 329 4777 Tua
350 4725 441 4776 est
456 4718 619 4774 enim
640 4719 887 4774 Domine
920 4718 1382 4788 magniﬁcentia,
1418 4723 1473 4773 et
1512 4720 1795 4790 potentia,

148 4814 195 4863 et
218 4810 430 4879 gloria,
460 4813 644 4879 atque
668 4807 947 4863 victoria:
984 4811 1040 4862 et
1062 4805 1161 4861 tibi
1181 4806 1344 4862 laus:

205 4897 435 4953 Cuncta
464 4897 629 4951 enim
662 4911 799 4969 qua;
840 4896 897 4951 in
930 4894 1081 4950 coelo
1114 4899 1271 4960 sunt,
1306 4901 1362 4950 et
1392 4911 1526 4967 quae
1549 4897 1608 4951 in
1646 4901 1800 4953 terra

154 4986 275 5036 sunt
307 4998 319 5037 :
363 4983 385 5003 ’
417 4986 598 5037 tuum
637 4980 883 5035 Domine
916 4994 1191 5049 regnum,
1218 4982 1273 5035 et
1292 4983 1355 5035 tu
1385 4994 1447 5034 es
1478 4996 1658 5051 super
1672 4996 1797 5036 om-

142 5083 243 5123 nes
279 5068 617 5141 principes.

203 5159 333 5212 Tum
358 5160 503 5212 sunt
536 5155 785 5217 divitias,
834 5160 890 5211 et
930 5159 1031 5212 tua
1059 5160 1149 5211 est
1173 5154 1400 5225 gloria:
1435 5156 1450 5171 '

142 5246 231 5299 tua
257 5246 442 5300 virtus
477 5247 535 5300 et
558 5243 826 5315 potentia
860 5243 952 5298 :in
982 5260 1167 5300 manu
1190 5248 1312 5313 [tua
1334 5243 1705 5313 magnitudo,
1739 5249 1795 5301 et

144 5329 449 5405 imperium
474 5333 820 5389 hominum.

198 5425 361 5479 Nunc
387 5424 576 5495 igitur
628 5421 1047 5479 conﬁtebimur
1075 5421 1202 5489 tibi,
1241 5424 1272 5457 ⁴⁸
1299 5429 1353 5480 et
1408 5422 1792 5481 laudabimus

144 5522 349 5570 nomen
382 5514 558 5571 tuum
590 5508 904 5583 inclytum.

1922 3114 2110 3185 dirige
2157 3133 2340 3190 super
2367 3135 2500 3178 nos.
2530 3121 2592 3181 Y.
2633 3122 2876 3194 Respice
2921 3122 2981 3177 in
3010 3137 3214 3179 servos
3250 3128 3403 3194 tuos,
3436 3124 3569 3181 etin

1922 3219 2106 3275 opera
2128 3209 2251 3275 tua,
2280 3212 2337 3263 et
2361 3208 2549 3280 dirige
2577 3209 2733 3267 ﬁlios
2756 3226 2990 3267 eorum.
3031 3212 3095 3267 P.
3122 3215 3185 3268 Et
3231 3227 3417 3283 opera
3444 3228 3572 3270 ma-

1920 3307 2112 3349 nuum
2143 3301 2485 3352 nostrarum
2499 3340 2511 3352 .

1993 3382 2323 3440 Canticum.
2353 3385 2701 3441 Benedictus
2722 3401 2785 3440 es
2815 3387 3080 3441 Domine.
3110 3386 3213 3455 fol.
3246 3389 3305 3441 ϐ.
3330 3387 3563 3443 Lauda.

1990 3472 2054 3524 In
2076 3473 2297 3528 sanctis
2319 3475 2448 3543 ejus
2501 3474 2742 3529 laudate
2776 3473 3120 3529 Dominum.
3145 3475 3214 3528 P.
3278 3474 3561 3532 Laudate.

2259 3562 2453 3618 Lectio
2482 3563 2629 3617 libri
2655 3562 2841 3617 Exodi
2857 3562 3027 3631 (Cap.
3056 3563 3223 3633 xvn).

1987 3655 2055 3715 ἢ.
2088 3646 2208 3702 Deo
2235 3650 2475 3717 gratias.

1988 3736 2051 3788 In
2076 3734 2188 3789 illis
2208 3735 2420 3791 diebus
2440 3753 2452 3791 ε
2482 3737 2746 3794 Profecta
2766 3740 2962 3794 omnis
2977 3739 3295 3795 multitudo
3305 3738 3563 3796 ﬁliorum

1914 3821 2090 3878 Israel
2120 3822 2194 3877 de
2212 3822 2448 3881 deserto
2462 3825 2560 3882 Sin
2592 3842 2692 3897 per
2705 3827 3056 3884 mansiones
3078 3843 3241 3895 suas,
3255 3829 3430 3899 juxta
3445 3844 3564 3884 ser-

1912 3924 2157 3965 monem
2188 3912 3003 3981 Domini,castrametatisunt
3032 3917 3093 3971 in
3110 3915 3562 3988 Raphidim,ubi

1911 4013 2034 4054 non
2046 4003 2171 4054 erat
2190 4015 2354 4071 aqua
2370 4001 2447 4057 ad
2459 4001 2792 4059 bibendum
2807 4004 3171 4075 populo.Qui
3182 4006 3203 4075 j
3214 4006 3406 4075 urgati
3422 4010 3561 4063 sunt

1911 4092 2118 4143 contra
2137 4088 2460 4159 Moysen,et
2482 4090 2788 4149 dixerunt:
2811 4094 2897 4149 Da
2912 4093 3103 4149 'nobis
3120 4098 3436 4165 aquam,ut
3469 4094 3560 4150 bi-

1908 4175 2143 4232 bamus.
2178 4178 2407 4241 Quibus
2432 4182 3030 4253 responditMoyses:
3064 4181 3217 4248 Quid
3228 4183 3558 4253 jurgamini

1908 4268 2115 4321 contra
2131 4267 2266 4321 me?
2287 4281 2391 4323 cur
2420 4270 2657 4326 tentatis
2673 4270 2996 4327 Dominum
3017 4272 3046 4327 ‘t
3078 4270 3266 4328 Sitivit
3289 4287 3432 4342 ergo
3459 4288 3560 4345 po-

1828 4375 1876 4430 D
1908 4352 2085 4425 pulus
2112 4352 2194 4409 ibi
2233 4370 2342 4427 pro
2366 4373 2541 4430 aquae
2562 4360 2828 4430 penuria,
2848 4367 2905 4416 et
2928 4361 3327 4417 murmuravit
3350 4365 3559 4419 contra

1907 4447 2146 4515 Moysen
2181 4465 2193 4503 :
2229 4448 2345 4502 Cur
2372 4462 2483 4503 nos
2512 4449 2670 4504 exire
2701 4448 2888 4505 fecisti
2907 4448 2980 4504 de
3012 4448 3284 4521 Egypto,
3314 4453 3381 4506 ut
3399 4450 3555 4506 oeci-

1906 4533 2079 4590 deres
2106 4551 2236 4599 nos,
2258 4540 2315 4591 et
2343 4536 2495 4592 ﬁlios
2516 4542 2844 4603 nostros,ac
2865 4538 3141 4607 jumenta
3161 4537 3300 4594 siti?
3321 4538 3555 4593 Clama—

1905 4624 2199 4679 vitantem
2226 4625 2458 4696 Moyses
2472 4626 2546 4681 ad
2564 4625 3146 4696 Dominum,dicens.
3171 4625 3553 4691 Quidfaciam

1905 4712 2131 4783 populo
2146 4713 2535 4770 huiciadhuc
2550 4714 2850 4785 pusillum,
2884 4715 3308 4787 etlapidabunt
3337 4713 3553 4769 me.Ait

1905 4801 2194 4855 Dominus
2224 4802 2299 4857 ad
2323 4805 2560 4873 Moysen
2584 4823 2596 4860 :
2622 4804 2915 4858 Antecede
2940 4804 3247 4874 pepulum,
3296 4806 3352 4857 et
3380 4818 3552 4859 sume

1906 4892 2104 4945 tecum
2135 4891 2208 4946 de
2240 4892 2762 4948 senioribuslsrael
2788 4912 2800 4948 :
2835 4898 2891 4948 et
2920 4893 3151 4961 virgam
3182 4907 3553 4964 quapercus-

1905 4978 2026 5033 sisti
2048 4978 2320 5045 ﬂuvium,
2352 4980 2487 5036 tolle
2528 4982 2587 5036 in
2618 4997 2803 5037 manu
2834 4987 2955 5047 tua,
2979 4981 3229 5036 etvade.
3267 4984 3412 5039 Ecce
3440 4999 3552 5054 ego

1904 5067 2077 5122 stabo
2107 5083 2310 5123 coram
2329 5072 2400 5137 te,
2437 5084 2616 5139 supra
2630 5075 2858 5142 petram
2879 5070 3071 5126 Horeb
3102 5073 3551 5144 :percutiesque

1508 5154 1568 5209 in
1613 5171 1794 5211 manu
1900 5161 2155 5226 petram,
2182 5160 2237 5211 et
2260 5157 2442 5212 exibit
2472 5173 2543 5212 ex
2572 5175 2751 5230 aqua,
2781 5164 2845 5214 ut
2880 5160 3045 5216 bibat
3092 5162 3371 5234 populus.
3396 5160 3549 5216 Fecit

1901 5246 2127 5314 Moyses
2155 5243 2235 5298 ita
2266 5260 2468 5299 coram
2494 5247 2828 5303 senioribus
2854 5250 3029 5305 Israel
3064 5268 3077 5303 :
3107 5254 3164 5305 et
3188 5248 3417 5304 vocavit
3442 5259 3546 5299 no-

1898 5347 2038 5385 men
2059 5330 2169 5385 loci
2216 5330 2394 5387 illius.
2424 5332 2709 5405 'l‘entatio,
2739 5344 2981 5408 propter
2997 5337 3262 5407 jurgium
3288 5332 3545 5387 ﬁliorum

1902 5419 2098 5483 Israel,
2131 5423 2187 5475 et
2216 5420 2360 5491 quia
2388 5425 2763 5481 tentaverunt
2812 5427 3019 5492 Deum,
3045 5423 3307 5477 dicentes
3337 5420 3544 5475 :Estne

1901 5506 2057 5564 Deus
2082 5508 2143 5564 in
2172 5508 2366 5580 nobis,
2391 5527 2469 5570 an
2493 5529 2616 5570 non
2645 5516 2674 5570 ‘I
2700 5513 2865 5570 Venit
2883 5514 3078 5567 autem
3095 5506 3420 5574 Amalec,et
3436 5514 3544 5581 pu-
