4102 6176
520 275 625 332 375

1757 258 2215 324 BBEVIARIUM
2253 257 2647 318 GOTHICUM.

3837 262 3958 318 376

527 397 754 470 gnabat
767 399 974 455 contra
987 395 1144 453 ﬁlios
1185 395 1363 452 Israel
1395 394 1456 451 in
1505 391 1844 466 Raphidim.
1903 389 2174 460 Dixitque
2203 387 2251 439 Α
2281 386 2338 440 et
2366 382 2567 441 Israeli
2597 383 2818 456 populo
2849 397 2979 448 suo,
3009 397 3080 439 eo
3109 381 3270 454 quod
3297 379 3603 439 eduxisset
3654 383 3960 440 Dominus

527 490 756 559 Moyses
779 486 858 543 ad
885 488 1063 541 Josue
1084 504 1096 544 :
1115 484 1272 555 Elige
1290 484 1451 540 viros
1481 499 1493 538 :
1519 487 1576 539 et
1603 497 1905 552 egressus,
1967 492 2176 550 pugna

531 577 739 630 contra
753 573 996 629 Amalec
1009 588 1168 628 cras:
1190 577 1246 628 et
1275 587 1386 640 ego
1410 570 1584 627 stabo
1610 570 1672 625 in
1690 569 1970 625 verticem
1987 564 2175 633 collis,

529 662 760 718 habens
787 661 1020 730 virgam
1046 660 1148 716 Dei
1175 661 1235 715 in
1261 674 1447 715 manu
1469 658 1991 714 mea.FecitJosue
2016 658 2078 710 ut
2097 652 2179 708 lo-

535 755 705 806 cutus
731 749 918 805 fuerat
945 752 1198 821 Moyses,
1243 753 1300 804 et
1328 747 1617 820 pugnavit
1648 751 1857 801 contra
1910 741 2177 800 Amalec:

537 841 760 909 Moyses
784 841 983 894 autem
1009 843 1066 892 et
1086 837 1286 892 Aaron
1319 840 1377 893 et
1405 838 1526 891 Hur
1556 833 1956 890 ascenderunt
2004 844 2184 901 super

535 926 814 982 verticem
840 925 1022 981 collis.
1063 924 1326 996 Cumque
1377 923 1662 981 elevasset
1690 925 1918 994 Moyses
1941 934 2180 987 manus,

543 1014 824 1070 vincebat
837 1012 1015 1069 Israel
1031 1029 1042 1066 :
1063 1013 1153 1069 sin
1196 1017 1394 1070 autem
1408 1011 1727 1085 paululum
1742 1009 2182 1073 remisisset,su-

547 1101 799 1174 perabat
828 1101 1306 1157 Amalec.Manus
1332 1104 1531 1157 autem
1558 1099 1741 1171 Moysi
1757 1103 2182 1168 erantgraves:

540 1192 811 1244 sumente
825 1205 852 1243 s
878 1190 1055 1259 igitur
1078 1189 1367 1261 lapidem,
1396 1191 1726 1261 posuerunt
1746 1188 1948 1243 subter
1963 1184 2190 1250 eum,in

539 1293 662 1350 quo
677 1277 827 1333 sedit
849 1293 860 1332 :
885 1279 1082 1333 Aaron
1113 1283 1314 1334 autem
1331 1283 1388 1334 et
1414 1280 1533 1332 Hur
1546 1275 1964 1332 sustentabant
1976 1289 2190 1329 manus

539 1365 670 1437 ejus
699 1381 773 1420 ex
800 1372 1052 1437 utraque
1069 1373 1255 1438 parte.
1281 1369 1348 1422 Et
1369 1365 1590 1421 factum
1623 1369 1711 1420 est
1731 1370 1797 1420 ut
1819 1379 2038 1420 manus
2064 1362 2193 1433 ejus

543 1455 1041 1509 nonlassarentur
1067 1470 1260 1526 usque
1276 1455 1352 1510 ad
1367 1469 1650 1510 occasum
1664 1452 2194 1523 solis.Fugavitque

541 1541 722 1598 Josue
759 1540 1020 1611 Amalec,
1044 1546 1099 1598 et
1126 1542 1418 1614 populum
1449 1542 1577 1613 ejus
1607 1542 1667 1598 in
1688 1557 1789 1598 ore
1819 1539 2196 1610 gladii.Dixit

546 1633 748 1692 autem
785 1629 1074 1686 Dominus
1103 1630 1181 1686 ad
1212 1630 1461 1701 Moysen
1485 1647 1496 1683 :
1533 1629 1736 1686 Scribe
1759 1629 1952 1685 hocin
1979 1643 2195 1683 monu-

2284 473 2463 528 Israel
2491 472 2566 528 de
2598 474 2851 544 zEgypto
2881 489 2894 528 :
2929 471 3059 528 tulit
3093 471 3415 544 Sephoram
3457 486 3719 528 uxorem
3757 475 3954 545 Moysi

2284 573 2459 630 quam
2483 558 2788 612 remiserat
2812 575 2824 612 :
2852 561 2907 612 et
2930 556 3083 611 duos
3113 555 3268 611 ﬁlios
3292 558 3442 625 ejus,
3465 571 3727 627 quorum
3787 573 3956 614 unus

2285 646 2615 701 vocabatur
2644 648 2907 714 Gersam,
2932 644 3162 700 dicente
3210 650 3379 714 patre
3409 644 3696 709 ;Advena
3735 646 3818 701 fui
3890 646 3955 704 in

2288 740 2443 790 terra
2471 733 2686 790 aliena.
2731 733 2886 789 Alter
2932 748 3071 788 vero
3097 732 3354 790 Eliezer:
3411 733 3706 789 Dominus
3766 734 3948 800 enim,

2290 822 2386 888 ait,
2422 823 2607 895 patris
2632 823 2750 878 mei
2780 822 3017 892 adjutor
3046 837 3236 887 meus,
3259 825 3315 876 et
3344 821 3495 877 eruit
3521 837 3621 878 me
3646 822 3723 878 de
3752 838 3951 880 manu

2290 911 2634 970 Pharaonis.
2669 912 2833 967 Venit
2866 926 3007 983 ergo
3039 911 3243 967 Jethro
3283 915 3576 982 cognatus
3623 913 3839 985 Moysi,
3897 920 3957 970 et

2293 1016 2443 1056 uxor
2467 1001 2621 1071 ejus,
2647 1004 2704 1056 et
2721 999 2824 1055 ﬁlii
2855 1000 2983 1070 ejus
3001 999 3080 1056 ad
3108 1002 3346 1072 Moysen
3377 1000 3440 1056 in
3469 1000 3793 1065 desertum,
3846 1001 3957 1058 ubi

2294 1093 2420 1153 erat
2447 1092 2894 1146 castrametatus
2919 1088 3092 1158 juxta
3111 1091 3370 1144 montem
3399 1089 3523 1144 Dei.
3556 1092 3621 1146 Et
3641 1090 3958 1146 mandavit

2297 1177 2497 1250 Moysi,
2531 1177 2734 1232 dicens
2760 1193 2771 1230 :
2808 1179 2927 1246 Ego
2957 1181 3250 1247 cognatus
3272 1181 3410 1232 tuus
3437 1178 3635 1234 Jethro
3675 1179 3859 1234 venio
3878 1179 3959 1235 ad

2299 1272 2374 1330 te,
2402 1270 2458 1322 et
2479 1269 2822 1335 uxortua,et
2855 1265 2976 1321 duo
3005 1264 3107 1320 ﬁlii
3138 1266 3221 1321 tui
3252 1281 3390 1321 cum
3418 1281 3509 1322 ea.
3540 1268 3652 1332 Qui
3671 1283 3958 1338 egressus

2299 1355 2359 1411 in
2388 1370 2701 1410 occursum
2720 1354 2954 1424 cognati
2987 1353 3102 1421 sui,
3131 1353 3426 1423 adoravit,
3446 1360 3502 1410 et
3528 1357 3845 1413 osculatus
3867 1361 3964 1413 est

2301 1459 2472 1500 eum:
2516 1443 3044 1514 salutaveruntque
3076 1458 3138 1498 se
3167 1449 3377 1500 mutuo
3408 1444 3602 1499 verbis
3650 1444 3961 1517 paciﬁcis.

2303 1533 2568 1604 Cumque
2594 1531 2913 1588 intrassent
2944 1530 3416 1599 tabernaculum,
3440 1533 3967 1605 narravitMoyses

2303 1625 2558 1692 cognato
2572 1637 2680 1677 suo
2701 1627 2917 1678 cuncta
2937 1637 3073 1693 quae
3091 1621 3310 1678 fecerat
3324 1622 3603 1678 Dominus
3619 1622 3966 1691 Pharaoni,

546 1723 816 1774 mentum
843 1718 905 1773 in
933 1717 1108 1784 libro,
1159 1725 1214 1774 et
1238 1717 1405 1775 trade
1441 1718 1691 1774 auribus
1731 1720 1908 1773 Josue
1942 1735 1954 1772 :
1983 1715 2196 1772 delebo
2222 1731 2267 1786 Β
2303 1717 2360 1768 et
2400 1710 2944 1782 Egyptiispropter
2969 1710 3146 1766 Israel
3175 1711 3967 1782 ;universumquelaborem

556 1806 717 1863 enim
755 1806 1113 1863 memoriam
1135 1806 1376 1863 Amalec
1417 1806 1530 1862 sub
1560 1804 2197 1876 curloJEdiﬁcavitque

546 1898 775 1966 Moyses
802 1894 986 1951 altare
1028 1895 1277 1952 Domino
1315 1915 1326 1954 :
1359 1895 1659 1953 etvocavit
1687 1910 1909 1956 nomen
1935 1893 2198 1966 ejus,Do-

547 1983 749 2038 minus
774 1982 1051 2039 exaltatio
1091 2000 1250 2040 mea.

617 2071 907 2141 Hymnus.
941 2073 1095 2128 Deus
1115 2077 1348 2128 creator
1385 2072 1678 2129 omnium.
1701 2072 1820 2142 fol.
1876 2075 1995 2126 I75.

621 2159 920 2229 Capitula.
953 2159 1032 2216 Sit
1062 2159 1342 2232 splendor
1357 2165 1513 2230 tuus,
1560 2160 1829 2226 Domine,
1852 2173 2032 2231 super
2051 2173 2195 2214 nos:

551 2253 610 2305 et
627 2253 969 2304 nostrarum
992 2263 1178 2320 opera
1201 2264 1496 2304 manuum
1509 2253 1575 2306 tu
1590 2248 1798 2319 dirige,
1823 2252 1885 2304 tu
1907 2247 2194 2304 concede:

551 2341 731 2409 atque
755 2336 817 2392 in
843 2351 1046 2392 servos
1087 2341 1219 2394 tuos
1241 2337 1532 2409 prOpitius
1555 2337 1783 2409 respice
1818 2353 1832 2403 ;
1860 2340 1916 2392 et
1943 2335 2075 2392 luce
2097 2338 2202 2391 tua

549 2427 851 2485 bonorum
875 2427 936 2484 in
966 2443 1076 2484 nos
1105 2443 1357 2501 operum
1390 2428 1663 2499 germina
1684 2428 1884 2498 dirige.

622 2517 796 2573 Pater
810 2521 1030 2573 noster.
1065 2519 1130 2573 Et
1159 2532 1255 2573 ne.

511 2609 532 2628 ‘
620 2606 854 2663 Lauda.
891 2605 1164 2661 Retribue
1193 2620 1365 2660 servo
1399 2611 1520 2671 tuo,
1556 2605 1794 2661 vivam:
1826 2605 1893 2660 P.
1920 2606 1985 2660 Et
2008 2607 2202 2660 custo-

547 2687 1028 2757 diam,Domine,
1063 2702 1378 2757 ,sermones
1404 2691 1560 2745 tuos.
1619 2688 1683 2748 ἡ.
1739 2687 1954 2743 Revela
1995 2687 2201 2744 oculos

550 2791 720 2833 meos
751 2793 764 2831 :
799 2774 1267 2831 etconsiderabo
1293 2775 1594 2832 mirabilia
1623 2774 1698 2831 de
1727 2776 1857 2846 lege
1885 2780 2002 2833 tua.
2036 2775 2100 2830 P.
2135 2778 2202 2831 Et

547 2863 903 2922 custodiam.
941 2862 1003 2924 IV.
1030 2863 1241 2920 Gloria.
1276 2867 1337 2922 P.
1361 2867 1443 2921 Et.

619 2953 847 3010 Oratio.
879 2953 1271 3024 Concupiscat
1287 2953 1494 3010 anima
1513 2956 1741 3022 nostra,
1765 2951 2197 3019 Domine,desi-

545 3042 754 3098 derare
770 3039 995 3111 judicia
1019 3045 1120 3097 tua
1145 3041 1207 3096 in
1228 3041 1394 3097 omni
1438 3047 1705 3113 tempore
1735 3056 1747 3094 :
1782 3046 1838 3096 et
1865 3041 1980 3098 hoc
2021 3039 2196 3096 nobis

546 3129 740 3186 solum
769 3129 968 3198 vigeat
997 3128 1060 3183 in
1086 3143 1313 3194 amore,
1343 3129 1510 3201 quod
1533 3134 1755 3186 aeterno
1773 3133 1876 3185 tuo
1903 3143 2195 3201 praepare-

545 3223 639 3277 tur
666 3219 728 3274 in
748 3233 1016 3274 munere.
1042 3228 1112 3288 si.
1148 3221 1358 3273 Amen.
1388 3220 1494 3274 Per
1519 3217 2015 3275 misericordiam.

1155 3305 1250 3361 Ad
1272 3306 1554 3362 Tertiam.

720 3393 1183 3451 Proverbiorum
1211 3393 1541 3451 Salomonis
1583 3394 1754 3464 (Cap.
1784 3392 1975 3463 xxvu).

614 3496 678 3554 ﬁ.
712 3487 832 3539 Deo
873 3483 1114 3552 gratias.

620 3571 737 3636 Fili,
773 3571 922 3626 sicut
945 3570 1071 3627 avis
1099 3569 1531 3641 transmigrans
1573 3569 1648 3626 de
1671 3569 1806 3628 loco
1821 3585 1950 3636 suo,
1997 3569 2080 3626 sic
2109 3570 2196 3625 vir

545 3659 647 3733 qui
678 3658 1030 3731 derelinquit
1043 3659 1242 3716 locum
1258 3662 1774 3730 suum.Unguento
1794 3658 2042 3716 etvariis
2053 3657 2196 3715 odo-

545 3747 712 3804 ribus
735 3745 1058 3804 delectatur
1087 3763 1216 3803 cor:
1239 3752 1297 3805 et
1312 3748 1488 3804 bonis
1504 3747 1682 3806 amici
1711 3747 1971 3804 consiliis
1993 3747 2198 3804 anima

547 3834 914 3892 dulcoratur.
932 3835 1207 3892 Amicum
1238 3841 1408 3895 tuum
1433 3843 1491 3896 et
1517 3837 1782 3897 amicum
1814 3835 2000 3911 patris
2027 3835 2197 3894 tuine

547 3922 845 3982 dimiseris
871 3923 1046 3994 212
1079 3922 1142 3980 in
1181 3923 1277 3981 die
1301 3923 1641 3983 aﬁlictionis
1675 3930 1790 3982 tum
1825 3940 1836 3979 :
1863 3928 1920 3981 et
1945 3923 2200 3982 domum

550 4010 748 4075 fratris
779 4009 864 4066 tui
882 4026 956 4066 ne
984 4010 1338 4081 ingrediaris
1367 4012 1429 4069 in
1457 4013 1554 4070 die
1580 4012 1916 4071 aﬁlictionis
1932 4014 2199 4069 tum.Me-

551 4100 664 4156 lior
691 4103 780 4154 est
809 4097 1043 4157 vicinus
1063 4099 1450 4172 juxta,quam
1479 4099 1658 4156 frater
1676 4100 2199 4171 procul.Studesa-

551 4187 860 4262 pientiam,
890 4185 973 4248 fili
999 4187 1104 4252 mi,
1146 4191 1203 4244 et
1230 4186 1468 4244 laetiﬁca
1496 4203 1598 4244 cor
1619 4204 1841 4259 meum,
1876 4193 1942 4245 ut
2005 4188 2200 4260 possis

552 4275 906 4349 exprobanti
929 4275 1294 4348 respondere
1321 4291 1678 4333 sermonem.
1712 4278 1955 4334 Astutus
1991 4278 2204 4334 videns

556 4365 807 4425 malum.
835 4363 1208 4421 abscondius
1231 4369 1319 4421 est
1353 4381 1366 4419 :
1401 4363 1630 4436 parvuli
1645 4369 2017 4422 transeuntes
2031 4365 2206 4422 susti-

557 4451 1300 4526 nebuntdispendia.’l‘olle
1315 4453 1736 4510 vestimentum
1749 4453 1801 4525 ej
1810 4454 2010 4527 us,qui
2024 4454 2207 4510 ﬁdem

556 4542 699 4600 facit
717 4558 823 4614 pro
843 4545 1124 4599 extraneo
1149 4557 1161 4595 :
1190 4546 1245 4598 et
1278 4557 1387 4614 pro
1447 4542 1675 4608 alienis,
1698 4542 1865 4599 aufer
1891 4543 1943 4598 ei
1968 4541 2205 4614 pignus.

562 4631 673 4698 Qui
698 4629 1004 4689 benedixit
1028 4630 1305 4703 proximo
1329 4647 1439 4688 suo
1487 4645 1628 4688 voce
1657 4631 1889 4702 grandi,
1933 4630 2008 4686 de
2038 4634 2210 4687 nocte

561 4735 934 4792 consurgens
961 4719 1342 4780 maledicenti
1365 4721 1573 4777 similis
1609 4721 1734 4776 erit.
1777 4721 2018 4775 Ferrum
2057 4718 2210 4774 ferro

566 4810 818 4877 acuitur,
846 4811 904 4867 et
930 4808 1116 4867 homo
1135 4809 1596 4868 exacuitfaciem
1610 4806 1910 4865 amicisui.
1941 4805 2210 4864 lnfernus

567 4902 625 4954 et
652 4897 905 4969 perditio
926 4913 1264 4971 numquam
1281 4898 1586 4972 replentur
1607 4913 1619 4953 :
1674 4894 1942 4952 similiter
1963 4899 2022 4952 et
2059 4895 2214 4951 oculi

567 4986 882 5044 hominum
923 5003 1260 5062 numquam
1301 4990 1614 5047 satiantur.
1650 4987 1759 5042 Cor
1783 4983 1974 5057 iniqui
2011 4985 2215 5056 exqui-

569 5075 644 5131 rit
676 5075 856 5144 mala,
917 5093 1017 5135 cor
1055 5084 1257 5136 autem
1287 5082 1515 5136 rectum
1544 5073 2214 5149 exquiritscientiamn.

569 5167 772 5224 Amen.
1639 5239 1652 5246 _

898 5256 1092 5313 Lectio
1137 5255 1274 5311 libri
1309 5256 1504 5314 Exodi
1519 5255 1684 5326 (Cap.
1703 5255 1892 5326 xvui).

641 5357 706 5416 nl.
743 5344 865 5402 Deo
889 5344 1130 5415 gratias.

645 5436 712 5490 ln
735 5433 848 5490 illis
869 5432 1082 5490 diebus
1107 5431 1286 5488 :Cum
1299 5430 1566 5488 audisset
1585 5433 1612 5486 J
1623 5432 1788 5488 ethro
1815 5430 2096 5490 sacerdos
2111 5431 2221 5485 Ma-

576 5521 1038 5595 dian,cognatus
1050 5519 1609 5598 Moysi,omniaqua3
1621 5518 1839 5579 fecerat
1853 5522 2004 5578 Deus
2016 5515 2220 5592 Moysi,

2303 1800 2408 1872 qui
2433 1799 2840 1855 accidisseteis
2873 1799 2933 1854 in
2961 1799 3186 1866 itinere,
3218 1815 3342 1872 quo
3364 1799 3713 1856 liberaverat
3729 1815 3834 1856 eos
3852 1801 3967 1856 Do-

2303 1888 2522 1944 minus.
2567 1890 2942 1960 Laetatusque
2958 1892 3045 1943 est
3073 1888 3270 1944 Jethro
3303 1903 3482 1960 super
3507 1888 3963 1961 omnibus,quas

2305 1977 2523 2036 fecerat
2537 1978 2690 2033 Deus
2712 1976 2926 2043 lsraeli,
2959 1992 3029 2032 eo
3055 1977 3218 2049 quod
3256 1978 3507 2032 eruisset
3521 1993 3663 2032 eum
3677 1977 3753 2033 de
3770 1993 3964 2036 manu

2304 2066 2736 2137 Egyptiorum,
2765 2071 2822 2121 et
2849 2065 2961 2121 ait:
2999 2065 3343 2120 Benedictus
3355 2065 3668 2130 Dominus,
3697 2067 3800 2137 qui
3816 2065 3965 2121 libe-

2305 2153 2461 2210 ravit
2483 2169 2594 2209 nos
2614 2153 2688 2209 de
2727 2169 2913 2209 manu
2952 2154 3384 2226 zEgyptiorum,
3407 2159 3464 2211 et
3484 2153 3558 2210 de
3596 2170 3789 2211 manu
3805 2155 3966 2211 Pha-

2305 2242 2530 2308 raonis,
2554 2242 2659 2314 qui
2685 2242 2835 2298 eruit
2856 2242 3149 2314 populum
3167 2258 3346 2299 suum
3367 2242 3443 2298 de
3477 2258 3665 2298 manu
3697 2243 3964 2315 Egypti.

2307 2335 2473 2388 Nunc
2503 2331 2931 2402 cognovi,quia
2952 2346 3209 2400 magnus
3226 2336 3313 2388 est
3334 2331 3623 2387 Dominus
3637 2347 3821 2404 super
3835 2348 3971 2388 om-

2307 2435 2413 2477 nes
2425 2419 2592 2476 deos:
2611 2435 2682 2476 eo
2698 2419 2860 2492 quod
2879 2419 3134 2492 superbe
3151 2420 3375 2491 egerint
3391 2424 3598 2476 contra
3609 2420 3973 2478 eos.0btulit

2308 2524 2450 2578 ergo
2479 2508 2676 2564 Jethro
2722 2513 3014 2578 cognatus
3044 2510 3229 2581 Moysi
3257 2509 3609 2566 holocausta
3634 2513 3690 2565 et
3738 2509 3973 2566 hostias

2309 2596 2429 2653 Deo
2454 2615 2470 2657 ς
2501 2601 2908 2669 veneruntque
2936 2597 3132 2653 Aaron
3154 2602 3209 2652 et
3237 2612 3449 2653 omnes
3475 2613 3647 2653 senes
3677 2597 3891 2665 Israel,
3917 2603 3971 2654 et

2307 2685 2698 2741 comederunt
2719 2700 2939 2756 panem
2961 2701 3101 2740 cum
3122 2700 3193 2741 eo
3223 2701 3428 2742 coram
3455 2685 3735 2743 Domino.
3764 2685 3966 2744 Altera

2307 2779 2510 2830 autem
2539 2774 2634 2830 die
2657 2774 2809 2830 sedit
2836 2776 3066 2845 Moyses
3092 2780 3156 2830 ut
3181 2773 3477 2845 judicaret
3515 2775 3840 2848 populum,
3865 2777 3969 2848 qui

2307 2862 2620 2919 assistebat
2638 2861 2824 2933 Moysi
2845 2861 2918 2917 de
2937 2877 3114 2917 mane
3136 2878 3326 2935 usque
3339 2863 3416 2920 ad
3440 2865 3966 2936 vesperum.Quod

2306 2966 2444 3006 cum
2473 2949 2720 3006 vidisset
2748 2956 3037 3019 cognatus
3058 2951 3259 3022 Moysi,
3296 2950 3502 3006 omnia
3542 2950 3772 3007 scilicet
3828 2968 3965 3024 quae

2252 3079 2270 3098 η
2304 3039 2600 3110 agebatin
2641 3037 2886 3110 populo,
2911 3037 2994 3094 ait
3019 3054 3030 3092 :
3054 3038 3208 3104 Quid
3228 3043 3318 3094 est
3353 3039 3466 3094 hoc
3496 3039 3664 3111 quod
3717 3040 3878 3096 facis
3910 3041 3964 3096 in

2303 3127 2475 3201 plebe
2490 3127 2636 3182 ?cur
2649 3125 2812 3182 solus
2824 3126 3082 3193 sedes,et
3101 3126 3296 3182 omnis
3309 3127 3568 3198 populus
3581 3128 3964 3199 praestolatur

2302 3215 2377 3272 de
2392 3230 2569 3271 mane
2586 3229 2774 3286 usque
2789 3215 2848 3269 in
2864 3229 3183 3286 vesperum
3205 3216 3233 3271 ?
3246 3215 3350 3270 Cui
3370 3215 3673 3287 respondit
3697 3219 3960 3288 Moyses:

2302 3304 2468 3360 Venit
2484 3303 2562 3359 ad
2581 3318 2678 3358 me
2707 3301 2969 3374 populus
2984 3318 3260 3375 quaerens
3274 3306 3631 3360 sententiam
3650 3304 3964 3362 Dei.Cum-

2302 3408 2420 3464 que
2451 3390 2732 3448 acciderit
2759 3389 2843 3445 eis
2872 3389 3075 3463 aliqua
3093 3390 3472 3463 disceptatio,
3501 3393 3853 3450 veniuntad
3873 3409 3965 3449 me

2305 3483 2368 3537 ut
2391 3479 2656 3551 judicem
2694 3479 2844 3535 inter
2869 3495 2991 3551 eos,
3020 3485 3077 3536 et
3096 3479 3411 3537 ostendam
3433 3489 3740 3553 praecepta
3782 3481 3967 3546 Dei,et

2301 3567 2656 3638 legemejus.
2678 3569 2745 3624 Et
2759 3566 2854 3623 ille
2883 3586 2896 3624 :
2930 3570 3057 3624 Non
3080 3567 3331 3635 bonam,
3355 3569 3568 3640 inquit,
3616 3584 3750 3624 rem
3785 3569 3962 3625 facis:

2305 3655 2486 3714 stulto
2510 3655 2714 3712 labore
2743 3657 3111 3712 consumeris
3141 3661 3196 3712 et
3234 3661 3316 3726 tu,
3349 3661 3406 3713 et
3429 3656 3697 3728 populus
3734 3658 3848 3714 iste
3864 3657 3966 3730 qui

2305 3753 2501 3802 tecum
2521 3749 2608 3800 est
2630 3764 2641 3803 :
2677 3743 2832 3800 ultra
2852 3745 3006 3799 vires
3028 3749 3164 3800 tuas
3188 3750 3276 3800 est
3298 3745 3963 3815 negotium,solusillud

2305 3850 2428 3892 nou
2451 3834 2673 3906 poteris
2698 3834 3016 3889 sustinere.
3062 3833 3174 3889 Sed
3213 3833 3356 3889 audi
3387 3833 3568 3890 verba
3600 3850 3744 3891 mea
3784 3841 3962 3907 atque

2307 3922 2648 3990 consilium,
2662 3929 2716 3978 et
2729 3922 3129 3978 eritDominus
3145 3927 3357 3977 tecum.
3377 3924 3513 3978 Esto
3556 3928 3622 3978 tu
3651 3923 3884 3996 populo
3902 3925 3959 3979 in

2309 4013 2398 4068 his
2413 4027 2548 4084 quas
2560 4010 2638 4067 ad
2655 4011 2842 4066 Deum
2860 4010 3169 4082 pertinent,
3186 4010 3486 4067 utreferas
3514 4027 3652 4083 quae
3674 4011 3961 4068 dicuntur

2312 4101 2390 4157 ad
2415 4115 2585 4156 eum:
2618 4099 3021 4171 ostendasque
3051 4098 3272 4171 populo
3304 4100 3665 4155 cerimonias
3704 4105 3763 4156 et
3778 4101 3958 4157 ritum

2313 4189 2563 4254 colendi,
2588 4189 2863 4258 viamque
2886 4203 3186 4260 perquam
3202 4187 3434 4258 ingredi
3452 4189 3956 4261 debeant,etopus

2313 4277 2477 4349 quod
2501 4275 2697 4332 facere
2721 4275 2998 4333 debeant.
3031 4275 3279 4332 Provide
3292 4276 3580 4332 autemde
3613 4279 3784 4333 omni
3799 4278 3960 4350 plebe

2315 4365 2472 4422 viros
2501 4369 2790 4436 potentes,
2825 4369 2881 4419 et
2911 4365 3183 4421 timentes
3196 4365 3471 4430 Deum,in
3484 4365 3708 4436 quibus
3733 4366 3967 4422 sitveri-

2317 4458 2426 4517 tas,
2457 4458 2514 4508 et
2541 4452 2646 4524 qui
2671 4452 2928 4508 oderunt
2959 4455 3291 4521 avaritiam,
3346 4461 3400 4510 et
3438 4454 3735 4510 constitue
3762 4470 3836 4510 ex
3885 4455 3966 4510 eis

2316 4541 2606 4611 tribunos,
2621 4548 2678 4596 et
2707 4543 3102 4608 centuriones,
3118 4548 3174 4599 et
3215 4543 3855 4616 quinquagenarios,et
3869 4543 3967 4598 de-

2319 4629 2652 4701 canos,quij
2663 4628 2897 4685 udicent
2909 4631 3190 4702 populum
3203 4629 3675 4702 omnitempore:
3693 4630 3965 4702 quicquid

2321 4724 2520 4778 autem
2547 4721 2744 4790 majus
2770 4719 2962 4790 fuerit,
2985 4719 3244 4778 referant
3271 4720 3350 4776 ad
3381 4724 3451 4784 te,
3496 4725 3552 4775 et
3575 4720 3686 4792 ipsi
3735 4720 3971 4776 minora.

2319 4808 3013 4879 tantummodojudicent
3041 4825 3054 4863 :
3086 4808 3396 4880 leviusque
3415 4808 3492 4864 sit
3523 4808 3647 4873 tibi,
3682 4808 3897 4880 partito
3911 4809 3970 4864 in

2321 4897 2470 4955 alios
2482 4898 2726 4953 honore.
2757 4896 2814 4975 Si
2833 4897 2946 4952 hoc
2963 4895 3189 4961 feceris,
3205 4895 3483 4967 implebis
3507 4896 3832 4968 imperium
3863 4897 3946 4952 Do
3961 4925 3978 4937 ο

2321 4986 2485 5053 mini,
2519 4990 2889 5058 etpraecepta
2917 4987 3045 5057 ejus
3077 4985 3298 5058 poteris
3331 4989 3694 5052 sustentare;
3720 4992 3779 5041 et
3807 4984 3974 5040 omni

2324 5077 2415 5134 hic
2445 5074 2704 5149 populus
2716 5079 3035 5130 revertetur
3051 5089 3187 5128 cum
3205 5088 3352 5144 pace
3371 5072 3448 5128 ad
3464 5072 3597 5127 loca
3609 5075 3793 5138 sua.Q
3805 5073 3973 5128 uibus

2325 5166 2564 5230 auditis,
2587 5167 2817 5236 Moyses
2848 5162 2984 5218 fecit
3013 5161 3222 5217 omnia
3240 5177 3376 5233 quae
3421 5160 3526 5231 ille
3545 5162 3877 5233 suggessit.
3914 5163 3974 5215 Et

2329 5253 2679 5311 electisviris
2699 5251 2951 5307 strenuis
2966 5250 3040 5306 de
3061 5254 3274 5305 cuncto
3307 5248 3512 5316 Israel,
3527 5248 3845 5304 constituit
3873 5263 3969 5303 eos

2328 5340 2628 5413 principes
2653 5355 2832 5412 super
2861 5337 3056 5403 Israel,
3079 5337 3372 5401 tribunos,
3398 5341 3453 5391 et
3477 5335 3884 5400 centuriones,
3923 5337 3977 5387 et

2330 5425 3366 5500 quinquagenarios,etdecanos.Qui
3389 5422 3749 5494 judicabant
3761 5422 3976 5496 plebem

2333 5516 2569 5577 Domini
2580 5518 2746 5576 omni
2768 5521 3022 5596 tempore
3041 5533 3054 5572 :
3070 5514 3170 5592 qui
3181 5513 3363 5591 cquid
3383 5516 3588 5576 autem
3600 5515 3842 5592 gravius
3857 5515 3983 5572 erat
