4102 6176
275 252 383 308 377

1456 250 1804 309 DOMINICA
1841 250 1890 307 II
1931 249 2543 320 QUADBAGESIM/E.

3578 269 3683 325 378

270 374 610 433 referebant
635 371 717 430 ad
750 372 1184 444 eum,faciliora
1212 376 1630 434 tantummodo
1658 376 1926 449 judican-
1954 377 2002 431 A
2032 377 2222 450 pietas
2245 378 2415 451 impii
2430 395 2554 437 non
2578 380 2816 439 nocebit
2838 382 2911 451 ei,
2932 382 2995 440 in
3022 399 3405 461 quacumque
3430 388 3522 447 die
3542 406 3684 450 con-

270 471 376 521 tes.
412 462 760 533 Dimisitque
791 466 1117 533 cognatum
1136 480 1342 524 suum:
1367 466 1471 538 qui
1484 482 1754 523 reversus
1781 466 1925 523 abiit

266 553 326 609 in
358 552 614 607 domum
637 564 837 605 suam.
872 560 935 619 nr.
962 554 1171 609 Amen.

334 639 687 708 Antiphona
722 643 769 694 l.
795 638 1141 704 Misericors,
1173 644 1229 696 et
1270 641 1600 706 miserator,
1651 646 1707 699 et
1730 643 1925 713 justus

269 730 584 788 Dominus.
618 728 919 798 Benignus
949 729 1154 798 homo,
1178 730 1287 804 qui
1305 731 1632 789 miseretur.
1650 733 1925 789 Psalmus

272 834 359 877 CXI
369 862 381 875 .

346 907 576 963 Oratio.
608 904 939 961 Misericors
970 907 1217 963 Domine
1246 912 1304 964 et
1321 908 1499 979 juste,
1521 910 1614 967 fac
1634 925 1745 966 nos
1775 925 1925 967 sem-

271 1012 376 1069 per
401 1011 535 1052 esse
559 994 979 1053 misericordes
1006 999 1780 1069 ;etcommoditatifalternas
1802 1004 1925 1056 tota

270 1084 482 1141 adesse
505 1082 785 1145 facilitate
806 1099 817 1141 :
836 1099 944 1140 nec
960 1083 1039 1141 ob
1065 1085 1275 1142 auditu
1293 1086 1452 1143 malo
1472 1088 1787 1159 nos,dumj
1800 1086 1924 1142 udi-

272 1173 522 1240 caveris,
554 1176 779 1229 terreas
803 1190 817 1239 ;
850 1172 955 1227 sed
975 1176 1140 1229 tuam
1166 1174 1245 1230 ad
1263 1174 1564 1233 dexteram
1589 1176 1923 1247 gloriﬁcan-

275 1262 383 1318 dos
412 1266 660 1317 statuas.
683 1272 747 1329 ﬁ.
775 1260 986 1317 Amen.

343 1352 449 1406 Per
482 1348 956 1405 misericordiam
979 1353 1143 1405 tuam
1157 1392 1170 1405 .

336 1438 682 1506 Antiphona
719 1441 776 1491 2.
818 1437 943 1509 Ego
974 1438 1248 1507 cognovi,
1290 1454 1475 1510 quam
1527 1454 1786 1511 magnus
1830 1445 1923 1498 est

262 1526 441 1596 313
481 1526 792 1589 Dominus,
814 1529 871 1581 et
896 1528 1051 1583 Deus
1079 1530 1280 1583 noster
1307 1542 1430 1599 prae
1478 1527 1762 1583 omnibus
1785 1528 1917 1585 diis.

256 1614 542 1670 Psalmus
565 1628 796 1671 cxxxrv.

2030 482 2236 523 versus
2260 468 2432 525 fuerit
2457 469 2535 526 ab
2564 470 2872 543 iniquitate
2894 488 3036 539 sua;
3069 478 3123 530 et
3142 476 3335 546 justus
3364 494 3487 536 non
3512 487 3680 553 pote-

2031 554 2108 611 rit
2132 556 2324 612 vivere
2348 557 2407 613 in
2416 558 2436 627 j
2450 559 2644 616 ustitia
2662 576 2791 627 sua,
2816 561 2876 617 in
2889 576 3270 635 quacumque
3289 566 3383 622 die
3398 583 3679 639 peccave-

2030 643 2132 700 rit.
2174 644 2363 702 Etiam
2394 646 2443 702 si
2471 647 2673 704 dixero
2694 649 2855 719 justo
2870 650 3035 724 quod
3064 651 3208 709 vitat
3235 654 3472 722 vivat,et
3497 659 3681 716 conﬁ-

2032 749 2133 787 sus
2161 734 2221 789 in
2246 734 2478 805 justitia
2502 754 2614 793 sua
2634 738 2833 795 fecerit
2854 741 3254 817 iniquitatem:
3290 758 3498 801 omnes
3507 749 3679 817 justi-

2032 821 2124 879 tiac
2141 822 2189 892 ej
2202 839 2269 877 us
2287 824 2570 881 oblivioni
2597 827 2922 896 tradentur,
2939 833 2996 885 et
3021 829 3332 905 iniquitate
3356 849 3678 906 sua,quam

2031 914 2311 981 operatus
2351 916 2457 979 est,
2500 913 2563 969 in
2600 915 2732 985 ipsa
2785 916 3085 974 morietur.
3142 919 3199 975 Si
3246 925 3449 977 autem
3475 922 3680 981 dixero

2032 997 2253 1072 impio:
2306 1003 2483 1057 Morte
2526 1004 2830 1061 morieris:
2868 1009 2923 1061 et
2965 1006 3148 1076 egerit
3181 1009 3591 1079 paenitentiam
3638 1028 3675 1070 a

2031 1092 2277 1158 peccato
2309 1105 2436 1154 suo,
2461 1088 2779 1163 feceritque
2829 1092 3125 1163 judicium
3153 1098 3208 1150 et
3245 1096 3561 1165 justitiam,
3594 1100 3679 1172 pi-

2031 1187 2185 1243 gnus
2208 1177 2522 1234 restituerit
2538 1178 2633 1233 ille
2656 1180 3300 1254 impius,rapinamque
3330 1184 3675 1256 reddiderit,

2029 1261 2092 1318 in
2130 1264 2429 1321 mandatis
2454 1267 2589 1323 vitae
2638 1268 3052 1340 ambulaverit,
3105 1286 3213 1327 nec
3265 1271 3464 1330 fecerit
3513 1276 3677 1349 quic-

2029 1366 2214 1422 quam
2232 1352 2557 1423 injustum:
2614 1357 2735 1413 vita
2763 1358 2941 1427 vivet,
2981 1363 3037 1414 et
3086 1375 3210 1415 non
3243 1362 3544 1419 morietur.
3586 1364 3680 1421 Ait

2030 1441 2305 1497 Dominus
2331 1444 2484 1499 Deus
2514 1445 2916 1517 omnipotens.
2948 1458 3011 1517 Βι.
3054 1452 3251 1504 Amen.

2100 1528 2447 1599 Antiphona
2472 1535 2526 1589 1.
2569 1533 2678 1599 Qui
2708 1534 2879 1604 erigit
2909 1535 3084 1593 elisos
3117 1554 3130 1593 :
3162 1537 3450 1595 Dominus
3495 1540 3681 1598 solvet

2030 1618 2420 1691 compeditos.
2479 1622 2764 1678 Dominus
2792 1623 3087 1683 illuminat
3123 1642 3333 1695 caecos,
3395 1630 3679 1686 Dominus

327 1701 565 1757 Oratio.
605 1700 878 1765 Domine,
900 1699 1006 1773 qui
1035 1700 1293 1757 educens
1328 1701 1519 1758 nubes
1545 1702 1623 1759 ab
1655 1707 1920 1760 extremo
1954 1721 1997 1777 Β
2028 1704 2220 1774 diligit
2234 1707 2455 1777 justos.
2480 1710 2750 1766 Psalmus
2781 1726 2949 1768 cxzv.

253 1790 673 1854 terrae,orbem
695 1789 1037 1845 universum
1057 1790 1274 1846 sanctis
1292 1792 1528 1862 replesti
1539 1791 1916 1861 doctoribus;

258 1878 502 1949 fulgura
531 1876 595 1931 in
625 1876 893 1949 pluviam
919 1882 1195 1934 converte
1224 1877 1587 1950 misericors;
1613 1885 1676 1935 ut
1701 1895 1920 1952 praece-

252 1968 375 2040 ptis
414 1966 561 2029 tuis,
598 1965 822 2037 quibus
866 1964 1126 2021 famulos
1168 1971 1323 2029 tuos,
1369 1968 1653 2037 corrigas,
1703 1973 1913 2025 terres:

253 2053 677 2113 benedicendo
707 2053 971 2110 reﬁcias:
1005 2060 1229 2127 tuaque
1268 2056 1523 2128 repletos
1566 2056 1759 2128 gratia
1778 2057 1919 2113 ube~

250 2146 379 2202 rius
405 2142 763 2201 benedicas.
792 2154 856 2213 Bt.
876 2144 1085 2199 Amen.

317 2236 432 2290 Per
466 2232 944 2290 misericordiam
963 2233 1117 2287 Deus
1147 2236 1369 2288 noster.

314 2322 683 2390 Autiphona
699 2320 1112 2377 3.Conﬁtemini
1124 2320 1673 2393 Domino,quoniam
1685 2322 1910 2380 bonus:

244 2411 511 2483 quoniam
524 2409 581 2463 in
594 2408 858 2464 saeculum
871 2408 1248 2465 misericordia
1260 2409 1305 2480 ej
1315 2426 1397 2466 us.
1408 2411 1676 2467 Psalmus
1689 2426 1889 2467 cxxxvi
1899 2453 1911 2468 .

310 2510 378 2569 ﬁ.
428 2498 833 2556 Peccavimus
864 2496 970 2552 tibi
989 2498 1182 2552 Deus:
1212 2496 1303 2554 fac
1335 2497 1910 2556 misericordiam.P.

243 2590 308 2644 Et
337 2590 677 2659 antequam
707 2600 1025 2658 pereamus
1046 2584 1252 2642 liberet
1279 2601 1391 2641 nos
1424 2602 1642 2642 manus
1688 2592 1809 2643 tua.
1848 2588 1911 2648 ἡ.

242 2678 446 2743 Quare
467 2676 533 2730 in
555 2678 913 2746 perpetuum
946 2673 1310 2730 Oblivisceris
1340 2674 1913 2749 nostri,derelinquis

240 2780 355 2822 nos
382 2766 448 2820 in
476 2762 921 2832 longitudinem
954 2762 1207 2818 dierum.
1242 2764 1313 2818 P.
1347 2764 1415 2817 Et
1436 2767 1783 2834 antequam.

316 2853 553 2909 Preces.
570 2850 1001 2920 lndulgentiam
1022 2849 1908 2921 postulamus,Christe,exaudi.

241 2943 316 2999 P.
366 2941 637 3009 Placare,
662 2944 721 2996 et
748 2938 1049 2996 miserere.
1079 2939 1140 2999 ἡ.
1170 2941 1199 2993 J
1208 2956 1313 2995 esu
1337 2939 1637 3009 unigenite
1668 2939 1767 2995 Dei
1810 2943 1910 2997 Pa-

245 3032 353 3087 tris
385 3029 574 3084 Filius
600 3046 613 3096 ;
644 3028 750 3100 qui
790 3028 1185 3084 esimmensaa
1213 3027 1803 3097 bonitatis,Domine.
1834 3030 1909 3088 P.

243 3119 511 3175 Placere.
528 3116 805 3176 Y.Cuncti
818 3120 873 3172 te
890 3116 1210 3188 gemitibus
1226 3118 1796 3188 exorantes,poscim
1808 3134 1907 3184 us;

243 3206 575 3278 cunctique
599 3204 777 3260 simul
808 3205 1212 3277 deprecantes,
1252 3221 1620 3277 quaesumus.
1672 3208 1751 3263 P.
1783 3207 1909 3263 Pla-

244 3311 406 3353 care.
428 3294 497 3354 if.
527 3295 653 3349 Tua
677 3294 807 3363 jam
837 3292 1149 3349 clementia
1197 3293 1355 3349 mala
1394 3297 1602 3350 nostra
1632 3299 1868 3366 superet
1893 3315 1903 3354 :

240 3388 348 3441 tuo
375 3384 510 3455 jam
534 3396 751 3437 sereno
780 3380 946 3437 vultu
966 3382 1027 3437 in
1056 3397 1169 3437 nos
1198 3381 1445 3454 respice.
1480 3384 1558 3439 P.
1577 3382 1907 3444 Placarev.

236 3471 687 3529 Remissionem
699 3470 973 3525 omnium
992 3474 1374 3541 peccatorum
1387 3486 1738 3543 quaesumus
1774 3488 1786 3526 :
1822 3471 1907 3527 in-

237 3561 446 3630 dulge,
482 3573 861 3631 quassumus,
907 3557 1187 3625 clemens,
1223 3559 1383 3614 mala
1413 3574 1547 3630 quae
1578 3560 1907 3616 commissi-

237 3666 382 3705 mus
414 3650 481 3703 P.
516 3647 783 3710 Placare,
806 3651 864 3701 et
895 3646 1195 3702 miserere.

314 3738 629 3807 Hymnus.
666 3736 712 3791 Ο
734 3737 1050 3803 Nazarene,
1076 3734 1199 3790 lux.
1230 3736 1440 3803 Quare
1455 3736 1569 3805 fol.
1602 3737 1729 3791 144.

316 3825 619 3893 Capitula.
662 3822 811 3890 Tibi,
845 3822 1111 3886 Domine,
1164 3823 1537 3886 confitemur,
1580 3822 1688 3894 qui
1728 3822 1910 3878 caelos

240 3913 547 3969 intellectu
561 3910 747 3967 fecisti
770 3926 782 3975 ;
805 3914 862 3966 et
882 3909 1143 3966 eruditos
1162 3910 1456 3967 sublimas
1470 3911 1786 3981 sapientia:
1806 3910 1910 3982 qui

243 4000 519 4056 fundasti
546 4005 769 4055 terram
796 4014 975 4069 super
1011 4015 1276 4070 aquam;
1311 4005 1367 4054 et
1388 4013 1573 4069 supra
1622 3999 1909 4054 szeculum

247 4087 437 4143 labile
477 4086 705 4141 erexisti
739 4086 1061 4143 Ecclesium
1095 4094 1298 4155 tuam;
1331 4086 1445 4151 fac,
1482 4090 1545 4140 ut
1573 4100 1684 4141 nos
1724 4086 1909 4142 ﬂuida

259 4173 483 4228 mundi
510 4174 934 4229 delectamenta
960 4188 1082 4228 non
1113 4174 1389 4243 obruant,
1422 4173 1527 4229 sed
1548 4173 1787 4229 virtutes
1818 4189 1911 4229 ac-

256 4265 448 4333 ceptas
475 4261 546 4316 ad
570 4276 831 4333 superna
858 4260 1190 4317 sustollant.

326 4351 505 4406 Pater
524 4354 742 4407 noster.
768 4352 836 4405 Et
863 4349 937 4404 de
963 4364 1094 4405 nos.

892 4439 991 4493 Ad
1028 4440 1267 4494 Sexlam
1280 4480 1293 4493 .

324 4526 512 4583 Lectio
543 4526 685 4582 libri
708 4525 1035 4582 Ezechielis
1064 4525 1390 4595 Propheta
1406 4526 1579 4596 (Cap.
1619 4527 1838 4595 xum).

325 4626 392 4681 Βί.
438 4615 561 4670 Deo
596 4615 845 4684 gratias.

318 4706 536 4759 Factus
562 4707 658 4757 est
719 4717 918 4758 sermo
973 4701 1207 4756 Domini
1254 4701 1331 4756 ad
1363 4716 1478 4766 me,
1524 4701 1755 4757 dicens:
1809 4702 1913 4757 Fiii

236 4791 513 4849 hominis
542 4790 640 4846 dic
657 4789 736 4845 ad
766 4789 1019 4845 domum
1042 4788 1251 4844 Israel:
1299 4789 1391 4844 Sic
1424 4787 1606 4844 locuti
1639 4789 1797 4854 estis,
1827 4787 1913 4843 di-

243 4885 490 4937 centes:
522 4878 866 4951 iniquitates
892 4882 1131 4941 nostrae,
1164 4880 1220 4932 et
1246 4881 1486 4948 peccata
1512 4880 1716 4932 nostra
1736 4891 1915 4947 super

244 4984 361 5025 nos
378 4971 540 5031 sunt,
573 4970 630 5022 et
658 4966 724 5021 in
746 4964 892 5037 ipsis
923 4964 1311 5021 tabescimus:
1333 4963 1641 5035 quomodo
1669 4978 1810 5033 ergo
1831 4963 1913 5019 vi-

242 5071 388 5113 vere
416 5053 813 5128 posterimus?
840 5052 939 5108 Dic
955 5052 1034 5108 ad
1060 5068 1196 5109 eos:
1230 5052 1380 5107 Vivo
1412 5051 1691 5119 ego,dicit
1715 5050 1911 5106 Domi-

248 5160 403 5201 nus:
436 5142 585 5201 nolo
604 5147 859 5198 mortem
874 5140 1063 5213 impii,
1086 5140 1191 5195 sed
1212 5143 1275 5194 ut
1294 5138 1851 5209 revertaturimpius
1877 5156 1914 5196 a

248 5232 351 5291 via
380 5247 515 5296 sua,
546 5234 607 5286 et
633 5229 814 5285 vivat.
849 5227 1273 5285 Convertimini
1297 5243 1334 5283 a
1363 5226 1477 5282 viis
1498 5226 1711 5282 vestris
1729 5222 1915 5299 pessi-

251 5322 409 5377 mis:
443 5324 505 5376 et
529 5333 725 5391 quare
739 5316 1065 5373 moriemini
1098 5316 1318 5373 domus
1344 5314 1557 5372 Israel?
1584 5317 1668 5371 Tu
1716 5315 1914 5387 itaque

251 5408 344 5465 ﬁli
372 5406 650 5466 hominis
659 5406 757 5461 dic
768 5405 846 5462 ad
860 5404 1013 5461 ﬁlios
1024 5404 1231 5476 populi
1246 5405 1329 5462 tui
1351 5421 1364 5459 :
1387 5404 1650 5475 Justitiaj
1661 5403 1773 5460 usti
1791 5417 1914 5460 non

238 5496 533 5561 liberabit
557 5510 705 5555 eum
736 5494 798 5550 in
828 5507 1213 5569 quacumque
1245 5492 1344 5550 die
1362 5490 1912 5566 peccaverit:etim-

2102 1794 2327 1851 Oratio.
2352 1797 2622 1867 Domine,
2660 1799 2764 1870 qui
2793 1800 2967 1869 erigis
3006 1800 3202 1866 elisos,
3229 1805 3285 1859 et
3315 1802 3674 1862 solviscom-

2026 1881 2278 1952 peditos,
2303 1888 2482 1955 atque
2511 1884 2815 1942 illuminas
2857 1903 3046 1943 caecos
3072 1908 3085 1944 :
3108 1903 3218 1945 nos
3237 1905 3479 1962 quoque
3505 1892 3666 1962 erige

2027 1983 2166 2023 cum
2206 1969 2415 2042 lapsus
2454 1972 2775 2040 inclinant;
2809 1978 2866 2031 et
2894 1974 3078 2042 solve,
3128 1992 3265 2031 cum
3283 1983 3529 2048 peccata
3571 1981 3676 2036 cir-

2027 2056 2356 2127 cumligant
2379 2076 2391 2114 :
2423 2066 2601 2132 atque
2622 2060 3059 2133 illumina,cum
3078 2079 3189 2120 nos
3218 2065 3569 2136 ignorantiae
3582 2084 3678 2125 ca-

2023 2142 2146 2213 ligo
2172 2145 2544 2214 circumdat;
2602 2154 2665 2205 ut
2696 2151 2889 2207 anima
2928 2156 3126 2208 nostra
3177 2158 3231 2209 te
3279 2169 3513 2227 semper
3554 2155 3678 2213 lau-

2025 2239 2144 2303 det;
2178 2242 2234 2295 et
2256 2236 2381 2294 vita
2408 2241 2613 2294 nostra
2637 2237 2799 2294 ﬁdeli
2841 2238 3152 2297 devotione
3197 2242 3271 2297 sit
3317 2242 3587 2299 humilis:
3618 2249 3673 2300 et

2024 2327 2169 2400 quia
2190 2325 2272 2382 tui
2296 2325 2562 2381 muneris
2588 2331 2676 2383 est
2703 2327 2871 2398 quod
2887 2329 3232 2400 sumus,tibi
3255 2330 3472 2388 serviat
3494 2346 3671 2388 omne

2023 2414 2189 2488 quod
2224 2414 2503 2471 vivimus.
2533 2425 2600 2483 ﬁ.
2623 2415 2831 2471 Amen.

2097 2506 2220 2558 Per.

2090 2590 2428 2660 Antiphona
2452 2593 2504 2645 2.
2538 2589 2647 2654 Qui
2668 2594 2839 2645 sanat
2860 2592 3145 2647 contritos
3167 2594 3366 2664 corde,
3388 2598 3444 2651 et
3472 2596 3675 2667 alligat

2021 2678 2405 2735 contritiones
2436 2691 2666 2732 eorum.
2710 2679 2954 2745 Magnus
3002 2679 3312 2744 Dominus,
3339 2687 3395 2739 et
3442 2699 3669 2754 magna

2017 2766 2203 2821 virtus
2230 2764 2384 2835 ejus.
2407 2764 2683 2818 Psalmus
2714 2777 2899 2820 CXLVI.

2092 2853 2315 2909 Oratio.
2344 2854 2517 2917 Deus,
2554 2850 2660 2922 qui
2706 2855 2879 2908 sanat
2906 2852 3193 2909 contritos
3226 2855 3444 2919 corde;
3478 2856 3667 2928 plagas

2017 2946 2235 2998 nostras
2260 2938 2556 2995 medelam
2586 2939 2868 3010 impende
2892 2958 2905 3007 ;
2929 2945 2986 2999 et
3009 2941 3115 3013 qui
3140 2942 3443 2999 stellarum
3464 2959 3672 3000 nume-

2014 3045 2116 3089 ras
2140 3026 2537 3084 multudinem
2561 3043 2579 3095 ;
2602 3043 2712 3084 nos
2751 3027 2829 3083 ad
2869 3028 3054 3087 vitam
3099 3031 3534 3102 praedestinatis
3563 3033 3670 3089 ad-

2014 3120 2199 3190 junge
2227 3122 2292 3172 ut
2318 3116 2764 3188 beneplacitum
2804 3116 2910 3173 tibi
2942 3118 3015 3173 sit
3060 3118 3122 3174 in
3146 3120 3325 3178 nobis
3344 3140 3361 3193 ;
3387 3125 3444 3178 et
3492 3122 3555 3178 in
3581 3137 3674 3178 sa-

2016 3206 2137 3263 lute
2165 3222 2275 3261 nos
2304 3209 2527 3260 aeterna
2550 3204 2768 3274 jubeis
2788 3205 3053 3263 exaltari.
3073 3218 3138 3275 Βι.

2094 3297 2218 3350 Per.

2088 3382 2440 3452 Antiphona
2486 3385 2539 3436 3.
2592 3379 2757 3436 Oculi
2804 3381 2989 3437 nostri
3018 3382 3097 3438 ad
3142 3382 3461 3438 Dominum
3482 3385 3670 3442 Deum

2016 3478 2312 3540 nostrum,
2336 3470 2525 3526 donec
2537 3469 2884 3525 misereatur
2899 3468 3097 3525 nobis.
3124 3469 3397 3527 Psalmus
3421 3488 3594 3529 cxxu.

2091 3574 2152 3632 BI.
2183 3560 2475 3623 Miserere,
2509 3556 2652 3627 quia
2677 3558 2830 3611 Deus
2861 3571 2944 3612 es.
3008 3556 3073 3611 P.
3132 3557 3453 3614 Misericors
3488 3560 3665 3616 mise-

2015 3664 2163 3718 rere,
2190 3646 2333 3719 quia
2362 3643 2748 3717 peccavimus
2775 3643 2897 3699 tibi.
2923 3644 2991 3704 ἡ.
3026 3644 3116 3700 Ad
3151 3650 3204 3701 te
3229 3645 3501 3702 levamus
3532 3664 3670 3703 ocu-

2015 3735 2105 3792 los
2122 3731 2476 3803 nostros,qui
2487 3730 2711 3785 habitas
2724 3730 2781 3785 in
2793 3730 3368 3789 coslis.P.Misericors
3381 3734 3667 3790 miserere.

2088 3823 2308 3878 Preces.
2342 3817 2657 3874 Subveniat
2680 3818 2880 3883 nobis,
2938 3818 3210 3883 Domine,
3242 3820 3661 3878 misericordia.

2017 3916 2145 3968 tua.
2179 3906 2639 3967 P.Velociter.v.
2668 3906 2889 3977 lnclyte
2929 3910 3102 3974 Deus,
3153 3910 3387 3978 patiens
3442 3910 3664 3965 clamo-

2016 4015 2144 4056 rem
2183 4000 2454 4053 nostrum
2482 3994 2766 4065 intellige.
2793 3997 2857 4051 P.
2881 3996 3183 4053 Velociter.
3202 3998 3264 4058 V.
3284 3999 3506 4055 Nostris
3527 4000 3671 4055 ade-

2019 4093 2109 4144 sto
2139 4086 2435 4158 precibus,
2464 4089 2520 4140 et
2539 4084 2701 4140 dona
2724 4084 2921 4149 nobis,
2946 4101 3082 4157 quae
3103 4086 3383 4158 petimus.
3410 4087 3471 4142 P.
3506 4089 3670 4145 Velo-

2018 4177 2176 4231 citer.
2203 4174 2262 4235 V.
2286 4176 2409 4229 Tua
2430 4187 2559 4237 nos,
2592 4174 2776 4231 Pater.
2802 4172 3045 4229 dextera
3095 4189 3133 4230 a
3168 4174 3345 4231 malis
3387 4176 3670 4232 omnibus

2016 4263 2224 4318 libera.
2260 4264 2318 4316 P.
2348 4259 2651 4317 Velociter.
2676 4259 2738 4319 ἲν.
2767 4260 3090 4316 Humilium
3133 4277 3362 4333 preces,
3392 4264 3660 4331 Domine,

2021 4349 2199 4421 214
2232 4348 2509 4417 benignis
2560 4348 2805 4403 auribus
2836 4350 3095 4420 percipe.
3139 4352 3205 4405 P.
3271 4351 3571 4408 Velociter.
3603 4352 3665 4410 ἲν.

1942 4426 1984 4479 Ῑ)
2018 4438 2303 4505 Absterge
2329 4451 2366 4491 a
2391 4435 2607 4490 nostris
2634 4435 2910 4491 sensibus
2939 4436 3131 4493 zelum
3150 4440 3393 4509 peccati,
3424 4442 3480 4495 et
3519 4437 3660 4494 odii.

2019 4529 2079 4581 P.
2113 4523 2418 4580 Velociter.
2449 4522 2508 4583 ιγ.
2542 4523 2786 4579 Remitte
2816 4524 3023 4580 omnia
3044 4526 3405 4590 discrimina,
3428 4541 3657 4597 nosque

2020 4615 2292 4687 placatus
2315 4611 2594 4682 justiﬁca.
2637 4611 2703 4664 P-
2755 4612 3051 4668 Velociter.
3091 4614 3155 4674 ἢν.
3205 4613 3444 4669 Intende
3500 4613 3663 4668 beni-

2022 4716 2196 4770 gnus,
2246 4699 2540 4769 supplices
2570 4698 2827 4767 gemitus
2879 4701 3151 4757 omnium
3182 4700 3438 4771 suscipe.
3482 4702 3667 4756 P.Ve-

2020 4787 2241 4843 lociter.
2300 4786 2361 4845 ἲν.
2410 4788 2557 4842 Cum
2586 4786 2817 4842 veneris
2844 4788 3030 4857 judex
3072 4788 3361 4854 omnium,
3394 4787 3667 4862 redemp-

2021 4875 2095 4931 tis
2134 4879 2257 4930 esto
2289 4873 2661 4943 suﬂ‘ragium.
2687 4878 2744 4929 P.
2787 4876 3088 4931 Velociter.

2090 4964 2389 5031 Hymnus.
2424 4963 2466 5017 Ο
2510 4964 2825 5027 Nazarene,
2847 4962 2966 5017 lux.
2993 4963 3097 5031 fol.
3122 4965 3237 5018 144.

2094 5050 2401 5118 Capitula.
2426 5049 2589 5104 Sicut
2612 5050 2801 5105 occuli
2832 5066 3133 5107 servorum
3157 5052 3219 5108 in
3248 5055 3533 5111 manibus
3555 5055 3666 5108 Do-

2019 5138 2323 5195 minarum
2346 5151 2596 5192 suorum
2627 5142 2789 5193 sunt:
2826 5137 2909 5194 ita
2944 5140 3131 5197 nostri
3160 5141 3238 5197 ad
3264 5147 3335 5205 te,
3370 5141 3615 5197 Domine
3650 5154 3662 5190 :

2020 5239 2339 5298 quousque
2361 5227 2419 5278 et
2442 5226 2829 5295 peccantibus
2864 5242 3088 5286 noxam
3126 5230 3408 5292 dimittas,
3468 5230 3523 5280 et
3559 5238 3661 5278 va-

2020 5311 2358 5385 pulantium
2387 5310 2594 5382 plagas
2628 5313 2903 5372 eminuas
2935 5332 2948 5381 ;
2998 5315 3302 5388 impertias
3340 5312 3658 5376 alimenta;

2023 5398 2227 5472 egenis
2258 5403 2315 5455 et
2352 5400 2653 5459 medelam
2690 5402 2877 5460 tribus
2905 5400 3241 5461 vulneratis.

2094 5488 2261 5548 Pater
2270 5491 2494 5549 noster.
