4102 6176
549 393 621 452 ΙΝ
656 383 904 450 TERTIO
942 383 1278 448 DOMINICO
1319 377 1913 455 QUADRAGESIME.

1029 477 1122 534 Ad
1167 479 1479 548 Vesperum

497 567 725 630 Lauda.
775 567 1106 626 Sacriﬁcate
1173 565 1531 622 sacriﬁcium
1569 557 1970 634 vespertinum
2001 553 2064 610 P.

430 663 495 719 Et
524 665 752 734 sperate
772 657 874 714 ﬁlii
891 657 1205 713 hominum
1231 655 1292 711 in
1313 654 1585 710 Domino.
1615 651 1677 711 if.
1695 642 2070 704 Conﬁtemini

428 749 703 819 Domino,
730 751 787 804 et
809 750 1078 803 invocate
1095 759 1317 801 nomen
1333 743 1484 814 ejus.
1511 737 1578 797 P.
1603 735 1669 795 Et
1694 738 1949 810 sperate.

496 837 784 892 Dominus
805 835 894 891 sit.
923 845 992 904 ﬁ.
1026 834 1092 889 Et
1129 847 1286 889 cum.

497 925 869 994 Antiphone.
908 925 1348 978 Perscrutemur
1375 917 1504 975 vias
1529 913 1783 982 Domini,
1813 914 1870 968 et
1898 909 2066 966 inter-

425 1027 706 1083 rogemus
727 1009 906 1067 corda
933 1013 1156 1077 nostra,
1185 1009 1236 1064 si
1264 1023 1388 1064 non
1418 1008 1556 1061 sunt
1581 1001 1862 1074 duplicia.
1891 999 1972 1056 P.
2004 999 2070 1053 Et

429 1099 748 1155 sicstemus
795 1103 930 1154 ante
955 1097 1169 1154 faciem
1203 1097 1300 1153 Dei
1331 1094 1559 1150 mundo
1614 1089 1812 1155 corde,
1842 1092 1898 1145 et
1943 1097 2067 1142 non

424 1187 742 1258 bilingues.
780 1187 846 1250 ἵ.
877 1187 1026 1253 Quia
1071 1201 1195 1242 non
1240 1183 1481 1256 repellet
1509 1180 1797 1238 Dominus
1829 1177 2067 1252 plebem

429 1291 639 1341 suam;
674 1279 730 1331 et
771 1274 1158 1332 hereditatem
1203 1289 1376 1330 suam
1429 1285 1553 1329 non
1580 1269 1966 1342 derelinquet.
1997 1261 2064 1320 P.

426 1364 492 1420 Et
521 1364 603 1418 sic
634 1368 858 1419 stemus
871 1404 884 1417 .

499 1450 788 1505 Dominus
819 1449 911 1504 sit.
944 1459 1008 1519 Bg.
1035 1451 1275 1504 Etcum.

497 1537 724 1594 Lauda.
747 1539 974 1594 Bonum
987 1536 1130 1593 mihi
1143 1535 1405 1608 estquod
1420 1529 1742 1590 humiliasti
1757 1545 1873 1595 me,
1890 1531 2066 1595 Deus,

426 1629 491 1679 ut
527 1625 760 1680 discam
784 1624 1240 1696 justiﬁcationes
1268 1628 1422 1679 tuas.
1453 1623 1525 1677 P.
1547 1623 1773 1676 Bonum
1803 1615 1949 1672 mihi
1972 1615 2067 1671 lex

1677 226 2134 314 BREVIARIUM
2170 235 2560 311 cornicum.

2100 363 2146 429 il
2176 375 2336 433 mitis
2364 377 2552 448 dirige
2583 390 2599 432 :
2645 385 2750 449 per
2792 377 2850 432 te
2886 371 3034 430 lucis
3066 368 3445 428 inveniamus
3481 368 3683 436 viam;
3719 379 3828 442 per

3720 235 3829 302 380

2176 467 2228 521 te
2248 463 2549 522 luminosa
2589 463 2809 521 amoris
2853 461 2936 518 tui
2978 459 3292 532 capiamus
3319 457 3630 514 incendia:
3654 459 3721 514 tu
3745 456 3829 513 la-

2174 553 2421 609 boribus
2441 553 2727 625 requiem,
2756 557 2816 608 tu
2861 547 3277 606 laborantibus
3326 546 3519 602 tribue
3564 546 3829 602 mansio-

2174 656 2314 697 nem
2339 660 2352 709 ;
2382 646 2444 698 ut
2467 643 2684 697 horum
2701 640 2936 696 dierum
2961 635 3379 694 observatione
3418 634 3524 691 tibi
3585 634 3826 708 placen-

2175 732 2282 798 tes,
2324 729 2526 800 glorim
2553 734 2668 786 tum
2693 741 3032 786 mereamur
3056 741 3184 782 esse
3207 723 3551 797 participes.

2246 819 2416 875 Pater
2430 824 2648 876 noster.

2246 907 2567 964 Humiliate
2592 921 2700 964 vos
2719 901 3140 962 benedictioni.

2246 995 2533 1052 Dominus
2563 995 2652 1052 sit.
2687 1005 2751 1065 1p.
2784 995 3008 1051 Etcum
3043 991 3252 1066 spiritu
3274 994 3397 1048 tuo.

2249 1082 2593 1139 Benedictio.
2618 1083 2877 1139 Christus
2893 1080 2996 1137 Dei
3011 1080 3171 1136 ﬁlius
3189 1079 3422 1136 labores
3437 1078 3670 1134 vestros
3688 1091 3829 1150 pro-

2173 1169 2415 1244 pitiatus
2443 1171 2708 1245 aspiciat,
2737 1175 2792 1227 et
2821 1170 3014 1228 cordis
3064 1168 3246 1224 vestri
3283 1166 3558 1224 tenebras
3610 1165 3832 1222 illumi-

2173 1260 2378 1316 nando
2406 1261 2778 1316 submoveat.
2812 1272 2875 1331 1}.
2903 1265 3113 1315 Amen.
3160 1260 3224 1312 In
3245 1255 3544 1313 mandatis
3582 1269 3830 1328 quoque

2172 1348 2327 1404 illius
2348 1349 2428 1405 ita
2448 1349 2558 1405 vim
2585 1354 2791 1405 vestrm
2812 1347 3053 1404 feliciter
3073 1345 3424 1415 dirigantur,
3453 1348 3518 1399 ut
3540 1342 3832 1415 justiﬂca-

2176 1435 2404 1492 tionum
2421 1437 2549 1508 ejus
2562 1441 2901 1492 mereantur
2921 1449 3156 1506 semper
3184 1433 3452 1490 obtinere
3467 1435 3826 1503 proventum

2176 1535 2238 1594 ἢ.
2272 1528 2480 1582 Amen.
2513 1527 2640 1591 Quo
2677 1529 2734 1580 et
2777 1539 3022 1580 cursum
3051 1523 3227 1579 vestri
3263 1519 3485 1577 laboris
3520 1517 3816 1591 propitius

2175 1613 2434 1684 adjuvet,
2458 1617 2514 1668 et
2542 1612 2822 1668 cmcitatis
2849 1615 3065 1668 vestrm
3094 1609 3371 1667 tenebras
3417 1607 3728 1664 miseratus
3759 1605 3828 1662 il-

426 1714 547 1768 oris
578 1713 680 1778 tui,
724 1728 902 1784 super
921 1713 1088 1769 milia
1115 1713 1245 1768 auri
1275 1715 1332 1767 et
1370 1707 1615 1779 argenti.
1642 1708 1704 1767 V.
1740 1706 2066 1761 Bonitatem
2101 1721 2145 1780 Β
2173 1699 2396 1756 lustret.
2425 1711 2492 1772 ﬁ.
2519 1705 2725 1757 Amen.

423 1799 610 1856 fecisti
636 1815 773 1857 cum
809 1816 980 1858 servo
1010 1805 1112 1858 tuo
1146 1799 1432 1860 Domine:
1471 1793 1803 1854 secundum
1818 1793 2069 1850 verbum

425 1891 616 1945 tuum.
642 1890 708 1945 P.
750 1889 1006 1946 Bonum.

1097 1977 1395 2048 Hymnus.

674 2064 894 2121 Christe
914 2063 1225 2130 immense,
1255 2064 1603 2120 Dominator
1630 2063 1852 2125 sancte,

604 2151 846 2209 Custodi
874 2151 1129 2226 plebem,
1158 2168 1344 2225 quam
1365 2158 1428 2208 tu
1447 2149 1749 2207 redemisti

604 2242 902 2314 Sanguine
932 2257 1100 2299 sacro
1130 2247 1234 2297 tuo
1257 2241 1549 2312 pretioso;

913 2334 1044 2402 Ipse
1069 2330 1340 2386 salvasti.

675 2419 919 2475 Claritas
947 2419 1147 2490 fulget,
1183 2416 1589 2488 Dominusque
1611 2413 1763 2479 fecit,

602 2509 668 2562 ln
689 2507 971 2562 Bethania
1000 2506 1078 2562 ad
1110 2507 1400 2561 Lazarum
1428 2504 1606 2567 venit,

603 2595 790 2659 Quem
821 2593 1142 2660 suscitavit,
1170 2597 1227 2647 et
1265 2590 1522 2661 gloriam
1543 2599 1718 2646 suam

919 2679 1324 2737 Manifestavit.

671 2769 848 2824 Maria
876 2774 1077 2824 autem
1096 2767 1261 2824 domi
1282 2769 1530 2832 retenta,

607 2856 798 2920 Quem
823 2854 1214 2928 expectabat:
1244 2855 1428 2925 pietas
1448 2853 1742 2909 immensa

602 2941 689 2999 Illi
707 2945 980 3009 occurrit,
1013 2948 1069 2999 et
1090 2941 1482 2998 annuntiavit.

926 3031 1221 3102 Sororque
1243 3030 1482 3086 Martha.

672 3116 945 3187 Magister
967 3120 1155 3176 adest.
1199 3119 1529 3172 Occurrunt
1565 3123 1820 3184 sorores,

602 3208 668 3261 Et
685 3205 1153 3277 lachrymantes,
1179 3205 1477 3262 Christum
1498 3203 1844 3259 conﬁtentes

600 3292 698 3348 Sic
731 3299 1091 3362 meruerunt,
1119 3298 1184 3348 ut
1211 3292 1481 3348 viderent
1499 3291 1745 3347 fratrem

925 3381 1109 3438 Suum
1135 3383 1566 3449 resurgentem.

669 3467 761 3524 Ad
785 3472 1243 3524 monumentum
1274 3463 1646 3524 exclamabat
1663 3465 1862 3524 Iesus:

605 3558 814 3610 Lazare
842 3557 995 3627 veni,
1027 3557 1433 3628 Dominusque
1457 3560 1671 3612 tecum.

601 3641 698 3697 Ille
737 3642 1004 3708 surrexit,
1032 3647 1086 3698 et
1113 3645 1313 3698 omnis
1329 3646 1565 3698 caterva

922 3727 1009 3784 Ibi
1031 3730 1391 3785 convertitur

686 3818 750 3870 In
783 3815 1051 3871 Samaria
1070 3820 1134 3871 ut
1157 3817 1338 3871 homo
1373 3816 1570 3881 sitivit,

607 3903 672 3958 Et
692 3902 924 3958 mulieri
946 3907 1191 3973 peccata
1212 3903 1451 3968 dimisit,

603 3991 808 4046 Caecus
835 3991 993 4046 enim
1023 3993 1199 4047 natus
1223 3990 1426 4045 lumen
1457 4006 1748 4061 magnum

922 4077 1075 4134 Vidit
1095 4079 1154 4134 in
1187 4077 1362 4134 Siloe.

673 4169 737 4221 In
779 4167 1050 4222 Samaria
1070 4165 1207 4222 fecit
1235 4164 1604 4229 conﬁtentes,

603 4252 668 4308 In
717 4252 996 4310 Bethania
1018 4253 1302 4310 Lazarum
1330 4257 1691 4325 surgentem,

603 4339 825 4397 Surdos
856 4341 1186 4405 audientes,
1211 4346 1266 4396 et
1294 4345 1493 4397 mutos
1521 4341 1854 4414 loquentes,

927 4431 1085 4494 Quos
1115 4428 1394 4486 visitavit.

667 4515 861 4573 Gloria
890 4517 960 4572 Pa
973 4517 1065 4586 tri,
1090 4516 1264 4572 Trino
1291 4517 1664 4590 Sempiterno

602 4603 794 4660 Gloria
825 4605 1072 4670 Christo,
1107 4605 1465 4677 Spirituique
1498 4607 1746 4662 Sancto:

599 4691 1136 4749 Prmdicet'l‘rinum
1163 4691 1262 4764 pia
1286 4708 1431 4748 voce
1449 4707 1671 4749 nomen

935 4783 1122 4838 Omne
1152 4793 1259 4854 per
1286 4797 1499 4838 mvum.

495 4879 559 4937 Βε.
581 4869 785 4924 Amen.

496 4956 1594 5030 Supplicatio.0remusRedemptorem
1627 4956 1856 5022 mundi,
1886 4963 1994 5014 etc.

496 5042 790 5110 Capitula.
808 5045 1009 5107 Quarti
1031 5061 1189 5101 nunc
1207 5051 1261 5101 et
1275 5047 1487 5102 decimi
1507 5045 1621 5101 diei
1634 5046 1708 5101 de
1723 5049 2068 5102 nostrorum

421 5130 658 5187 dierum
671 5127 916 5186 decimis
929 5133 1216 5188 curriculo
1225 5132 1352 5202 jam
1367 5133 1712 5204 peracto,ad
1727 5133 2066 5191 televamus

421 5219 628 5275 oculos
647 5223 902 5285 nostros,
936 5220 1198 5281 Domine,
1228 5220 1329 5287 qui
1362 5219 1596 5275 habites
1621 5223 1680 5276 in
1726 5222 1927 5289 caelis;
1958 5223 2067 5279 im-

418 5304 762 5378 pendejam
785 5309 842 5362 et
884 5302 1357 5360 misericordiam
1384 5308 1631 5372 miseris,
1673 5315 1728 5365 et
1770 5311 2068 5367 medelam

421 5395 652 5462 porrige
665 5393 1093 5450 vulneratis.Tu
1105 5391 1277 5448 nobis
1291 5389 1643 5460 adgressum
1657 5396 1762 5452 iter
1773 5397 2066 5469 placidum

425 5476 620 5535 efﬁce:
657 5484 721 5536 tu
749 5495 851 5538 cor
875 5479 1223 5540 nostrumin
1249 5477 1673 5538 mandatorum
1713 5487 1950 5540 tuorum
1976 5498 2066 5540 se-

2243 1788 2366 1844 Per.

2246 1875 2534 1932 Dominus
2561 1876 2651 1931 sit.
2687 1887 2750 1946 Βτ.
2791 1877 3014 1932 Etcum
3033 1873 3262 1946 spiruto
3291 1875 3415 1930 tuo.

2243 1965 2473 2020 Lauda.
2503 1964 2721 2020 Deiecit
2736 1965 2797 2019 in
2828 1963 3068 2020 salutari
3089 1968 3192 2019 tuo
3221 1963 3425 2019 anima
3449 1975 3617 2017 mea:
3649 1960 3716 2016 Ρ.
3761 1959 3831 2017 Et

2174 2053 2236 2109 in
2260 2052 2440 2108 verbo
2479 2057 2580 2109 tuo
2611 2053 2873 2125 speravi,
2896 2051 3163 2108 Domine.
3194 2050 3262 2111 ν.
3297 2049 3645 2106 Defecerunt
3670 2047 3831 2105 oculi

2175 2142 2294 2197 mei
2323 2142 2383 2197 in
2406 2141 2708 2214 eloquium
2733 2147 2922 2206 tuum,
2942 2141 3206 2196 dicentes
3241 2159 3254 2207 ;
3280 2138 3532 2206 Quando
3546 2138 3826 2195 consola-

2173 2229 2330 2284 beris
2353 2230 2562 2285 me‘lP.
2589 2233 2654 2285 Et
2683 2230 2742 2284 in
2774 2228 2954 2285 verbo
2971 2228 3033 2290 ῒ.
3064 2225 3277 2292 Gloria,
3304 2232 3360 2283 et
3408 2227 3603 2283 honor
3648 2225 3826 2295 Patri,

2176 2321 2284 2373 etc.
2317 2317 2393 2374 P.
2429 2317 2494 2373 Et
2517 2320 2578 2373 in
2603 2318 2807 2374 verbo.

2248 2405 2471 2462 Oratio.
2503 2406 2718 2462 Defecit
2737 2406 2796 2460 in
2824 2404 3068 2461 salutari
3099 2407 3200 2460 tuo
3230 2404 3435 2460 anima
3454 2407 3679 2472 nostra,
3703 2402 3832 2465 [Do-

2174 2493 2362 2549 mine:
2389 2493 2686 2551 desiderio
2715 2491 3018 2549 indefesso
3067 2492 3337 2564 proﬁciat
3379 2491 3554 2564 215
3604 2491 3831 2548 exube-

2175 2581 2358 2636 rantis
2380 2582 2583 2651 gratim
2630 2581 2813 2648 dono,
2841 2583 3195 2654 perceptura
3242 2580 3710 2637 censolationem
3763 2580 3832 2636 in

2175 2670 2443 2740 prmmio.
2474 2681 2536 2739 Βί.
2561 2670 2768 2725 Amen.

2247 2757 2355 2812 Per
2375 2757 2841 2814 misericordiam
2863 2761 3046 2813 tuam.

2246 2845 2453 2901 Lauda
2480 2850 2532 2900 2.
2566 2845 2895 2901 Bonitatem
2927 2843 3112 2901 fecisti
3132 2859 3268 2900 cum
3295 2857 3467 2900 servo
3497 2843 3600 2900 tuo
3630 2846 3832 2901 Domi-

2175 2934 2371 2996 ne;P.
2429 2933 2770 2989 Secundum
2803 2932 3051 2988 verbum
3081 2937 3249 2988 tuum
3287 2932 3548 3003 justiﬂca
3593 2945 3713 2988 me.
3764 2931 3832 2994 ΐ.

2107 3060 2149 3117 C
2176 3021 2506 3076 Bonitatem
2533 3021 2720 3076 fecisti
2734 3037 2871 3076 cum
2885 3036 3053 3076 servo
3072 3024 3193 3085 tuo,
3205 3020 3447 3075 Domine
3468 3037 3480 3074 ε
3500 3021 3647 3092 quia
3661 3036 3835 3077 man-

2179 3110 2330 3166 datis
2345 3111 2454 3166 tuis
2467 3109 3831 3170 credidi.P.Secuudum.V.Gloria.P.Secundum.

2251 3197 2468 3254 Oratio.
2528 3197 2853 3253 Bonitatem
2901 3202 2958 3254 et
2999 3197 3376 3268 disciplinam
3421 3201 3479 3253 et
3514 3198 3829 3254 scientiam

2180 3285 2328 3342 doce
2355 3301 2466 3341 nos
2489 3286 2733 3342 Domine
2756 3290 2849 3341 :ut
2873 3301 2983 3342 nec
3006 3286 3230 3341 malitia
3249 3301 3496 3358 asperos
3519 3304 3532 3344 :
3553 3301 3666 3342 nec
3683 3286 3832 3342 desi-

2179 3370 2279 3429 dia
2307 3373 2618 3430 remissos:
2653 3389 2763 3428 nec
2780 3372 3019 3429 stultitia
3031 3373 3242 3430 reddat
3261 3372 3828 3444 ignavos.n.Amen.

2249 3462 2536 3517 Psalmus.
2569 3462 2836 3518 Miserere
2863 3461 2981 3518 mei
3011 3463 3162 3518 Deus
3222 3462 3394 3517 Totus
3441 3471 3578 3518 eum
3609 3461 3829 3520 Gloria.

2178 3550 2256 3604 Et
2286 3549 2481 3620 Kyrie,
2511 3548 2751 3606 eleison.
2780 3549 3027 3620 Christe,
3056 3549 3297 3606 eleison.
3336 3550 3534 3622 Kyrie,
3578 3550 3824 3608 eleison.

2249 3639 2421 3693 Pater
2441 3643 2670 3694 noster.
2701 3641 2766 3693 Et
2794 3638 2868 3693 de
2890 3653 3021 3694 nos.

2249 3727 2479 3781 Preces.
2511 3726 2756 3781 Domine
2784 3726 3344 3794 misericordiarum,
3374 3725 3437 3782 P.
3469 3726 3834 3784 Obliviscere

2178 3819 2426 3886 peccata
2441 3814 2741 3875 ηοω-θην.
2776 3816 2882 3880 Qui
2911 3815 3097 3871 vitam
3121 3815 3576 3878 mortuis,coecis
3600 3815 3830 3886 lumen,

2180 3902 2453 3958 auditum
2475 3903 2668 3958 surdis
2697 3902 2937 3960 dedisti.
2979 3906 3034 3958 P.
3067 3903 3440 3960 Obliviscere.
3472 3904 3534 3964 tr.
3577 3907 3692 3970 Qui
3719 3921 3837 3962 mu-

2180 3990 2250 4046 tis
2278 3989 2603 4061 eloquium,
2631 3992 2862 4047 claudis
2885 4007 3174 4061 gressum,
3207 3991 3460 4061 leprosis
3508 3994 3836 4050 sanitatem

2178 4077 2411 4134 dedisti.
2434 4078 2494 4132 P.
2516 4078 2891 4134 Obliviscere.
2916 4080 2977 4139 ἲν.
3008 4079 3115 4144 Qui
3142 4079 3391 4149 injurias
3431 4081 3634 4136 carnis
3698 4097 3838 4138 nos-

2177 4171 2280 4223 trm
2306 4167 2366 4222 in
2400 4171 2501 4222 tuo
2531 4183 2776 4238 corpore
2792 4167 3101 4239 pertulisti.
3138 4168 3200 4222 P.
3230 4167 3606 4224 Obliviscere.

2252 4255 2474 4310 Oratio.
2498 4255 2719 4310 Exaudi
2737 4257 3068 4310 orationem
3084 4259 3363 4310 nostram.
3393 4255 3502 4326 fol.
3538 4259 3658 4314 138.

2752 4343 2848 4398 Ad
2872 4343 3260 4399 Matutinum.

2101 4398 2146 4453 Β
2247 4429 2535 4498 Hymnus.
2584 4432 2812 4484 Eterne
2853 4445 3052 4485 rerum
3083 4431 3390 4487 Conditor.
3429 4433 3544 4501 fol.
3575 4437 3628 4489 3.

2250 4517 2780 4572 0ratio.A§ternum
2793 4522 2848 4572 te
2860 4517 3532 4591 Dominum,rerumque
3549 4521 3833 4578 omnium

2177 4604 2566 4668 conditorem,
2599 4610 2952 4661 cunctorum
2972 4621 3090 4661 vox
3119 4607 3278 4662 canit
3306 4607 3593 4676 ﬁdelium,
3628 4609 3734 4680 qui
3777 4615 3832 4664 et

2178 4697 2370 4748 certos
2400 4691 2615 4748 limites
2634 4692 2792 4763 ﬁgis,
2827 4697 2883 4748 et
2903 4697 3109 4762 metas,
3133 4694 3356 4765 quibus
3403 4709 3522 4750 nox
3557 4709 3825 4752 secerna-

2177 4784 2271 4835 tur
2300 4784 2356 4835 et
2375 4779 2520 4846 dies,
2544 4785 2763 4836 mterna
2791 4781 2919 4850 lege
2939 4781 3278 4836 constituis:
3318 4782 3581 4853 abyssus
3610 4783 3832 4840 etenim

2178 4869 2476 4939 sapientim
2520 4874 2652 4937 tum,
2687 4873 2749 4924 ut
2778 4868 3119 4925 mortalium
3170 4869 3446 4926 allevaret
3494 4871 3827 4939 fastidium,

2179 4954 2343 5010 aliud
2373 4957 2562 5012 labori
2591 4957 2900 5026 concessit,
2935 4957 3097 5012 aliud
3125 4959 3309 5029 quieti
3326 4961 3609 5016 servavit:
3651 4963 3832 5016 Prms-

2176 5048 2253 5109 ta,
2287 5059 2448 5114 ergo,
2474 5045 2856 5116 omnipotens
2884 5044 3057 5110 Deus,
3086 5051 3151 5100 ut
3179 5059 3348 5100 mens
3395 5059 3557 5117 mgra
3585 5053 3833 5120 sopore,

2175 5133 2320 5186 dum
2346 5134 2500 5201 gallo
2527 5138 2790 5198 canente,
2824 5133 3196 5198 admonetur,
3245 5133 3518 5189 alacriter
3559 5143 3835 5202 currens,

2177 5221 2252 5276 ad
2276 5236 2442 5290 spem
2456 5223 2652 5278 redeat
2676 5223 2841 5285 lucis,
2871 5226 2926 5276 et
2956 5221 3244 5292 primitias
3296 5221 3492 5277 diurni
3509 5222 3739 5281 laboris
3774 5225 3838 5281 in

2176 5308 2291 5364 tuis
2322 5323 2556 5379 semper
2577 5311 2885 5382 impendat
2912 5309 3150 5366 ofﬁciis.
3187 5319 3249 5379 ne.
3279 5309 3493 5366 Arnen.

2254 5396 2358 5450 Per
2381 5397 2870 5454 misericordiam.
3567 5465 3576 5472 .

2249 5483 2596 5554 Antiphona
2622 5485 2934 5544 t.Domine
2973 5485 3078 5558 qui
3116 5485 3493 5559 multiplicati
3539 5489 3698 5557 Sunt,
3727 5489 3836 5561 qui
