4102 6176
198 266 295 340 381

1342 288 1700 351 DOMIMICA
1736 290 1812 349 m
1852 274 2460 364 QUADRAGESIMAE.

3486 294 3595 363 Ἠ

192 407 475 502 tribulam
493 423 587 466 me
603 406 633 463 ‘i
650 410 735 466 Tu
752 413 957 469 autem
973 410 1225 472 Domine
1245 422 1553 491 susceptor
1564 432 1736 475 meus
1755 433 1838 475 es.
1874 414 1924 477 Α
2027 435 2089 496 Βρ.
2124 426 2263 492 Quis
2285 428 2341 483 te
2358 422 2763 484 consolabitur
2779 426 2949 499 virgo
2973 422 3095 485 ﬁlia
3121 427 3282 501 Sion,
3312 426 3455 502 quia
3474 442 3608 488 ma-

193 499 468 556 Psalmus
498 514 582 556 ut.

255 587 609 657 Anti'phona
626 592 678 643 2.
700 585 836 645 Dele
852 589 1100 647 Domine
1115 592 1456 665 iniquitates
1472 612 1658 653 meas.
1681 596 1843 654 Psal-

197 693 316 733 mus
336 693 386 730 L.
420 676 773 746 Antiphona
791 681 842 733 3.
864 681 926 734 ln
949 684 1003 735 te
1028 681 1274 740 conﬁdit
1293 686 1496 742 anima
1514 702 1651 743 mea
1678 687 1842 743 Psal-

197 782 319 822 mus
347 781 458 821 LVI.

266 855 488 911 Oratio.
514 854 765 910 Domine
780 858 955 924 Deus,
980 859 1144 930 apud
1161 875 1341 932 quem
1358 863 1706 920 conﬁtentes
1722 880 1841 920 me-

196 943 387 1000 delam
424 943 634 999 salutis
662 945 1158 1017 inveniunt;dele
1184 950 1559 1022 piaculorum
1596 953 1843 1010 vulnera

198 1031 269 1087 de
298 1030 579 1088 cordibus
610 1032 971 1103 hominum;
1002 1041 1057 1092 et
1079 1038 1323 1094 ostende
1370 1055 1549 1112 super
1584 1056 1695 1097 nos
1722 1040 1840 1096 cle-

194 1136 329 1177 men
339 1121 427 1177 tite
448 1126 561 1177 tua;
575 1119 979 1180 clarissimum
997 1125 1225 1182 vultum
1244 1146 1256 1194 ;
1272 1131 1559 1200 tuumque
1572 1128 1843 1185 clamori-

192 1207 305 1266 bus
334 1210 679 1282 supplicum
708 1210 933 1268 inclina
954 1219 1229 1270 sanctum
1256 1217 1567 1273 auditum:
1596 1218 1841 1274 Eﬁ‘unde

190 1300 490 1357 mentibus
505 1300 723 1356 nostris
739 1306 854 1357 tua:
868 1304 1069 1372 gratiae
1092 1304 1321 1361 donum
1342 1325 1360 1378 ;
1378 1312 1433 1363 et
1458 1309 1717 1363 concede
1740 1325 1841 1380 po-

189 1388 543 1445 stulantibus
558 1390 895 1446 remedium
910 1393 1258 1463 quaesitum:
1280 1410 1349 1450 ac
1362 1394 1503 1467 quia
1517 1395 1594 1451 ad
1608 1396 1838 1469 impen-

186 1476 341 1533 dend
356 1493 455 1532 um
490 1476 760 1534 debitum
803 1484 1020 1536 nostras
1052 1482 1343 1537 servitutis
1375 1485 1792 1553 consurgimus
1821 1502 1835 1553 ;

186 1564 425 1621 effunde
443 1566 882 1624 benedictionis
905 1572 961 1624 et
980 1569 1184 1625 salutis
1211 1569 1637 1629 abundantiam
1660 1590 1839 1645 super

184 1654 481 1727 populum
515 1659 686 1711 tuum
724 1672 737 1711 :
773 1671 843 1711 ac
873 1655 1004 1712 dele
1034 1658 1366 1715 misericors
1392 1660 1582 1715 scelus
1606 1666 1835 1717 contra-

180 1745 335 1798 ctum
366 1758 379 1807 ;
414 1745 473 1797 et
504 1740 598 1798 fac
629 1757 742 1797 nos
788 1758 915 1799 esse
946 1743 1165 1801 liberos
1197 1762 1232 1802 a
1259 1752 1425 1803 reatu
1454 1748 1781 1804 facinorum
1820 1769 1832 1806 :
1866 1771 1910 1826 Β

180 1829 314 1887 audi
347 1830 612 1899 gemitus
645 1832 972 1903 petentium
992 1852 1009 1905 ;
1038 1834 1253 1905 largire
1300 1836 1683 1906 indulgentia:
1720 1837 1837 1894 fru-

182 1925 335 1975 ctum
364 1937 375 1985 ;
412 1922 471 1974 et
501 1918 871 1975 clamoribus
900 1921 1250 1994 pulsantum
1280 1922 1548 1981 ﬁdelium
1575 1925 1834 1983 concede

182 2006 427 2076 singulis
464 2007 827 2077 suffragium
854 2010 1244 2081 postulatum.
1273 2024 1345 2083 BZ.
1383 2014 1590 2070 Amen.

244 2096 349 2152 Per
387 2096 890 2153 misericordiam.

241 2186 601 2255 Antiphona
624 2190 669 2239 t.
694 2187 974 2242 Converte
996 2202 1106 2242 nos
1125 2188 1278 2243 Deus
1302 2186 1573 2246 salutaris
1592 2195 1787 2247 noster
1814 2211 1827 2249 :

179 2272 240 2328 P.
276 2275 341 2329 Et
369 2277 575 2329 averte
602 2273 757 2329 iram
808 2278 974 2329 tuam
1020 2290 1056 2331 a
1085 2275 1278 2331 nobis.
1312 2280 1391 2333 Ne
1429 2278 1490 2334 in
1544 2283 1830 2335 aeternum

175 2360 448 2418 irascaris
478 2360 679 2417 nobis.
712 2361 780 2421 π’.
827 2363 979 2419 Deus
1024 2368 1084 2420 tu
1114 2370 1465 2422 convertens
1495 2367 1827 2425 viviﬁcabis

173 2465 275 2506 nos
306 2468 318 2505 ;
348 2457 407 2507 et
429 2449 606 2523 plebs
628 2455 731 2507 tua
754 2450 1051 2509 laetabitur
1078 2452 1139 2509 in
1172 2458 1249 2509 te.
1297 2454 1361 2509 P.
1408 2458 1473 2512 Et
1514 2463 1729 2512 averte.
1762 2455 1827 2517 ἵ.

173 2537 383 2605 Gloria,
415 2543 475 2595 et
505 2539 721 2595 honor.

235 2628 477 2683 Oratio.
514 2627 800 2684 Converte
817 2644 927 2685 nos
954 2629 1108 2686 Deus
1137 2631 1410 2688 salutaris
1434 2634 1630 2689 noster
1651 2632 1729 2689 ad
1750 2636 1823 2702 te,

169 2720 227 2771 ut
256 2721 501 2773 avertas
529 2715 682 2772 iram
711 2720 876 2773 tuam
903 2734 937 2774 a
958 2718 1135 2774 nobis
1162 2736 1176 2787 ;
1201 2719 1342 2792 quia
1372 2720 1554 2777 aderit
1581 2721 1829 2793 respira-

166 2818 323 2871 men,
366 2804 415 2859 si
452 2803 838 2876 suspenderis
866 2805 1127 2863 furorem
1162 2809 1273 2865 :sit
1302 2808 1615 2864 clementia
1633 2809 1828 2880 proxi-

166 2907 283 2958 ma,
318 2898 385 2947 ut
406 2891 622 2964 procul
647 2893 723 2949 sit
755 2892 843 2949 ira
877 2898 1190 2950 :converte
1221 2911 1351 2966 nos,
1396 2899 1458 2951 ut
1484 2896 1826 2953 miserando

164 2981 419 3036 vulnera
441 2986 649 3037 nostra
663 2997 838 3037 sanes
868 2999 880 3037 :
910 2998 983 3038 ne
998 2999 1238 3039 aversus
1251 2985 1406 3055 juste
1429 3000 1535 3056 pro
1558 2990 1822 3056 peccato,

164 3068 378 3142 plagas
397 3070 602 3142 potius
623 3070 997 3143 multiplices.
1028 3073 1179 3141 Ergo
1199 3086 1504 3141 rogamus,
1529 3076 1826 3143 utprznve-

166 3157 292 3213 niat
316 3157 622 3229 justitiam
644 3157 855 3230 pietas,
883 3162 937 3215 et
962 3165 1337 3231 prteoccupet
1362 3175 1606 3232 poenam
1635 3160 1825 3216 indul-

165 3245 365 3315 gentia
391 3259 540 3313 ;nos
562 3260 800 3318 quoque
823 3244 899 3301 ad
922 3250 975 3302 te
997 3252 1267 3303 converte
1293 3264 1305 3314 ;
1338 3249 1401 3303 ut
1423 3246 1649 3305 tribuas
1672 3246 1825 3305 salu-

163 3336 307 3403 tem,
349 3340 410 3390 et
440 3333 767 3391 subtrahas
790 3333 1097 3392 ultionem.
1129 3346 1193 3406 11v.
1230 3340 1431 3393 Amen.

228 3422 344 3478 Per
373 3423 880 3480 misericordiam.

230 3511 593 3580 Antiphona
618 3516 677 3568 2.
714 3511 981 3567 Judicate
1004 3511 1255 3584 pupillo,
1287 3516 1343 3568 et
1367 3526 1557 3581 egeno
1591 3528 1603 3566 :
1630 3511 1689 3566 P.
1716 3512 1826 3567 Hu-

156 3597 387 3665 milem,
406 3604 461 3655 et
480 3614 812 3672 pauperem
830 3600 850 3671 j
865 3600 1174 3656 ustiﬁcate.
1199 3600 1409 3673 Eripite
1427 3616 1755 3673 pauperem
1768 3605 1825 3656 et

157 3702 423 3759 egenum
456 3708 466 3746 :
495 3687 571 3743 de
593 3704 781 3744 manu
813 3690 1143 3760 peccatoris
1178 3687 1422 3745 liberate
1452 3705 1611 3745 eum.
1656 3691 1715 3745 P.
1759 3691 1826 3744 Et

154 3789 515 3848 pauperem.
549 3775 608 3835 V.
644 3774 859 3842 Gloria,
904 3781 957 3832 et
986 3776 1206 3833 honor.

230 3865 463 3920 Oratio.
500 3864 753 3933 Exurge,
785 3864 1053 3933 Domine,
1081 3863 1184 3935 qui
1203 3861 1439 3935 judicas
1478 3868 1733 3920 terram:
1768 3869 1824 3920 et

159 3953 261 4024 qui
293 3951 481 4008 ﬁdem
512 3952 786 4008 omnium
829 3953 1095 4022 gentium
1126 3953 1263 4024 pius
1298 3968 1611 4024 possessor
1647 3951 1823 4007 inha-

155 4040 341 4103 bitas,
360 4056 437 4095 ne
462 4041 709 4110 patiaris
735 4055 847 4095 nos
875 4040 1209 4096 intenebris
1235 4054 1545 4095 remanere
1569 4058 1581 4105 ;
1609 4040 1710 4097 sed
1730 4039 1822 4096 fac

158 4143 287 4182 nos
314 4127 523 4182 lumen
545 4135 657 4183 tua:
697 4129 963 4185 veritatis
1003 4129 1267 4200 aspicere
1301 4148 1312 4186 :
1339 4131 1401 4183 ut
1432 4127 1824 4184 fundamenta

160 4214 316 4270 ﬁdei
358 4222 571 4270 nostrae
599 4232 718 4274 non
751 4233 934 4290 super
963 4233 1230 4287 arenam,
1270 4232 1457 4288 quam
1493 4214 1667 4271 turbo
1717 4217 1819 4272 de-

148 4304 351 4374 jiciat,
388 4303 729 4361 ediﬁcemus
756 4325 770 4373 ;
797 4306 901 4361 sed
928 4322 1113 4379 supra
1163 4310 1415 4378 petram,
1449 4306 1617 4375 cujus
1658 4309 1719 4361 tu
1755 4320 1817 4361 es

151 4393 430 4459 ﬁrmitas,
470 4395 877 4451 conlocemus.
908 4407 971 4465 Ity.
1004 4399 1215 4450 Amen.

222 4486 334 4539 Per
370 4482 849 4540 misericordiam
881 4488 1069 4540 tuam.

222 4574 580 4640 Antiphona
608 4575 661 4629 3.
695 4575 776 4627 Tu
802 4571 977 4627 nobis
1015 4588 1094 4636 es,
1139 4570 1409 4635 Domine,
1456 4570 1752 4640 refugium
1784 4589 1820 4629 a

148 4677 463 4734 pressura,
483 4678 621 4733 qua:
646 4658 1187 4715 circumdeditnos.
1215 4660 1277 4714 P.
1297 4657 1472 4715 Multa
1495 4663 1632 4715 sunt
1659 4660 1818 4715 enim

152 4748 391 4820 ﬂagella
424 4756 815 4822 peccatorum
844 4753 1210 4805 nostrorum.
1239 4746 1300 4806 ἲν.
1332 4744 1444 4802 Pro
1474 4748 1587 4803 hac
1626 4748 1822 4804 orabit

155 4838 225 4892 ad
249 4842 300 4894 te
326 4837 533 4893 omnis
559 4843 803 4892 sanctus
837 4837 896 4891 in
928 4839 1194 4907 tempore
1215 4839 1576 4907 opportuno.
1605 4836 1662 4890 P.
1683 4834 1819 4892 Mul-

155 4932 226 4984 ta.
258 4928 320 4986 Ῡ.
359 4924 585 4993 Gloria,
616 4929 673 4980 et
700 4924 917 4981 honor.

224 5016 457 5074 Oratio.
494 5016 582 5069 Da
613 5012 789 5069 nobis
815 5013 1065 5069 Domine
1088 5015 1470 5084 peccatorum
1515 5010 1817 5067 remissio-

150 5118 308 5168 nem,
337 5105 445 5176 qui
463 5102 741 5176 purgatis
758 5106 974 5173 praesta
994 5099 1429 5156 beatitudinem
1457 5116 1470 5154 :
1498 5096 1548 5168 2
1565 5099 1674 5170 16
1692 5104 1818 5156 esto

146 5192 451 5261 refugium
484 5208 521 5247 a
556 5206 834 5263 pressura
858 5186 1282 5255 damnationis,
1326 5186 1428 5259 qui
1460 5186 1722 5242 indultor
1752 5203 1815 5243 es

145 5276 431 5335 libertatis
467 5300 480 5337 :
519 5281 578 5333 et
600 5277 913 5349 quimulta
942 5277 1178 5343 flagella
1210 5280 1590 5347 peccatorum
1626 5276 1686 5331 in
1712 5290 1815 5333 no-

147 5365 232 5422 bis
260 5370 450 5441 plaga
479 5368 762 5422 inruente
803 5365 1111 5433 sentimus,
1143 5365 1203 5420 in
1234 5368 1287 5420 te
1321 5363 1678 5429 conﬁtendo,
1711 5365 1815 5421 cir-

138 5456 418 5512 cumdari
442 5472 553 5511 nos
579 5459 685 5509 tua
708 5453 1114 5510 misericordia
1136 5452 1485 5518 sentiamus,
1509 5464 1571 5525 Bg.
1600 5453 1809 5510 Amen.

207 5546 328 5599 Per
356 5540 868 5600 misericordiam.

1953 527 2073 582 gna
2120 520 2211 570 est
2249 516 2400 572 sicut
2444 532 2610 573 mare
2664 516 2937 573 contritio
2985 517 3135 573 tua?
3161 517 3407 574 Effunde
3453 518 3604 576 sicut

1953 617 2102 673 aqua
2135 619 2237 659 cor
2266 609 2459 661 tuum.
2500 608 2558 661 P.
2598 606 2661 661 In
2690 608 3010 677 conspectu
3029 604 3267 661 Domini
3288 606 3497 662 extolle
3523 606 3601 664 ad

1951 706 2089 746 eum
2122 709 2338 749 manus
2367 699 2497 750 tuas
2523 710 2631 767 pro
2652 694 2919 750 remedio
2938 697 3322 766 peccatorum
3340 700 3596 751 tuorum.

1948 775 2017 838 ll’.
2057 780 2257 836 Deduc
2295 783 2469 854 quasi
2506 787 2825 839 torrentem
2854 781 3199 854 lachrymas
3218 797 3323 854 per
3343 782 3521 847 diem,
3545 787 3602 840 et

1947 872 2207 936 noctem,
2231 874 2286 925 et
2315 885 2435 925 non
2464 874 2697 927 taceant
2718 870 2960 943 pupillae
2991 868 3147 926 oculi
3162 870 3264 926 tui.
3298 868 3357 924 P.
3378 870 3442 925 In
3462 884 3600 926 con-

1952 959 2175 1028 spectu.
2207 957 2269 1018 llr.
2294 958 2507 1027 Gloria,
2532 964 2588 1015 et
2609 958 2823 1015 honor.

2025 1046 2249 1101 Oratio.
2284 1047 2606 1104 Consolare
2636 1064 2768 1113 nos,
2813 1046 3081 1118 Domine,
3116 1046 3179 1101 in
3221 1045 3599 1104 tribulatione

1949 1136 2172 1198 nostra,
2206 1135 2585 1207 quiquotidie
2616 1134 2871 1207 peccatis
2889 1135 3326 1199 contristamur,
3356 1138 3413 1189 et
3433 1150 3597 1190 com-

1948 1237 2147 1294 punge
2174 1240 2276 1279 cor
2286 1228 2554 1280 nostrum
2569 1225 2645 1281 ad
2660 1223 3054 1280 etfundendas
3075 1220 3433 1294 lachrymas,
3449 1221 3599 1281 sicut

1949 1325 2109 1382 aqua
2133 1311 2191 1366 in
2214 1317 2537 1384 conspectu
2554 1317 2655 1368 tuo
2690 1331 2701 1368 :
2738 1317 2799 1367 ut
2829 1310 3177 1368 extollentes
3201 1309 3277 1366 ad
3298 1314 3354 1367 te
3380 1325 3598 1367 manus

1946 1403 2199 1465 nostras,
2233 1415 2567 1473 numquam
2594 1400 2878 1455 humanis
2922 1398 3275 1469 dejiciamur
3305 1397 3365 1453 in
3408 1398 3597 1455 laudi-

1944 1485 2061 1542 bus
2082 1505 2095 1554 ;
2129 1488 2233 1543 sed
2264 1492 2338 1551 te,
2361 1489 2419 1544 in
2437 1504 2559 1562 quo
2575 1503 2817 1543 summa
2833 1491 2919 1544 est
2939 1486 3232 1558 gloriatio,
3259 1485 3344 1543 tui
3363 1501 3593 1544 memo-

1944 1590 2056 1641 res,
2090 1573 2468 1631 delectemur.
2504 1588 2566 1645 ἢ.
2591 1576 2799 1632 Amen.

2015 1666 2121 1718 Per
2144 1663 2631 1720 misericordiam.

2548 1754 2617 1808 In
2649 1752 2972 1808 Laudibus.

2014 1838 2111 1894 Ad
2142 1839 2473 1896 Canticum.
2505 1841 2862 1910 Antiphona.
2898 1840 3057 1896 Sicut
3097 1836 3430 1909 parturiens
3454 1850 3590 1907 pro-

1941 1926 2104 1984 xima
2133 1932 2222 1984 est
2250 1930 2468 2001 partui,
2493 1934 2549 1985 et
2573 1929 2634 1984 in
2657 1928 2861 1984 dolore
2900 1943 3009 1983 suo
3039 1927 3258 1981 clamat
3289 1940 3302 1979 :
3340 1926 3419 1980 ita
3449 1924 3589 1980 facti

1942 2032 2150 2071 sumus
2175 2017 2406 2073 dilecto.
2440 2019 2684 2090 Propter
2711 2017 2983 2072 timorem
3021 2019 3186 2071 tuum
3229 2013 3497 2078 Domine,
3526 2012 3589 2067 in

1941 2108 2107 2160 utero
2136 2106 2499 2178 accepimus,
2524 2110 2580 2162 et
2600 2105 3025 2179 parturivimus
3052 2102 3328 2175 spiritum
3357 2100 3583 2170 salutis,

1940 2208 2121 2263 quem
2148 2192 2328 2249 fecisti
2360 2210 2540 2265 super
2564 2198 2803 2249 terram.

2012 2280 2343 2338 Canticum.
2376 2281 2456 2337 De
2486 2287 2657 2337 nocte
2683 2278 2906 2351 vigilat.
2932 2280 3048 2349 fol.
3073 2281 3160 2334 64.

2006 2370 2490 2427 AdBenedictus.
2505 2370 2871 2438 Antiphona.
2886 2371 3049 2425 Mane
3063 2366 3276 2423 astabo
3289 2363 3414 2429 tibi,
3431 2363 3588 2419 etvi-

1936 2454 2093 2512 debo
2116 2462 2169 2513 te
2196 2476 2211 2511 :
2242 2458 2529 2530 quoniam
2553 2463 2613 2513 tu
2644 2474 2705 2513 es
2735 2460 2904 2523 Deus,
2934 2454 3143 2511 nolens
3175 2454 3578 2525 iniquitatem.

1934 2542 1996 2603 77.
2039 2543 2228 2600 Verba
2258 2561 2393 2600 mea
2426 2545 2674 2600 auribus
2728 2544 2963 2615 percipe
3006 2542 3275 2609 Domine,
3328 2539 3585 2610 intellige

1937 2630 2257 2686 clamorem
2290 2647 2511 2687 meum.
2548 2631 2786 2687 Intende
2818 2630 2951 2685 voci
2973 2628 3258 2684 orationis
3283 2643 3453 2696 meae,
3482 2642 3585 2683 rex

1936 2724 2107 2775 meus
2132 2722 2186 2774 et
2218 2721 2370 2774 Deus
2398 2734 2585 2774 meus.
2607 2718 2899 2783 Quoniam
2924 2716 3001 2771 ad
3028 2718 3081 2771 te
3104 2713 3291 2771 orabo
3314 2715 3581 2769 Domine.

2008 2807 2337 2864 Canticum.
2362 2806 2708 2863 Benedictus
2727 2822 2790 2860 es
2810 2804 3078 2860 Domine.
3098 2804 3306 2870 Quare
3320 2802 3431 2869 fol.
3458 2805 3508 2855 6.

2005 2895 2228 2951 Lauda.
2261 2895 2517 2950 Laudate
2544 2892 2867 2949 Dominum
2884 2892 2958 2947 de
2976 2890 3140 2946 caelis
3165 2903 3378 2945 omnes
3397 2884 3581 2942 stella:

1935 2988 1991 3041 et
2009 2983 2233 3040 lumen.
2267 2983 2407 3039 Coeli
2438 2983 2746 3049 coalorum,
2770 2986 2825 3038 et
2856 2998 3051 3055 aquae,
3080 2995 3214 3053 quas
3239 2982 3377 3034 sunt
3402 2991 3583 3049 supra

1935 3073 2137 3139 coelos,
2161 3074 2217 3127 P.
2254 3071 2519 3129 Laudent
2544 3087 2765 3127 nomen
2794 3069 3027 3126 Dimini.
3060 3069 3122 3130 tt.
3155 3070 3341 3137 Reges
3391 3070 3579 3132 terrae,

1936 3166 1992 3217 et
2011 3177 2220 3218 omnes
2236 3159 2442 3233 populi
2470 3177 2483 3215 :
2509 3159 2825 3232 principes,
2847 3164 2902 3216 et
2917 3173 3127 3215 omnes
3140 3156 3372 3229 judices
3393 3160 3579 3213 terrte.

1936 3251 1992 3305 P.
2028 3248 2308 3306 Laudent.

2254 3338 2447 3393 Lectio
2470 3337 2612 3392 libri
2637 3336 2895 3393 Numeri
2912 3336 3085 3407 (Cap.
3117 3338 3261 3397 xm).

2006 3438 2071 3497 [tu
2096 3428 2214 3483 Deo
2238 3425 2480 3495 gratias.

2006 3516 2068 3569 In
2098 3512 2210 3569 illis
2240 3511 2454 3569 diebus
2481 3528 2491 3565 :
2518 3513 2770 3567 Locutus
2793 3510 2882 3565 est
2907 3506 3193 3563 Dominus
3212 3503 3289 3560 ad
3318 3504 3581 3575 Moysen,

1933 3601 2138 3658 dicens
2175 3619 2186 3657 :
2230 3603 2379 3658 Mitte
2409 3600 2591 3667 viros,
2622 3600 2719 3672 qui
2770 3596 3147 3653 conciderent
3180 3598 3398 3649 terram
3430 3591 3581 3647 Cha-

1931 3705 2109 3755 naan,
2137 3705 2322 3761 quam
2346 3689 2593 3743 daturus
2632 3702 2764 3742 sum
2796 3685 2929 3740 ﬁliis
2960 3680 3157 3745 Israel,
3209 3678 3477 3750 singulos
3507 3678 3582 3735 de

1933 3778 2179 3849 singulis
2196 3776 2491 3841 tribubus,
2508 3791 2578 3830 ex
2594 3768 3148 3846 principibus.Fecit
3169 3772 3393 3841 Moyses
3415 3767 3582 3841 quod

1933 3867 2223 3922 Dominus
2238 3861 2890 3936 imperaverat,mittens
2912 3858 3206 3932 principes
3219 3858 3377 3912 viros
3389 3856 3462 3911 de
3479 3855 3581 3911 de-

1933 3962 2084 4012 serto
2110 3956 2365 4019 Pharan,
2392 3968 2648 4025 quorum
2685 3952 2796 4007 ista
2828 3956 2965 4006 sunt
2995 3949 3263 4005 nomina.
3316 3948 3394 4002 De
3424 3945 3581 4002 tribu

1931 4044 2161 4113 Ruben,
2194 4046 2476 4099 Semmua
2504 4040 2691 4096 ﬁlium
2725 4040 2965 4096 Zechur.
3016 4039 3093 4093 De
3129 4035 3287 4092 tribu
3319 4036 3579 4099 Simeon,

1934 4130 2156 4203 Saphat
2176 4130 2366 4185 ﬁlium
2393 4128 2548 4184 Huri.
2574 4130 2652 4185 De
2677 4129 2831 4184 tribu
2859 4125 3025 4191 Juda,
3058 4124 3235 4183 Caleb
3261 4123 3450 4178 ﬁlium
3488 4123 3581 4177 Je-

1930 4219 2148 4294 phone.
2182 4219 2260 4273 De
2292 4218 2446 4273 tribu
2486 4215 2773 4280 Issachar,
2827 4214 2948 4285 lgal
2991 4213 3183 4269 ﬁlium
3213 4212 3452 4284 Joseph.
3502 4210 3583 4266 De

1931 4307 2083 4364 tribu
2098 4305 2403 4377 Ephraim,
2423 4307 2569 4361 Osee
2586 4302 2769 4359 ﬁlium
2792 4307 2944 4359 Nun.
2965 4302 3045 4357 De
3065 4301 3223 4358 tribu
3241 4299 3577 4371 Benjamin,

1932 4394 2119 4452 Phalti
2138 4393 2326 4449 ﬁlium
2346 4394 2660 4465 Raphu.De
2678 4391 2839 4448 tribu
2854 4387 3579 4453 Zabulon,Geddielﬁlium

1852 4456 1896 4513 θ
1928 4482 2090 4538 Sodi.
2115 4484 2194 4537 De
2225 4481 2381 4538 tribu
2406 4456 2643 4552 Josepb,
2689 4478 2907 4551 sceptri
2946 4481 3235 4543 Manasse,
3288 4475 3473 4531 Gaddi
3511 4473 3581 4527 ti-

1926 4570 2076 4627 lium
2093 4569 2247 4626 Susi.
2266 4569 2344 4623 De
2368 4569 2523 4624 tribu
2543 4570 2687 4633 Dan,
2712 4565 2964 4621 Ammiel
2994 4564 3183 4619 ﬁlium
3208 4561 3472 4618 Gemalli.
3500 4561 3577 4613 De

1930 4657 2085 4715 tribu
2112 4660 2273 4723 Aser,
2307 4658 2483 4712 Sthur
2499 4655 2686 4711 tilium
2713 4653 2973 4711 Michael.
3010 4654 3087 4707 De
3116 4652 3269 4708 tribu
3290 4647 3578 4720 Nephtali,

1930 4745 2157 4802 Nahabi
2210 4745 2399 4800 ﬁlium
2452 4743 2651 4815 Vapsi.
2694 4744 2771 4798 De
2803 4741 2957 4798 tribu
3009 4739 3151 4804 Gad,
3204 4736 3345 4795 Guel
3386 4735 3579 4791 ﬁlium

1929 4832 2185 4890 Maarchi
2220 4850 2230 4888 :
2259 4833 2387 4889 hzec
2424 4836 2561 4887 sunt
2593 4831 2841 4886 nomina
2895 4829 3182 4893 virorum,
3235 4840 3389 4898 quos
3424 4824 3583 4880 misit

1928 4920 2157 4993 Moyses
2196 4919 2273 4976 ad
2294 4918 2795 4975 considerandam
2820 4922 3033 4972 terram
3070 4930 3081 4969 :
3116 4913 3467 4985 vocavitque
3491 4913 3584 4968 Jo-

1930 5023 2035 5063 sue
2068 5007 2259 5064 ﬁlium
2291 5010 2419 5063 Nun
2454 5023 2465 5062 :
2500 5004 2651 5061 misit
2669 5021 2810 5075 ergo
2844 5020 2946 5059 eos
2970 5001 3047 5057 ad
3081 5000 3582 5058 considerandam

1928 5099 2144 5151 terram
2190 5095 2495 5157 Chanaan,
2532 5097 2586 5148 et
2633 5093 2777 5147 dixit
2807 5090 2883 5147 ad
2932 5105 3034 5145 eos
3087 5104 3099 5145 :
3142 5091 3449 5145 Ascendite
3480 5102 3583 5159 per

1925 5183 2319 5239 meridianam
2343 5181 2603 5252 plagam.
2634 5183 2899 5251 Cumque
2920 5178 3197 5235 veneritis
3220 5178 3297 5232 ad
3324 5178 3572 5231 montes,

1926 5270 2295 5327 considerate
2322 5273 2558 5332 terram,
2584 5268 2775 5339 qualis
2803 5267 2877 5322 sit
2912 5283 2923 5321 :
2959 5270 3012 5323 et
3042 5266 3332 5338 populum
3360 5259 3460 5330 qui
3484 5257 3581 5310 ha-

1924 5358 2140 5416 bitator
2168 5363 2257 5413 est
2310 5357 2437 5427 ejus
2461 5361 2659 5412 utrum
2681 5356 2845 5412 fortis
2874 5356 2945 5410 sit
2966 5371 3043 5409 an
3067 5353 3337 5407 inﬁrmus
3369 5363 3380 5399 :
3405 5342 3580 5415 pauci

1924 5462 2176 5504 numero
2199 5461 2277 5501 an
2299 5444 2497 5518 plures
2522 5462 2534 5499 :
2559 5445 2691 5518 ipsa
2714 5450 2883 5509 terra,
2908 5442 3068 5497 bona
3091 5452 3164 5493 an
3188 5433 3378 5489 mala:
3402 5427 3580 5518 urbes

1925 5534 2157 5611 quales,
2184 5516 2433 5594 muratae
2462 5549 2541 5593 an
2561 5516 2789 5606 absque
2818 5526 3040 5587 muris:
3070 5524 3313 5591 humus,
3339 5516 3581 5593 pinguis
