4102 6176
505 280 613 336 383

1776 248 2229 313 BHEVIARIUM
2269 248 2665 311 GOTHICUM.

3802 250 3915 305 384

509 418 590 461 an
616 397 1175 465 sterilis,nemorosa
1203 405 1282 447 au
1302 388 1533 463 absque
1546 383 1881 445 arboribus.
1912 378 2154 439 Confor—
2182 381 2229 437 A
2265 376 2499 434 Domini
2525 391 2704 449 super
2723 379 2942 438 tectum
2954 374 3197 437 foederis
3216 372 3443 430 cunctis
3461 371 3600 465 ﬁliis
3621 372 3822 465 Israel.

511 488 740 552 tamini,
778 488 832 541 et
865 483 1065 541 afferte
1110 479 1288 536 nobis
1330 478 1404 534 de
1448 475 1737 533 fructibus
1753 478 1924 530 terra:
1972 468 2151 525 illius.

512 582 645 635 Erat
667 579 867 633 autem
885 577 1119 642 tempus
1151 568 1312 641 quod
1337 566 1462 639 jam
1484 577 1821 638 praecoquae
1844 575 1975 615 uvae
1997 555 2157 613 vesci

512 668 785 741 possunt.
806 664 1070 731 Cumque
1089 655 1524 724 ascendissent,
1564 650 2023 724 exploraverunt
2047 650 2154 741 ter-

512 733 643 813 ram
659 770 695 810 a
712 753 944 808 deserto
966 749 1087 811 Sin,
1112 760 1302 818 usque
1326 741 1534 799 Rohob
1553 738 1900 797 intrantibus
1922 733 2155 791 Emath.

512 840 1028 909 Ascenderuntque
1050 836 1127 892 ad
1140 832 1455 903 meridiem,
1475 828 1889 887 etveneruntin
1907 823 2155 887 Hebron,

513 931 617 988 ubi
643 932 808 986 erant
835 926 1127 981 Achiman
1167 927 1223 979 et
1252 922 1401 979 Sisai
1444 923 1501 976 et
1535 916 1759 976 Tolmai
1810 914 1915 970 ﬁlii
1951 912 2112 967 Enac
2145 928 2156 961 :

514 1035 659 1075 nam
672 1017 905 1072 Hebron
919 1017 1144 1084 septem
1158 1011 1334 1068 annis
1353 1013 1489 1066 ante
1509 1006 1717 1063 Tanim
1743 1002 1955 1059 urbem
1997 1002 2165 1071 Egy-

515 1108 600 1179 pti
628 1104 869 1161 condita
894 1108 996 1158 est.
1027 1102 1460 1170 Pergentesque
1490 1112 1680 1172 usque
1717 1094 1796 1151 ad
1822 1094 2163 1149 Torrentem

515 1193 689 1259 botri,
746 1190 1128 1247 absciderunt
1159 1188 1461 1261 palmitem
1501 1201 1638 1241 cum
1671 1199 1790 1242 uva
1819 1197 1948 1247 sua,
1981 1193 2164 1251 quem

516 1283 905 1354 portaverunt
926 1278 986 1333 in
1011 1278 1175 1347 virga
1195 1276 1314 1331 duo
1338 1275 1465 1331 viri.
1484 1277 1562 1329 De
1583 1272 1756 1329 malis
1772 1283 2013 1343 quoque
2035 1281 2167 1337 gra-

515 1369 670 1426 natis
695 1374 751 1424 et
779 1368 853 1423 de
880 1366 1005 1422 ﬁcis
1034 1364 1149 1420 loci
1177 1364 1334 1420 illius
1362 1362 1630 1419 tulerunt
1655 1378 1665 1416 :
1701 1359 1805 1431 qui
1834 1355 2164 1429 appellatus

519 1461 606 1514 est
634 1456 797 1512 locus
825 1454 917 1509 ille
944 1450 1349 1519 Neheleschol,
1374 1450 1435 1505 id
1468 1453 1572 1515 est,
1604 1451 1849 1504 Torrens
1878 1443 2054 1511 botri,
2095 1457 2165 1497 eo

520 1543 687 1617 quod
701 1543 942 1598 botrum
957 1540 1095 1596 inde
1118 1541 1455 1611 portassent
1471 1536 1575 1593 ﬁili
1589 1534 1788 1592 Israel.
1810 1533 2166 1604 Reversique

523 1631 920 1703 exploratores
941 1632 1108 1684 terrae
1130 1631 1269 1699 post
1287 1625 1689 1699 quadraginta
1737 1622 1882 1687 dies,
1902 1620 2067 1676 omni
2081 1633 2168 1673 re-

2263 466 2409 523 dixit
2432 466 2720 523 Dominus
2746 466 2823 522 ad
2843 469 3081 537 Moysen
3105 480 3116 519 :
3146 466 3471 535 Usquequo
3491 461 3751 518 detrahit
3772 462 3924 520 mihi

2262 555 2517 627 populus
2548 556 2657 612 iste
2677 556 3037 627 ?Quousque
3055 568 3177 608 non
3195 550 3617 619 credentmihi,
3641 550 3705 606 in
3726 552 3923 607 omni-

2264 645 2380 700 bus
2401 645 2586 715 signis
2615 660 2749 717 quae
2775 642 2885 700 feci
2930 656 3134 699 coram
3165 640 3249 696 eis
3273 640 3300 697 ?
3327 639 3556 696 Feriam
3600 638 3781 708 igitur
3819 655 3926 697 eos

2265 733 2618 806 pestilentia,
2638 737 2815 805 atque
2833 745 3213 788 consumam:
3236 732 3290 785 te
3307 732 3506 784 autem
3530 727 3751 785 faciam
3764 728 3927 799 prin-

2267 822 2462 894 cipem
2492 838 2670 895 super
2699 825 2937 891 gentem
2971 833 3279 889 magnam,
3312 820 3369 872 et
3405 815 3711 873 fortiorem
3734 832 3924 889 quam

2267 912 2397 968 haec
2436 915 2539 967 est.
2583 914 2649 966 Et
2677 909 2757 966 ait
2784 911 3010 980 Moyses
3040 906 3117 963 ad
3152 905 3475 962 Dominum
3508 922 3519 961 ε
3558 907 3629 962 Ut
3669 904 3925 962 audiant

2270 998 2621 1070 Egyptii,de
2641 1012 2899 1070 quorum
2913 994 3111 1051 medio
3134 992 3388 1049 eduxisti
3405 992 3687 1064 populum
3714 992 3919 1059 istum,

2272 1092 2327 1142 et
2348 1086 2711 1141 habitatores
2740 1090 2909 1140 terrae
2950 1082 3152 1153 hujus,
3184 1081 3287 1153 qui
3320 1080 3636 1136 audierunt
3664 1079 3834 1153 quod
3858 1084 3924 1135 tu

2273 1174 2521 1231 Domine
2549 1175 2609 1229 in
2646 1172 2869 1245 populo
2898 1173 3008 1227 isto
3026 1171 3127 1237 sis,
3146 1174 3202 1225 et
3217 1169 3364 1228 facie
3381 1168 3458 1225 ad
3480 1168 3695 1225 faciem
3714 1167 3922 1225 videa-

2271 1263 2369 1328 ris,
2388 1266 2444 1319 et
2472 1261 2663 1317 nubes
2680 1264 2785 1316 tua
2805 1262 3075 1332 protegat
3108 1257 3262 1322 illos,
3281 1257 3416 1313 etin
3444 1255 3727 1313 columna
3740 1254 3925 1313 nubis

2274 1351 2579 1425 praecedas
2601 1366 2707 1406 eos
2735 1364 2840 1421 per
2862 1348 3040 1418 diem,
3063 1351 3120 1403 et
3139 1347 3199 1402 in
3217 1346 3499 1405 columna
3514 1344 3670 1415 ignis
3690 1360 3801 1419 per
3818 1359 3925 1400 no-

2274 1446 2428 1497 ctem
2463 1456 2473 1493 :
2510 1438 2675 1511 quod
2710 1437 2997 1494 occideris
3019 1438 3247 1492 tantam
3271 1433 3713 1490 multitudinem
3744 1432 3926 1505 quasi

2272 1544 2463 1584 unum
2484 1528 2809 1592 hominem,
2827 1530 2882 1582 et
2903 1525 3105 1580 dicant
3124 1541 3136 1580 :
3166 1526 3292 1580 Non
3307 1526 3532 1595 poterat
3544 1521 3931 1578 introducere

2273 1616 2567 1690 populum
2592 1616 2770 1672 istum
2802 1615 2863 1669 in
2892 1618 3134 1681 terram,
3161 1626 3270 1683 pro
3300 1626 3423 1683 qua
3445 1610 3747 1682 juraverat
3780 1626 3793 1663 :
3825 1608 3931 1663 id-

521 1698 695 1789 gione
726 1698 1347 1781 circumita,venerunt
1368 1712 1447 1769 ad
1467 1716 1703 1783 Moysen
1725 1714 1993 1766 etAaron
2018 1710 2073 1762 et
2089 1705 2167 1761 ad
2199 1734 2243 1790 Β
2275 1706 2430 1760 circo
2482 1703 2697 1760 occidit
2733 1718 2836 1758 eos
2872 1702 2935 1757 in
2972 1699 3308 1757 solitudine.
3345 1698 3747 1769 Magniﬁcetur
3784 1710 3932 1767 ergo

520 1822 765 1863 omnem
787 1809 1007 1861 emtum
1026 1803 1288 1859 ﬁliorum
1312 1802 1491 1857 Israel
1511 1801 1571 1856 in
1592 1800 1889 1855 desertum
1914 1795 2163 1864 Pharan,

521 1894 687 1968 quod
716 1898 804 1949 est
826 1894 887 1949 in
918 1892 1120 1948 Cades.
1156 1890 1474 1965 Locutique
1512 1891 1649 1944 sunt
1674 1887 1752 1942 ad
1781 1901 1884 1941 eos
1920 1889 1976 1940 et
2002 1881 2167 1938 omni

523 1980 883 2037 multitudini
908 1979 1293 2035 ostenderunt
1318 1978 1545 2036 fructus
1575 1980 1738 2031 terrae
1770 1994 1781 2033 :
1806 1978 1861 2029 et
1890 1985 2165 2028 narrave-

521 2073 678 2137 runt,
705 2068 969 2123 dicentes
1004 2083 1015 2120 :
1063 2067 1341 2122 Venimus
1371 2066 1433 2121 in
1458 2068 1698 2125 terram,
1731 2060 1809 2117 ad
1838 2075 2023 2132 quam
2054 2057 2168 2113 mi-

523 2157 680 2213 sistis
711 2171 841 2223 nos,
872 2171 1006 2227 quae
1030 2170 1238 2211 revera
1264 2152 1397 2209 ﬂuit
1424 2152 1574 2208 lacte
1602 2156 1656 2207 et
1686 2149 1876 2213 melle,
1910 2147 2073 2221 quod
2100 2162 2173 2202 ex

522 2244 614 2301 his
642 2243 929 2299 fructibus
958 2242 1241 2313 cognosci
1268 2246 1500 2313 potest:
1527 2239 1634 2295 sed
1656 2238 1910 2294 cultores
1933 2236 2172 2292 fortissi-

523 2348 657 2389 mos
687 2332 885 2402 habet,
910 2336 966 2387 et
986 2330 1165 2387 urbes
1197 2329 1477 2399 grandes,
1508 2332 1687 2399 atque
1713 2328 2007 2382 muratas.
2041 2324 2173 2379 Stir-

523 2435 663 2492 pem
684 2420 839 2476 Enac
864 2419 1127 2475 vidimus
1152 2417 1254 2473 ibi.
1283 2416 1523 2473 Amalec
1551 2415 1780 2471 habitat
1803 2414 1865 2467 in
1907 2412 2171 2479 meridie,

524 2511 580 2563 et
604 2506 879 2563 Hethaeus
895 2511 951 2562 et
965 2505 1276 2561 Jebusaeus
1293 2508 1350 2561 et
1362 2503 1744 2559 Amorrhaeus
1763 2501 1825 2556 in
1843 2498 2170 2556 montanis:

525 2595 897 2652 Chananaeus
909 2609 1047 2649 vero
1059 2597 1325 2648 moratur
1332 2592 1352 2662 j
1365 2595 1504 2647 uxta
1516 2606 1681 2646 mare
1707 2594 1763 2645 et
1784 2589 1939 2644 circa
1951 2587 2175 2642 ﬂuenta

522 2683 976 2739 Jordanis.lnter
986 2681 1115 2735 haec
1130 2681 1180 2749 2
1196 2682 1238 2749 1
1250 2680 1299 2749 7
1313 2679 1492 2737 Caleb
1505 2692 1890 2749 compescens
1903 2689 2175 2732 murmur

524 2769 749 2841 populi,
773 2770 875 2840 qui
903 2767 1194 2824 oriebatur
1222 2774 1428 2823 contra
1450 2770 1707 2838 Moysen,
1738 2765 1817 2821 ait
1841 2784 1853 2820 :
1874 2763 2174 2819 Ascenda-

523 2873 678 2922 mus,
713 2862 768 2913 et
795 2856 1213 2929 possideamus
1249 2861 1482 2919 terram,
1522 2854 1815 2928 quoniam
1846 2852 2174 2925 poterimus

523 2946 787 3002 obtinere
817 2961 970 3000 eam.
1002 2943 1112 2999 Alii
1136 2960 1276 2999 vero
1303 2944 1410 3016 qui
1456 2943 1688 2998 fuerant
1726 2957 1864 2997 cum
1897 2957 1990 3010 eo,
2021 2940 2175 2995 dice—

2275 1792 2557 1849 fortitudo
2578 1790 2813 1846 Domini
2833 1790 2983 1845 sicut
2993 1787 3230 1860 jurasti,
3257 1788 3461 1843 dicens
3482 1803 3492 1839 :
3515 1785 3806 1842 Dominus
3826 1800 3938 1858 pa-

2274 1880 2427 1937 tiens
2456 1885 2513 1937 et
2538 1880 2736 1934 multae
2756 1876 3194 1947 misericordiae,
3219 1876 3492 1932 auferens
3508 1874 3854 1947 iniquitates
3876 1878 3934 1929 et

2276 1967 2859 2039 scelera,nullumque
2871 1965 3163 2022 innoxium
3176 1963 3601 2035 derelinquens,
3623 1963 3722 2034 qui
3732 1962 3931 2018 visitas

2276 2063 2521 2129 peccata
2544 2060 2786 2129 patrum
2815 2057 2877 2109 in
2898 2053 3032 2109 ﬁliis
3059 2054 3119 2108 in
3135 2052 3369 2109 tertiam
3382 2060 3436 2107 et
3452 2055 3734 2124 quartam
3756 2065 3933 2121 gene-

2278 2146 2591 2202 rationem.
2622 2143 3389 2212 Dimitte,obsecro,peccata
3412 2139 3617 2213 populi
3640 2140 3823 2209 hujus
3846 2154 3937 2194 se-

2280 2234 2546 2290 cundum
2560 2231 3033 2304 magnitudinem
3051 2228 3471 2285 misericordiae
3486 2232 3621 2291 tuae,
3637 2228 3788 2283 sicut
3798 2241 3941 2298 pro-

2280 2322 2459 2395 pitius
2471 2321 2631 2376 fuisti
2644 2320 2718 2376 de
2736 2318 3176 2390 egredientibus
3191 2333 3262 2374 ex
3276 2319 3519 2389 Egypto
3553 2331 3745 2389 usque
3762 2316 3835 2373 ad
3852 2316 3942 2372 lo-

2280 2426 2419 2469 cum
2445 2410 2643 2466 istum.
2700 2408 2963 2481 Dixitque
2999 2408 3288 2463 Dominus
3321 2424 3334 2462 :
3365 2405 3570 2461 Dimisi
3604 2404 3945 2461 secundum

2279 2498 2531 2555 verbum
2547 2502 2735 2554 tuum.
2757 2497 2899 2552 Vivo
2910 2511 3044 2565 ego,
3068 2495 3211 2551 dixit
3229 2494 3518 2551 Dominus
3547 2512 3559 2549 :
3580 2499 3638 2550 et
3656 2493 3948 2566 impletur

2282 2587 2469 2658 gloria
2486 2585 2719 2643 Domini
2736 2584 3012 2640 universa
3026 2589 3199 2639 terra.
3218 2584 3491 2639 Attamen
3520 2597 3730 2639 omnes
3750 2582 3951 2639 homi-

2280 2691 2388 2733 nes
2416 2675 2520 2748 qui
2544 2675 2813 2730 viderunt
2841 2674 3218 2743 majestateni
3248 2687 3470 2741 meam,
3510 2675 3566 2728 et
3594 2671 3767 2741 signa
3808 2687 3952 2743 quae

2281 2763 2392 2820 feci
2421 2764 2481 2818 in
2512 2766 2761 2835 ngypto
2788 2769 2843 2817 et
2879 2762 2941 2818 in
2973 2760 3307 2826 solitudine,
3349 2764 3405 2815 et
3436 2764 3811 2817 tentaverunt
3833 2761 3952 2830 {me

2277 2853 2405 2923 jam
2435 2868 2541 2924 per
2569 2852 2777 2907 decem
2792 2850 2969 2920 vices,
2986 2865 3096 2905 nec
3110 2848 3606 2905 obedieruntvoci
3626 2863 3799 2919 meae,
3823 2863 3950 2905 non

2282 2941 2568 2996 videbunt
2604 2942 2844 2995 Terram
2869 2954 3048 3011 quam
3065 2937 3255 3008 juravi
3287 2936 3553 3009 patribus
3580 2952 3949 3003 eorum,nec

525 3033 671 3088 bant
690 3048 702 3095 ;
722 3034 1105 3103 Nequaquam
1118 3031 1196 3087 ad
1212 3031 1371 3086 hunc
1389 3031 1671 3102 populum
1690 3029 1953 3085 valemus
1971 3043 2175 3084 ascen-
2209 3078 2249 3135 Ο
2282 3030 2607 3103 quisquam
2629 3043 2700 3083 ex
2730 3026 2841 3083 illis
2858 3027 2961 3100 qui
2977 3024 3232 3082 detraxit
3248 3025 3413 3090 mihi,
3438 3024 3765 3080 intuebitur
3782 3040 3942 3081 eam.

544 3119 585 3135 v,
778 3119 787 3128 -
855 3118 1047 3135 9,,,.-,,
1134 3119 1173 3135 ,I
1207 3119 1215 3128 -
1278 3133 1289 3135 Α
1336 3121 1352 3135 ι
1397 3120 2143 3135 n,n,--,,-,-_ns-‘,,,,-4_,-m__-_
2288 3121 2346 3135 n,
2378 3134 2383 3135 ,
2422 3133 2525 3135 νηυ-
2566 3120 2971 3135 _4_1x__-____-__-
3009 3114 3174 3135 1‘-le
3229 3116 3320 3135 ..με
3353 3112 3689 3135 _.l__-_-_1:-
3729 3112 3941 3135 -..ἰ-ξι--

524 3119 831 3190 dere,quia
851 3118 1054 3174 fortior
1077 3119 1251 3175 nobis
1268 3121 1373 3173 est.
1393 3120 1911 3189 Detraxeruntque
1932 3122 2171 3185 terram,

523 3222 708 3278 quam
734 3206 1118 3277 inspexerant
1143 3205 1307 3278 apud
1328 3205 1483 3261 ﬁlios
1505 3204 1683 3261 Israel
1712 3204 1973 3261 dicentes
2005 3221 2016 3259 :
2047 3207 2175 3261 Ter-

522 3312 590 3353 ra
635 3309 822 3366 quam
849 3293 1255 3361 lustravimus,
1289 3293 1537 3349 devorat
1564 3292 1934 3349 habitatores
1980 3308 2125 3349 suos
2155 3311 2172 3364 ;

523 3383 803 3457 populus,
821 3399 1002 3456 quem
1020 3382 1387 3454 aspeximus,
1421 3396 1683 3454 procera:
1701 3385 1939 3438 staturae
1956 3386 2064 3437 est.
2094 3381 2177 3437 Ibi

527 3472 784 3530 vidimus
815 3473 1084 3527 monstra
1111 3470 1393 3542 quaedam
1412 3468 1673 3526 ﬁliorum
1699 3472 1856 3525 Enac
1877 3470 1951 3526 de
1964 3485 2177 3540 genere

526 3560 824 3629 giganteo,
856 3559 1078 3629 quibus
1099 3559 1448 3631 comparati,
1472 3558 1645 3629 quasi
1663 3558 1911 3613 locustae
1942 3557 2179 3613 videba-

529 3660 673 3699 mur.
694 3646 872 3715 (Cap.
894 3646 1040 3715 x1v.)
1063 3647 1245 3717 Igitur
1265 3646 1582 3702 vociferans
1596 3645 1782 3701 omnis
1801 3645 1975 3701 turba
1994 3646 2180 3701 ﬂevit-

530 3737 696 3788 nocte
719 3733 837 3799 illa,
879 3738 934 3789 et
952 3736 1284 3791 murmurati
1333 3739 1462 3791 sunt
1490 3739 1692 3791 contra
1720 3737 1959 3806 Moysen
1997 3734 2183 3790 cuncti

530 3818 931 3884 ﬁlii,dicentes
960 3839 970 3877 :
1005 3821 1237 3877 Utinam
1269 3822 1487 3878 mortui
1531 3838 1797 3877 essemus
1836 3843 1847 3874 :
1882 3826 1937 3877 et
1969 3836 2091 3876 non
2120 3822 2180 3876 in

530 3908 644 3963 hac
674 3911 841 3963 vasta
862 3907 1178 3964 solitudine
1202 3910 1214 3962 l
1250 3909 1479 3966 utinam
1504 3925 1821 3982 pereamus
1842 3927 1853 3965 :
1874 3913 2067 3965 etnon
2094 3908 2182 3964 in-

533 3995 715 4051 ducat
730 4010 839 4051 nos
860 3996 1149 4051 Dominus
1166 3996 1245 4051 ad
1262 4002 1481 4051 terram
1515 3999 1712 4065 istam,
1758 4013 1833 4052 ne
1887 3997 2182 4053 cadamus

532 4083 751 4152 gladio,
775 4088 831 4139 et
854 4099 1066 4139 uxores
1093 4098 1163 4139 ac
1185 4082 1355 4138 liberi
1380 4085 1561 4139 nostri
1594 4084 1891 4141 ducantur
1921 4086 2173 4157 captivi.

532 4175 737 4229 Nonne
766 4171 973 4227 melius
998 4175 1086 4227 est
1107 4172 1315 4227 reverti
1342 4171 1404 4226 in
1430 4173 1704 4242 iEgytum
1731 4172 1757 4226 ?
1780 4172 2185 4245 Dixeruntque

534 4259 679 4317 alter
698 4259 776 4315 ad
798 4259 1078 4315 alterum:
1101 4260 1542 4315 Constituamus
1564 4260 1739 4315 nobis
1761 4260 1998 4327 ducem,
2020 4266 2077 4318 et
2097 4276 2186 4317 re-

534 4351 838 4402 vertamur
851 4348 911 4402 in
925 4349 1259 4419 .Egyptum.
1281 4350 1406 4413 Quo
1424 4347 1627 4404 audito
1642 4348 1883 4419 Moyses
1900 4354 1957 4406 et
1989 4353 2187 4406 Aaron

2287 3121 2535 3177 Servum
2561 3120 2761 3173 autem
2776 3132 2980 3171 meum
3007 3114 3203 3179 Caleb,
3222 3116 3325 3186 qui
3352 3114 3564 3186 plenus
3578 3112 3695 3170 alio
3725 3112 3946 3185 spiritu

2286 3210 2526 3263 secutus
2557 3208 2644 3261 est
2671 3219 2788 3271 me,
2806 3203 3091 3261 inducam
3103 3203 3165 3258 in
3183 3205 3421 3259 Terram
3437 3202 3815 3272 hanc,quam
3831 3201 3948 3259 cir-

2286 3294 2531 3352 cumivit
2570 3311 2582 3349 :
2619 3297 2677 3349 et
2714 3308 2917 3348 semen
2940 3294 3069 3364 ejus
3094 3291 3428 3364 possidebit
3448 3307 3601 3349 eam.
3627 3302 3692 3361 Ir.
3725 3292 3945 3347 Amen.

2355 3384 2653 3453 Hymnus.
2695 3381 2920 3438 Christe
2957 3380 3272 3450 immense,
3304 3379 3642 3437 dominator
3691 3382 3938 3437 Sancte.

2285 3472 2399 3541 fol.
2435 3474 2564 3526 214.

2360 3558 2658 3627 Capitula.
2691 3557 2975 3613 Clamoris
3005 3556 3192 3612 nostri
3228 3555 3560 3625 intelligens
3585 3555 3946 3626 orationem,

2289 3646 2545 3702 clariﬁca
2564 3645 2713 3701 lucis
2744 3650 2979 3701 aeternae
3009 3644 3323 3717 praesentia
3354 3658 3534 3699 mane
3558 3643 3666 3699 tibi
3696 3642 3952 3700 adstan-

2290 3736 2437 3793 tium
2459 3738 2595 3791 vota
2629 3751 2643 3801 ;
2678 3734 2916 3806 dieique
2941 3734 3221 3805 perennis
3252 3733 3332 3788 ita
3357 3733 3617 3804 praecipe
3672 3733 3738 3788 in
3770 3732 3949 3789 nobis

2291 3824 2613 3881 candorem
2638 3823 2938 3892 effulgere,
2971 3827 3037 3877 ut
3079 3826 3238 3878 tetra:
3276 3822 3464 3878 noctis
3496 3823 3859 3893 crassitudo,
3895 3827 3951 3878 et

2292 3911 2508 3968 erroris
2532 3912 2727 3967 amica
2748 3910 2936 3980 caligo
2951 3909 3246 3979 aufugiat;
3270 3909 3365 3967 Sol
3381 3924 3622 3981 quoque
3641 3926 3822 3966 verus
3841 3925 3949 3965 suo

2290 4016 2404 4057 nos
2425 3999 2593 4056 radio
2616 3997 2926 4055 lustrando
2968 3996 3281 4053 custodiat.

2364 4090 2530 4144 Pater
2558 4091 2782 4143 noster.

2364 4176 2593 4233 Lauda.
2630 4176 2781 4231 Laus
2815 4174 2963 4245 ejus.
2996 4173 3074 4229 Et
3104 4174 3327 4230 Oratio.
3356 4175 3506 4230 Laus
3541 4177 3664 4231 tua.
3698 4174 3947 4246 Πριμιὺέ

2289 4264 2397 4335 fol.
2437 4266 2555 4321 181.

2753 4351 2827 4405 In
2858 4350 3131 4406 secundis
3196 4350 3479 4420 Vesperz's.

536 4411 1320 4507 cecideruntpro'niderram
1371 4450 1576 4491 coram
1620 4411 2001 4494 multitudine
2045 4438 2188 4495 ﬁlio-
2216 4411 2261 4467 D
2365 4439 2599 4496 Lauda.
2631 4440 2696 4494 In
2723 4438 3002 4494 noctibus
3044 4411 3315 4495 extollite.
3346 4453 3565 4495 manus
3600 4443 3839 4495 vestras
3889 4440 3950 4495 in

535 4539 671 4579 rum
697 4524 893 4580 Israel.
921 4525 990 4579 At
1016 4539 1150 4579 vero
1176 4524 1357 4580 Josue
1387 4523 1548 4579 ﬁlius
1573 4527 1703 4580 Nun
1749 4530 1804 4580 et
1828 4525 1997 4582 Caleb
2026 4526 2185 4582 ﬁlius

534 4610 822 4683 Jephone,
877 4611 979 4683 qui
1011 4616 1064 4667 et
1101 4612 1213 4683 ipsi
1252 4611 1646 4670 lustraverant
1688 4618 1928 4677 terram,
1962 4614 2188 4671 scinde-

534 4704 674 4756 runt
736 4699 1088 4757 vestimenta
1141 4715 1272 4766 sua,
1338 4708 1393 4757 et
1450 4701 1528 4758 ad
1588 4717 1833 4757 omnem
1861 4702 2187 4759 multitudi-

537 4804 676 4845 nem
705 4787 965 4845 ﬁliorum
994 4788 1175 4846 Israel
1202 4788 1384 4845 locuti
1416 4794 1556 4845 sunt
1587 4807 1600 4845 :
1635 4793 1832 4857 Terra,
1864 4805 2049 4862 quam
2080 4792 2189 4847 cir-

538 4876 852 4944 cuivimus,
885 4876 1058 4935 valde
1076 4877 1242 4934 bona
1257 4881 1348 4934 est
1376 4895 1389 4934 :
1419 4878 1464 4933 si
1482 4877 1778 4950 propitius
1794 4877 1966 4934 fuerit
1995 4878 2192 4935 Domi-

537 4980 672 5029 nus,
707 4964 947 5022 inducet
974 4982 1084 5023 nos
1099 4968 1161 5022 in
1179 4982 1335 5037 eam,
1354 4971 1410 5023 et
1438 4966 1633 5023 tradet
1674 4966 1932 5022 humum
1958 4966 2109 5024 lacte
2139 4972 2195 5025 et

539 5051 712 5108 melle
741 5060 1109 5111 manantem.
1143 5055 1325 5111 Nolite
1345 5054 1592 5111 rebelles
1626 5070 1753 5110 esse
1779 5058 1988 5113 contra
2000 5056 2194 5114 Domi-

536 5155 686 5196 num
719 5157 731 5195 :
765 5156 959 5213 neque
993 5142 1246 5199 timeatis
1278 5142 1571 5214 populum
1596 5147 1770 5200 terrae
1808 5142 2012 5215 hujus,
2044 5146 2192 5217 quia

539 5230 686 5286 sicut
710 5246 929 5302 panem
960 5231 1042 5287 ita
1067 5236 1127 5287 et
1147 5247 1471 5302 possumus
1492 5247 1629 5287 eum
1655 5232 1941 5290 devorare
1976 5249 2193 5291 :reces-

539 5320 615 5375 sit
641 5320 719 5376 ab
748 5320 862 5376 illis
886 5336 1072 5376 omne
1112 5319 1462 5391 praesidium
1494 5339 1510 5374 ε
1539 5322 1832 5378 Dominus
1880 5324 2195 5381 vobiscum

537 5408 831 5473 est,nolite
845 5406 1343 5477 timere.Cumque
1358 5406 1633 5465 clamaret
1644 5409 1843 5466 omnis
1857 5412 2191 5489 multitudo,

537 5499 595 5549 et
630 5494 934 5567 lapidibus
966 5510 1071 5553 eos
1112 5493 1285 5553 vellet
1310 5494 1669 5568 opprimere,
1700 5498 1982 5571 apparuit
2005 5498 2197 5571 gloria

2294 4532 2524 4592 sancta,
2582 4530 2638 4583 et
2691 4526 2967 4583 benedite
3019 4526 3360 4582 Dominum.
3412 4526 3474 4587 ὢν.
3512 4526 3626 4592 Qui
3678 4527 3849 4585 statis
3893 4527 3955 4585 in

2295 4617 2478 4673 domo
2509 4614 2763 4682 Domini,
2793 4615 2854 4670 in
2881 4614 3041 4670 atriis
3079 4615 3297 4671 domus
3318 4616 3418 4670 Dei
3448 4615 3662 4671 nostri.

2368 4705 2600 4761 Oratio.
2649 4708 2713 4760 In
2741 4702 3013 4760 noctibus
3043 4719 3260 4760 manus
3280 4706 3516 4759 nostras
3539 4703 3620 4760 ad
3650 4706 3705 4759 te
3728 4703 3958 4759 extolli-

2297 4810 2432 4850 mus
2452 4793 2784 4862 Domine,ut
2808 4807 2918 4848 nos
2940 4792 3001 4847 in
3014 4791 3272 4849 Ecclesia
3293 4795 3394 4849 tua
3406 4791 3555 4848 ﬁxos
3581 4796 3851 4857 statuas;
3887 4808 3959 4849 ac

2298 4882 2445 4938 dum
2460 4880 2872 4937 mundialibus
2888 4881 3292 4952 imprimimur
3309 4879 3803 4945 sarcinis,nostra
3820 4880 3956 4938 lau-

2299 4970 2429 5027 dari
2456 4974 2513 5026 te
2543 4968 2778 5025 actione
2809 4968 3123 5025 concedas.
3160 4980 3228 5040 1y.
3250 4972 3461 5025 Amen.

2371 5058 2724 5128 Antiphona.
2738 5058 3005 5114 Miserere
3018 5057 3211 5123 nobis,
3224 5058 3375 5114 Deus
3390 5072 3633 5126 magne,
3658 5056 3959 5126 terribilis,

2301 5147 2403 5220 qui
2419 5146 2682 5203 custodis
2699 5150 2962 5218 pactum,
2977 5151 3032 5202 et
3045 5145 3517 5202 misericordiam
3531 5146 3965 5201 invocantibus

2303 5236 2452 5302 te,P.
2496 5238 2563 5291 Et
2592 5234 3067 5291 custodientibus
3105 5234 3393 5291 mandata
3426 5237 3549 5290 tua.
3590 5232 3655 5293 il‘.
3694 5236 3848 5289 Ecce
3879 5234 3960 5289 sic

2300 5323 2683 5380 benedicetur
2701 5323 2906 5390 homo,
2925 5324 3030 5396 qui
3048 5322 3216 5379 timet
3242 5322 3581 5378 Dominum.
3608 5322 3669 5374 P.
3690 5324 3971 5379 Etcusto-

2303 5409 2623 5553 gentilium
2665 5410 2841 5482 218
2884 5410 2945 5473 ir.
2998 5409 3214 5479 Gloria,
3250 5414 3306 5468 et
3333 5410 3546 5468 honor.
3575 5410 3637 5464 P.
3670 5412 3741 5467 Et
3776 5415 3971 5467 custo-

2351 5497 2481 5553 'ent'
2533 5512 2624 5553 us.

2351 5497 2624 5555 ientibus.
