4102 6176
200 261 297 314 385

263 381 551 439 Dominus
581 381 653 436 sit
683 395 946 453 semper.
989 392 1051 448 11-,
1078 382 1145 436 Et
1181 385 1345 438 cum.

261 472 482 527 Lauda.
513 470 726 526 Revela
738 469 944 525 oculos
965 485 1164 526 meos:
1187 469 1648 527 etconsiderabo
1666 469 1844 526 mira-

199 561 340 617 bilia
359 561 434 616 de
463 560 593 630 lege
624 563 742 616 tua.
791 559 990 616 lncola
1017 575 1128 629 ego
1161 577 1286 615 sum
1335 560 1395 615 in
1427 563 1596 616 terra.
1653 561 1727 615 P.
1764 561 1844 613 Ne

200 649 533 706 abscondas
551 665 585 705 a
614 664 709 704 me
725 648 1014 705 mandata
1031 653 1151 705 tua.
1168 649 1210 708 ὴ
1230 648 1504 705 Retribue
1525 663 1698 704 servo
1720 651 1840 712 tuo,

199 737 389 793 vivam
424 753 436 792 :
468 742 524 794 et
545 737 883 793 custodiam
935 753 1242 794 sermones
1301 741 1455 794 tuos.
1489 739 1549 792 P.
1602 739 1682 792 Ne
1711 735 1846 792 abs-

198 826 437 884 condas.
471 826 530 887 i”.
577 826 792 893 Gloria,
827 831 886 884 et
921 827 1134 884 honor.

876 934 1158 1005 Hymnus.

411 1041 629 1106 Quarto
660 1039 758 1095 die
785 1039 913 1110 jam
963 1040 1206 1097 fcetidus

337 1130 526 1185 Vitam
552 1129 778 1200 recepit
827 1132 1098 1194 Lazarus,

333 1218 648 1288 Mortisque
676 1217 828 1272 liber
849 1217 1100 1273 vinculis

338 1308 548 1363 Factus
583 1311 884 1378 superstes
933 1311 1021 1362 est
1069 1305 1202 1362 sibi.

409 1395 578 1451 Rivos
609 1396 842 1452 cruoris
894 1396 1096 1452 torridi

337 1487 622 1541 Contacta
665 1485 850 1540 vestis
898 1485 1167 1549 obstruit,

332 1573 497 1629 Fletu
550 1573 787 1643 rigante
842 1573 1134 1645 supplicis

327 1663 516 1718 Arent
532 1661 757 1718 ﬂuenta
800 1661 1137 1731 sanguinis.

404 1749 681 1806 Solutum
708 1750 875 1806 omni
906 1755 1141 1822 torpore

324 1840 512 1895 Jussit
537 1845 780 1911 repente
802 1855 1046 1909 surgere
1081 1857 1092 1894 :

325 1929 462 1985 Suis
493 1929 760 1984 vicissim
795 1929 1098 1999 gressibus

325 2019 501 2088 .Eger
525 2017 786 2072 vehebat
840 2017 1142 2073 lectulum.

399 2107 523 2162 Deo
547 2105 700 2161 Patri
733 2106 807 2161 sit
844 2105 1056 2170 Gloria,

322 2196 594 2267 Ejusque
626 2194 734 2250 soli
765 2193 925 2254 Filio.

323 2287 480 2342 Cum
508 2282 728 2355 Spiritu
759 2281 1075 2352 Paraclito,

323 2376 516 2436 Nunc,
544 2377 599 2427 et
631 2387 736 2443 per
776 2385 953 2426 omne
999 2368 1312 2425 saeculum.
1345 2371 1553 2426 Amen.

247 2480 649 2550 Supplicatio.
685 2479 934 2534 Oremus
973 2478 1448 2548 Redemptorem.

252 2587 566 2658 Capitula.
593 2586 635 2641 Ο
658 2584 817 2640 bone
838 2583 997 2647 Jesu,
1029 2583 1328 2647 amabilis,
1354 2587 1410 2639 et
1467 2582 1839 2640 admirabilis

177 2679 409 2740 auctor,
469 2674 674 2746 accipe
697 2671 1061 2729 sacriﬁcium
1112 2687 1422 2728 servorum
1466 2676 1742 2728 tuorum:
1786 2674 1842 2727 et

176 2766 278 2838 qui
314 2763 612 2837 praetitisti
641 2765 878 2831 Lazaro,
902 2766 965 2817 ut
1003 2761 1254 2818 audiens
1277 2777 1489 2818 vocem
1521 2765 1683 2818 tuam
1717 2777 1841 2817 sur-

174 2859 429 2924 geretex
444 2853 788 2924 sepulchro:
810 2855 1026 2924 praesta
1039 2850 1371 2917 nobis,utet
1387 2851 1593 2906 auditu
1607 2851 1840 2922 capien-

174 2949 258 3000 tes
291 2944 562 3011 interno,
613 2956 1018 3012 resurgamus,
1063 2955 1170 3012 per
1212 2940 1468 3011 gratiam
1522 2955 1558 2996 a
1599 2940 1840 3012 proprio

171 3031 416 3088 sceleris
447 3031 638 3087 nostri
656 3028 992 3102 profundo:
1023 3044 1364 3101 quovocem
1384 3029 1496 3101 pia:
1527 3027 1831 3093 orationis,

170 3139 296 3196 qua
309 3138 420 3178 nos
441 3125 498 3178 te
526 3135 776 3177 exorare
798 3119 1054 3175 docuisti
1079 3120 1140 3174 in
1164 3119 1506 3185 terris,sicut
1531 3135 1666 3175 eam
1679 3133 1840 3174 nunc

171 3227 384 3268 coram
402 3214 457 3265 te
471 3207 831 3264 ﬁducialiter
851 3207 1432 3278 prompserimus,ita
1446 3223 1686 3279 quoque
1705 3207 1839 3264 etfe-

172 3299 566 3371 ctumipsius
606 3296 906 3368 petitionis
956 3299 1066 3352 ate
1123 3296 1458 3368 percepisse
1507 3311 1617 3351 nos
1644 3300 1840 3365 gratu-

173 3389 392 3445 lemur.

247 3480 430 3535 Pater
483 3479 710 3533 noster.

253 3566 579 3624 Humiliate
605 3580 717 3621 vos
747 3563 1163 3620 benedictioni.

249 3656 557 3715 Dominus
582 3655 656 3710 sit
683 3668 937 3725 semper.
973 3665 1035 3720 Ριι.
1063 3655 1129 3708 Et
1171 3667 1311 3708 cum
1341 3652 1549 3724 spiritu
1579 3656 1700 3709 tuo.

253 3763 628 3820 Benedictio.
655 3761 827 3816 Jesus
859 3759 1120 3815 Christus
1163 3759 1320 3815 ﬁlius
1344 3759 1468 3827 Dei,
1492 3760 1596 3831 qui
1628 3762 1849 3816 mortu-

181 3867 288 3908 um
317 3855 615 3908 Lazarum
639 3850 768 3904 vitae
802 3847 1056 3904 reddidit
1102 3847 1371 3919 pristinae
1406 3848 1568 3919 :ipse
1617 3864 1725 3904 nos
1747 3863 1852 3903 no-

181 3957 270 3996 vas
289 3941 429 3997 vitae
449 3936 928 3994 sanctiﬁcatione
973 3935 1307 4007 perlustret.
1335 3946 1398 4006 av.
1422 3941 1628 3991 Amen.
1675 3936 1852 4008 thui

177 4028 356 4085 illum
377 4028 588 4084 solutis
617 4041 911 4082 manuum
933 4041 1000 4081 ac
1013 4025 1238 4098 pedum
1255 4025 1511 4080 nexibus
1530 4023 1692 4080 abire
1707 4040 1855 4096 prte-

181 4119 389 4189 cepit:
419 4117 564 4188 ipse,
584 4121 912 4171 vestrorum
940 4115 1304 4187 compedum
1325 4113 1584 4170 resoluto
1623 4112 1854 4183 ligami-

183 4222 292 4270 ne,
320 4204 499 4259 rectis
529 4219 629 4260 vos
649 4220 885 4276 semper
917 4204 1137 4259 semitis
1192 4202 1370 4259 faciat
1422 4201 1754 4258 ambulare.
1793 4214 1854 4270 ἢ.

186 4301 410 4351 Amen.
448 4292 671 4363 Quique
703 4309 809 4365 per
835 4296 1010 4347 tanta;
1047 4291 1131 4348 rei
1163 4288 1541 4355 miraculum,
1576 4289 1856 4345 manifes-

188 4390 317 4441 tam
351 4381 494 4438 fecit
524 4381 762 4454 populis
795 4381 1049 4452 gloriam
1088 4396 1294 4435 suam:
1323 4379 1448 4452 ipse
1474 4379 1860 4436 vosintrodu-

191 4477 289 4530 cat
311 4472 394 4530 ad
426 4471 653 4542 gaudia
677 4471 1059 4544 sempiterna.
1108 4480 1170 4538 11v.
1199 4473 1410 4525 Amen.

270 4565 381 4617 Per
410 4559 890 4615 misericordiam
941 4557 1148 4630 ipsius.

271 4649 574 4708 Dominus
594 4647 668 4704 sit
699 4663 934 4720 semper
964 4645 1300 4703 vobiscum.
1337 4656 1396 4706 ἢν.
1439 4647 1502 4700 Et
1531 4660 1668 4700 cum
1700 4645 1864 4717 spiri-

198 4745 258 4796 tu
280 4745 406 4798 tuo.

271 4829 506 4886 Lauda.
563 4822 849 4883 Mirabilia
905 4823 1241 4880 testimonia
1280 4826 1399 4887 tua,
1451 4822 1736 4879 Domine:
1790 4823 1861 4877 P.

204 4915 336 4974 ideo
363 4919 638 4974 scrutata
665 4917 752 4970 est
783 4913 985 4970 anima
1020 4926 1173 4968 mea.
1198 4909 1261 4970 ἲν.
1295 4910 1616 4966 Declaratio
1647 4927 1864 4966 sermo-

202 5019 343 5064 num
370 5012 622 5064 tuorum
641 4999 942 5061 illuminat
964 5019 1059 5059 me
1094 5018 1104 5057 :
1125 5005 1181 5056 et
1207 5000 1569 5057 intellectum
1603 5001 1705 5058 dat
1727 5016 1864 5073 par-

201 5096 374 5152 vulis.
409 5096 492 5155 P.
531 5094 673 5150 Ideo
697 5098 979 5149 scrutata.
1016 5090 1072 5153 Ψ.
1137 5090 1335 5147 Gloria
1365 5095 1420 5145 et
1444 5089 1654 5145 honor.

265 5187 485 5244 Oratio.
519 5186 890 5249 Scrutantes,
914 5180 1182 5245 Domine,
1211 5178 1691 5236 testimoniorum
1739 5183 1863 5235 tuo-

195 5291 329 5333 rum
351 5273 681 5338 mirabilia,
719 5270 1175 5327 illumiuationis
1215 5274 1327 5325 tua:
1375 5267 1735 5324 intellectum
1767 5267 1866 5326 de-

199 5364 390 5423 clara:
413 5365 641 5437 quique
657 5364 866 5434 aperto
886 5375 985 5416 ore
1007 5356 1242 5414 vitalem
1276 5356 1548 5429 spiritum
1581 5359 1866 5414 traximus

198 5459 250 5511 et
277 5453 714 5527 pinguedinem
743 5450 934 5506 sancti
968 5446 1248 5505 Sacriﬁcii
1273 5445 1529 5517 saginati
1561 5452 1867 5504 ructamus

1347 246 1694 315 DOMINICA
1733 252 1808 310 III
1848 248 2453 323 QUADRAGESIME.

3499 261 3604 315 386

1873 379 1920 433 A
1956 381 2134 450 atque
2146 378 2386 448 gloriam
2401 379 2677 452 aspectus
2693 377 2774 435 tui
2789 378 3128 436 ostensione
3140 380 3394 452 paciﬁca
3405 381 3604 440 videa-

1953 482 2108 522 mus.
2128 479 2190 534 ἢ.
2220 469 2426 523 Amen.

2022 556 2164 612 Alia
2187 557 2416 612 Lauda.
2449 561 2500 611 2.
2530 554 2618 612 Ab
2641 554 2793 612 omni
2806 554 2897 611 via
2911 554 3093 613 mala.
3122 557 3194 612 P.
3225 557 3476 616 Prohibe
3496 575 3603 631 pe-

1952 645 2134 716 pedes
2149 647 2588 710 meos,Domine
2603 663 2617 699 :
2632 645 3011 711 V.Quomodo
3025 644 3402 717 dilexilegem
3415 654 3597 720 tuam,

1954 733 2202 790 Domine
2225 734 2251 788 ‘2
2281 739 2400 790 tota
2420 735 2513 790 die
2545 734 2852 790 meditatio
2898 749 3034 790 mea
3079 737 3184 788 est.
3217 735 3291 791 P.
3333 736 3598 791 Prohibe.

2026 822 2246 879 Oratio.
2281 822 2369 877 Ab
2399 823 2671 880 omnivia
2687 823 2848 879 mala
2869 821 3122 895 prohibe
3143 823 3327 895 pedes
3346 829 3601 885 nostros,

1957 911 2201 967 Domine
2233 929 2245 967 :
2280 911 2656 984 Verbumque
2691 917 2860 967 tuum
2886 916 3010 967 tota
3057 927 3365 967 servemus
3421 915 3603 967 atten-

1955 1000 2110 1055 tione
2135 1019 2146 1068 ;
2169 1002 2406 1071 atquea
2432 1000 2591 1056 malo
2620 1001 2913 1064 recedere,
2942 1004 2999 1055 et
3027 999 3131 1055 tibi
3153 1015 3266 1055 nos
3313 998 3606 1072 perpetim

1955 1089 2138 1144 facias
2160 1089 2550 1160 complacere.
2600 1100 2662 1159 13;.
2709 1093 2919 1145 Amen.

2023 1177 2311 1233 Lauda3.
2339 1177 2622 1233 Fundasti
2639 1182 2874 1243 terram,
2910 1182 2964 1232 et
2985 1179 3315 1249 permanet.
3363 1175 3606 1232 Ordina-

1954 1265 2110 1321 tione
2135 1269 2235 1321 tua
2258 1270 2640 1336 perseverant
2661 1267 2780 1321 dies
2809 1284 2821 1320 :
2849 1266 2916 1321 P.
2941 1265 3239 1330 Quoniam
3259 1264 3464 1321 omnia
3481 1278 3597 1319 ser-

1953 1353 2256 1409 viunttibi.
2283 1353 2345 1413 i7.
2363 1357 2420 1408 In
2436 1358 2724 1409 aeternum
2751 1353 3000 1409 Domine
3032 1353 3603 1425 permanetverbum

1953 1445 2123 1497 tuum
2147 1444 2208 1497 in
2239 1442 2488 1498 coelo.P.
2525 1442 2818 1507 Quoniam
2841 1443 3063 1497 omnia.

2025 1530 2248 1586 Oratio.
2274 1533 2334 1585 In
2362 1533 2646 1585 aeternum
2680 1530 2923 1585 Domine
2956 1529 3214 1585 Verbum
3237 1533 3407 1585 tuum
3441 1529 3606 1600 quod

1953 1623 2252 1689 permanet
2276 1619 2335 1674 in
2367 1618 2536 1681 coelo,
2572 1617 2632 1674 in
2659 1617 2932 1673 Ecclesiae
2960 1623 3076 1673 tua:
3107 1633 3343 1689 semper
3373 1615 3606 1672 inhabi-

1874 1725 1918 1780 Β
1953 1713 2032 1763 tet
2053 1707 2274 1779 templo
2305 1724 2314 1760 :
2351 1711 2414 1762 ut
2442 1706 2855 1762 inhabitatoris
2897 1705 3218 1778 praesentia
3243 1703 3605 1760 habitaculis

1953 1796 2026 1852 sit
2051 1795 2286 1851 claritas
2312 1795 2630 1851 indefessa.
2664 1806 2726 1863 Ir.
2775 1796 2983 1849 Amen.

2022 1884 2226 1939 Lauda
2251 1887 2301 1938 4.
2329 1884 2639 1949 Quomodo
2677 1883 2851 1938 dilexi
2872 1883 3065 1954 legem
3086 1885 3251 1937 tuam
3311 1878 3556 1935 Domine
3576 1878 3604 1932 ?

1952 1972 2013 2025 P.
2041 1975 2182 2028 Tota
2201 1971 2298 2027 die
2326 1971 2633 2028 meditatio
2663 1987 2802 2028 mea
2826 1974 2940 2026 est.
2980 1970 3041 2030 ν.
3081 1972 3268 2041 Super
3326 1967 3603 2023 inimicos

1951 2076 2117 2115 meos
2137 2060 2484 2132 prudentem
2511 2076 2606 2116 me
2637 2059 2822 2116 fecisti
2849 2058 3137 2115 mandato
3161 2061 3299 2114 tuo:
3365 2054 3510 2128 quia
3541 2055 3602 2109 in

1950 2152 2239 2204 aeternum
2270 2147 2418 2202 mihi
2459 2151 2562 2203 est.
2615 2151 2672 2202 P.
2705 2150 2847 2203 Tota
2875 2146 2994 2202 die.

2024 2238 2329 2293 0ratio.Da
2349 2235 2910 2302 nobis,Domine,sic
2924 2235 3166 2305 diligere
3192 2233 3566 2304 legemtuam
3589 2249 3602 2297 ;

1949 2330 2013 2381 ut
2071 2341 2206 2382 eam
2236 2325 2458 2396 jugiter
2505 2325 2861 2381 meditemur
2911 2325 2972 2380 in
3029 2323 3228 2388 corde,
3251 2328 3307 2378 et
3360 2323 3604 2393 accepto

1950 2414 2053 2470 tibi
2083 2414 2465 2486 perﬁciamur
2483 2416 2542 2470 in
2581 2429 2778 2486 opere.
2808 2425 2873 2483 Bt.
2906 2418 3117 2470 Amen.

2019 2505 2164 2562 Alia
2194 2505 2398 2561 Lauda
2417 2505 2471 2559 5.
2501 2507 2706 2559 Manus
2735 2508 2849 2560 tuae
2905 2502 3168 2558 fecerunt
3209 2515 3326 2564 me,
3352 2503 3407 2556 et
3452 2499 3605 2571 plas-

1949 2599 2266 2650 maverunt
2293 2609 2385 2648 me
2421 2595 2516 2648 :P.
2550 2594 2634 2648 Da
2651 2591 3186 2647 mihiintellectum.
3233 2590 3491 2651 Domine,
3537 2589 3597 2645 il'.

1951 2684 2062 2749 Qui
2091 2683 2298 2738 timent
2316 2687 2368 2737 te
2389 2680 2675 2737 videbunt
2700 2694 2812 2741 me,
2847 2683 2902 2733 et
2923 2677 3286 2734 laetabuntur
3321 2697 3332 2734 :
3368 2677 3511 2747 quia
3538 2675 3599 2730 in

1949 2772 2132 2829 verbo
2151 2775 2252 2826 tuo
2282 2769 2532 2841 speravi.
2564 2769 2624 2820 P.
2654 2768 2738 2822 Da
2768 2766 2934 2820 mihi.

2022 2861 2239 2917 Oratio.
2274 2859 2362 2914 Ad
2392 2863 2447 2914 te
2476 2855 2727 2913 Domine
2759 2855 2970 2912 oculos
3008 2855 3248 2908 nostros
3279 2851 3599 2920 erigimus;

1949 2951 2362 3023 quiamanum
2394 2951 2632 3001 tuarum
2661 2944 2979 3000 artiﬁcium
3011 2956 3219 2996 sumus
3254 2958 3266 2994 :
3308 2939 3388 2995 da
3427 2937 3602 2994 nobis

1948 3039 2308 3096 intellectum
2345 3035 2610 3092 discendi
2648 3033 2934 3090 mandata
2979 3037 3080 3088 tua
3111 3047 3124 3096 ;
3159 3035 3213 3086 et
3244 3030 3516 3086 timentes
3551 3031 3606 3084 te

1951 3129 2111 3201 reple
2149 3127 2351 3184 laetitia
2385 3124 2620 3182 :veniat
2645 3124 2707 3179 in
2766 3121 3228 3179 consolationem
3278 3119 3466 3176 nostri
3501 3118 3607 3174 mi-

1952 3217 2275 3275 sericordia
2293 3221 2432 3279 tua;
2470 3214 2647 3284 219
2678 3228 2814 3284 quae
2851 3214 3031 3267 noset
3068 3226 3105 3266 a
3131 3208 3305 3264 malis
3329 3205 3607 3262 omnibus

1950 3311 2136 3373 eruat,
2166 3310 2220 3361 et
2241 3319 2493 3377 operum
2518 3300 2874 3370 dignitatem
2919 3298 3022 3354 tibi
3058 3296 3292 3367 placere
3329 3293 3600 3350 edoceat.

1951 3397 2234 3541 H.233:
2255 3488 2305 3538 6.
2324 3481 2434 3547 Qui
2450 3480 2659 3536 timent
2687 3481 2739 3533 te
2765 3473 3058 3531 videbunt
3076 3485 3192 3534 me,
3223 3471 3280 3525 et
3315 3466 3606 3523 laatabun-

1956 3580 2051 3632 tur
2081 3575 2174 3629 :P.
2197 3572 2344 3637 Quia
2373 3570 2434 3625 in
2491 3567 2674 3624 verbo
2711 3569 2836 3630 tuo,
2870 3561 3139 3628 Domine,
3187 3573 3296 3628 ego
3351 3555 3608 3628 speravi.

1957 3665 2017 3723 Ψ.
2048 3660 2307 3731 Cognovi
2340 3657 2605 3722 Domine,
2639 3654 2782 3727 quia
2818 3650 3067 3725 tequitas
3117 3647 3343 3720 judicia
3369 3653 3469 3702 tua
3501 3661 3513 3699 :
3550 3644 3611 3702 et

1959 3753 2020 3807 in
2042 3750 2282 3807 veritate
2313 3751 2415 3802 tua
2432 3743 2778 3800 humiliasti.
2822 3743 2884 3795 P.
2920 3738 3070 3805 Quia
3100 3738 3160 3793 in
3199 3735 3402 3791 verbo.

2033 3839 2252 3895 Oratio.
2286 3832 2686 3890 Prtestanobis
2704 3829 2951 3886 Domine
2986 3826 3350 3882 intellectum
3384 3822 3610 3877 discen-

1963 3929 2023 3985 di
2044 3926 2330 3984 mandata
2362 3929 2460 3979 tua
2493 3941 2506 3976 :
2539 3925 2761 3977 instrue
2788 3933 2899 3974 nos
2926 3915 3299 3972 meditatione
3347 3909 3611 3972 assidua,

1965 4023 2029 4076 ut
2058 4016 2131 4073 ab
2154 4013 2319 4072 omni
2362 4011 2556 4069 ofﬁcio
2601 4025 2712 4065 nos
2741 4024 2862 4064 non
2901 4006 3163 4062 retrahat
3195 4001 3461 4070 desidia;
3510 3996 3618 4054 sed

1968 4107 2045 4164 ad
2067 4102 2504 4161 consolandum
2519 4104 2746 4155 nostua
2767 4096 2866 4153 ﬁat
2882 4091 3308 4151 misericordia.
3327 4101 3389 4149 nr.
3407 4089 3614 4144 Amen.

2041 4198 2144 4251 l’er
2173 4189 2660 4249 misericordiam.

2040 4286 2263 4341 Preces.
2297 4282 2523 4349 Averte,
2554 4276 2819 4340 Domine,
2842 4275 2995 4330 iram
3026 4275 3182 4327 tuam
3237 4286 3273 4326 a
3313 4267 3505 4325 nobis.
3541 4265 3619 4322 Et

1972 4376 2191 4432 Oratio.
2226 4375 2433 4428 Averte
2471 4367 2714 4425 Domine
2739 4363 2953 4421 faciem
3008 4366 3194 4418 tuam.
3265 4358 3473 4425 Quaere
3504 4356 3616 4425 fol.

1975 4469 2093 4523 130.

2566 4561 2722 4602 FERIA
2753 4557 3023 4600 SECUNDA.

2540 4636 2636 4690 Ad
2666 4632 3055 4690 Matutinum.

2044 4730 2415 4800 Antiphona.
2446 4728 2528 4780 Tu
2554 4728 2754 4779 autem
2805 4719 3076 4776 Domine.
3116 4714 3380 4771 Psalmus
3430 4723 3510 4763 Ill.
3544 4706 3622 4762 Et

1978 4823 2197 4878 Oratio.
2227 4816 2501 4884 Quamvis
2537 4813 2804 4869 Domine.
2853 4810 2964 4880 fol.
3007 4810 3122 4863 141.

2046 4908 2410 4979 Antiphona.
2432 4898 2945 4973 Deliclaquisolus
2965 4891 3261 4962 intelligis,
3297 4905 3334 4946 a
3363 4887 3625 4962 peccatis

1974 4998 2194 5055 nostris
2224 4994 2451 5052 munda
2493 5007 2626 5056 nos,
2662 4989 2925 5045 Domine.
2966 4983 3226 5039 Psalmus
3251 4995 3408 5035 xvm.

2049 5087 2266 5143 Oratio.
2301 5083 2384 5139 Ab
2410 5079 2654 5138 occultis
2700 5075 2916 5133 nostris
2945 5070 3173 5129 munda
3211 5084 3324 5126 nos
3381 5065 3624 5123 Domine

1974 5174 2291 5250 purgando
2326 5168 2771 5230 conscientiam,
2809 5179 2943 5237 quae
2970 5160 3213 5218 internis
3253 5175 3323 5216 ac
3370 5151 3624 5247 propriis

1975 5265 2234 5323 inﬁcitur
2263 5259 2513 5317 maculis
2545 5269 2556 5312 :
2599 5255 2678 5312 ab
2723 5253 2931 5311 alienis
2951 5266 3186 5324 quoque
3230 5260 3408 5320 parce
3437 5253 3620 5334 servis

1976 5355 2112 5421 tuis,
2142 5357 2206 5407 ut
2235 5366 2305 5406 ea
2328 5347 2660 5416 indulgeas,
2695 5360 2829 5418 quae
2863 5341 2957 5396 vel
2999 5339 3290 5395 malorum
3341 5325 3623 5397 exemplis

1977 5441 2365 5503 addiscimus,
2379 5437 2471 5494 vel
2485 5436 2683 5509 parvis
2699 5433 2892 5491 inlecti
2925 5422 3410 5502 persuasionibus
3424 5425 3624 5509 perpe-

201 5544 260 5600 in
277 5505 499 5602 {imbre
537 5553 785 5613 semper
805 5537 1178 5611 eloquiorum
1236 5538 1474 5593 tuorum
1525 5551 1868 5596 crescamus
1980 5538 2207 5593 tramus
2225 5549 2236 5585 :
2257 5534 2321 5590 ut
2349 5529 2454 5603 qui
2471 5533 2523 5587 te
2541 5525 2846 5600 proprium
2865 5514 3250 5590 agnoscimus
3275 5505 3622 5572 Dominum»
