4094 6164
489 254 598 329 38ὴ

1759 239 2214 312 BREVIARIUM
2253 238 2646 298 GOTHICUM.

3797 239 3912 296 388

487 398 864 470 peccatorum
889 403 1276 463 nequaquam
1305 385 1631 443 sentiamus
1659 382 1904 440 ulterius
1947 376 2136 435 domi-
2166 373 2211 427 A
2246 457 2257 470 Δ
2316 368 2380 421 Et
2409 365 2824 470 derelinquam
2845 365 3092 470 vineam
3143 361 3434 470 meamet
3459 373 3620 470 :nop-
3636 363 3911 470 rumpi:

488 488 718 540 natum.
741 481 804 542 ἡ.
839 485 1043 536 Amen.

558 571 668 626 Per
695 566 1191 625 misericordiam.

557 658 903 727 Antiphona
921 660 972 710 2.
1010 652 1236 709 Exaudi
1265 665 1375 707 nos
1399 649 1460 705 in
1491 649 1606 714 die,
1633 662 1755 719 qua
1784 645 2135 701 invocamus

493 751 567 813 te,
588 746 857 812 Domine,
882 745 1036 800 Deus
1069 746 1288 798 noster.
1319 739 1592 794 Psatmus
1619 751 1742 792 xix.

561 835 792 890 Oratio.
819 831 1000 903 Imple
1031 829 1281 885 Domine
1292 841 1502 883 omnes
1522 822 1834 897 petitiones
1858 821 2090 876 nostras
2115 834 2129 884 ;

487 939 560 981 ac
582 923 748 978 mitte
789 920 962 976 nobis
1022 915 1308 973 auxilium
1335 915 1410 970 de
1440 916 1682 968 sancto:
1733 923 1966 965 memor
2007 909 2132 962 esto

488 1009 684 1066 omnis
713 1005 984 1062 sacriﬁcii
1013 1004 1219 1069 nostri,
1265 1001 1429 1074 quod
1450 1000 1552 1056 tibi
1573 1014 1695 1054 non
1726 997 1921 1053 solum
1971 994 2134 1050 obla-

489 1097 668 1159 tione,
702 1094 805 1148 sed
835 1093 1006 1148 etiam
1047 1091 1312 1147 oratione
1363 1093 1542 1161 atque
1585 1085 1904 1143 afﬂictione
1971 1082 2134 1137 dica-

489 1199 645 1247 mus,
668 1186 733 1236 ut
747 1196 858 1237 nos
871 1179 974 1236 tibi
999 1177 1256 1236 humiles
1273 1191 1511 1249 semper
1538 1175 1739 1245 facias,
1778 1177 1835 1230 et
1854 1169 2134 1229 contritos

489 1269 804 1328 adtendas.
837 1281 900 1340 Βι.
953 1273 1162 1323 Amen.

559 1360 669 1415 Per
696 1356 1188 1414 misericordiam.

557 1448 900 1516 Antiphona
938 1449 989 1499 3.
1028 1443 1117 1498 Ad
1182 1441 1589 1498 defensionem
1619 1441 1907 1504 nostram,
1958 1437 2136 1506 Deus,

488 1535 737 1607 respice.
771 1534 1038 1589 Psalmus
1056 1545 1175 1586 xx1.

560 1623 784 1678 Oratio.
813 1621 902 1677 Ad
929 1618 1339 1675 defensionem
1386 1619 1674 1678 nostram,
1700 1613 1948 1670 Domine
1982 1613 2137 1667 Deus

2245 457 2356 517 tur,
2383 469 2577 526 neque
2614 454 2870 510 fodietur
2913 469 2928 509 :
2960 454 2980 473 ⁶
3023 457 3081 507 et
3110 448 3437 506 ascendent
3458 448 3518 503 in
3555 464 3696 506 eam
3759 451 3914 511 sicut

2240 543 2302 600 in
2323 558 2527 613 agrum
2556 543 2849 600 incultum
2875 541 3065 613 spina;
3106 556 3120 594 ε
3157 543 3212 594 et
3252 537 3522 596 nubibus
3585 540 3906 598 mandabo

2239 645 2315 687 ne
2344 631 2553 702 pluant
2577 647 2758 704 super
2812 646 2947 688 eam
2983 626 3276 702 pluviam.

2310 719 2493 776 Vinea
2509 720 2667 778 enim
2700 719 2936 776 Domini
2959 715 3268 775 Sabbaoth
3316 715 3537 772 domus
3559 720 3651 773 est
3671 716 3859 776 lsrael
3887 735 3900 774 :

2241 809 2262 828 '
2287 812 2344 864 et
2361 809 2545 864 homo
2574 809 2753 880 Juda,
2806 806 3112 864 novellum
3143 803 3430 862 dilectum
3463 823 3475 861 :

2311 896 2572 952 Sustinui
2600 901 2664 952 ut
2706 897 2926 952 faceret
2972 893 3292 966 judicium,
3323 893 3339 908 '
3371 891 3506 946 fecit
3563 896 3769 950 autem
3794 896 3900 951 ini-

2241 983 2521 1053 quitatem
2539 1000 2552 1048 ;
2571 988 2627 1038 et
2642 999 2761 1038 non
2772 979 3199 1053 justitiam,sed
3217 979 3564 1034 clamorem.
3585 991 3651 1046 ἢ.
3682 982 3893 1038 Amen.

2314 1072 2539 1127 Oratio.
2563 1072 2828 1126 Domine.
2853 1071 2957 1142 qui
2983 1067 3364 1124 isracliticam
3378 1067 3618 1124 vineam
3641 1085 3753 1140 pro
3786 1071 3902 1127 fru~

2243 1159 2434 1214 ctibus
2460 1158 2725 1229 repulisti
2739 1158 3045 1230 spinarum
3072 1174 3085 1223 ;
3110 1154 3337 1226 ampliat
3361 1156 3538 1226 220
3572 1157 3903 1214 Ecclesiam

2241 1251 2452 1303 tuuam
2473 1246 2755 1302 iulatione
2774 1247 3095 1303 virtutum:
3116 1249 3177 1300 ut
3198 1245 3478 1311 maceria,
3500 1245 3717 1316 quailli
3738 1246 3904 1303 dete-

2244 1336 2322 1392 cti
2343 1340 2499 1402 sunt,
2517 1339 2944 1408 praeceptorum
2958 1351 3067 1390 nos
3086 1332 3321 1390 ambias
3343 1349 3357 1387 :
3393 1337 3453 1388 et
3491 1334 3699 1390 turrim
3713 1337 3901 1407 regni,

2243 1424 2619 1493 torcularque
2641 1423 2860 1489 altaris,
2893 1422 3062 1495 quod
3109 1421 3221 1477 illis
3247 1419 3560 1491 imminuis,
3591 1422 3768 1478 nobis
3788 1424 3903 1478 im-

2243 1513 2464 1586 pertias
2494 1533 2505 1571 :
2542 1517 2626 1577 ut,
2652 1513 2840 1568 imbre
2858 1512 3111 1567 nubium
3141 1511 3200 1566 in
3216 1509 3483 1582 pulviam
3497 1516 3685 1582 rupta,
3721 1512 3902 1569 ﬂam-

2245 1617 2482 1658 marum
2497 1601 2728 1657 debitas
2755 1616 2962 1671 vepres
3015 1614 3139 1655 non
3180 1598 3604 1663 exhibeamus;
3637 1601 3744 1655 sed
3775 1599 3908 1656 fru-

487 1715 688 1767 noster
712 1710 1028 1778 dignanter
1046 1706 1306 1778 respice;
1361 1705 1523 1776 eripe
1569 1719 1606 1759 a
1628 1703 1857 1758 framea
1902 1701 2134 1758 animas
2174 1717 2214 1771 Β
2243 1706 2346 1762 895
2362 1687 3081 1758 οωιθειθεὺθηίεωιεθιίη
3098 1686 3272 1744 Doms
3324 1685 3571 1752 nutrias,
3605 1691 3661 1743 ει
3702 1703 3776 1743 ex
3797 1703 3909 1746 Πο-

488 1803 756 1855 nostras:
793 1803 850 1854 et
873 1813 948 1852 ne
975 1795 1248 1851 doctrina
1274 1808 1598 1865 pascamur
1625 1790 1820 1857 laatali,
1873 1793 1974 1845 tuo
2022 1804 2134 1845 nos

487 1887 778 1943 tutamine
794 1900 959 1956 rege;
991 1883 1288 1954 simulque
1320 1881 1395 1937 de
1422 1897 1524 1937 ore
1552 1880 1762 1943 leonis,
1791 1892 2002 1949 rapere
2023 1891 2134 1932 nos

488 1975 800 2047 cupientis,
831 1973 1018 2030 libera
1046 1989 1062 2026 :
1089 1974 1144 2027 et
1164 1971 1243 2027 ob
1267 1970 1540 2026 latrantis
1589 1967 1905 2040 perﬁdiam
1947 1965 2131 2027 canis,

485 2063 754 2136 pervigili
778 2062 1069 2130 contuitu,
1118 2059 1344 2116 solicita
1371 2073 1485 2115 nos
1549 2059 1793 2130 protege
1835 2069 1998 2111 cura.
2067 2065 2130 2122 Br.

485 2155 693 2209 Amen.

560 2241 672 2297 Per
702 2237 1195 2296 misericordiam.

557 2339 622 2400 By.
659 2329 717 2385 Si
771 2327 1097 2383 dixerimus
1143 2325 1248 2396 qui
1283 2325 1598 2396 peccatum
1646 2336 1769 2378 non
1796 2319 2129 2388 habemus;

487 2433 600 2474 nos
643 2418 808 2489 ipsos
845 2415 1202 2478 seducimus,
1226 2417 1282 2469 et
1313 2413 1532 2468 veritas
1555 2411 1616 2466 in
1665 2409 1836 2466 nobis
1861 2424 1984 2464 non
2019 2412 2130 2464 est.

488 2505 644 2572 Quia
675 2505 722 2560 si
757 2503 1007 2560 confessi
1034 2501 1321 2557 fuerimus
1340 2500 1554 2554 delicta
1591 2503 1798 2554 nostra
1823 2513 1837 2563 ;
1864 2496 2056 2551 ﬁdelis
2081 2501 2136 2552 et

485 2595 623 2666 pius
648 2597 754 2649 est.
786 2593 844 2645 P.
879 2591 990 2655 Qui
1018 2587 1196 2644 nobis
1224 2590 1472 2658 peccata
1501 2586 1778 2651 dimittat,
1819 2584 2140 2666 etmundet

485 2658 599 2738 nos
627 2681 706 2736 ab
751 2678 916 2735 omni
971 2675 1302 2746 iniquitate.
1332 2673 1395 2733 XI.
1423 2676 1556 2728 Haec
1608 2671 1801 2728 scribo
1846 2672 2042 2735 vobis,
2075 2658 2140 2729 nt

486 2782 610 2822 non
631 2765 906 2837 peccetis.
944 2762 1057 2820 Sed
1079 2767 1136 2817 et
1160 2762 1210 2816 si
1232 2762 1362 2833 quis
1390 2763 1741 2832 peccaverit,
1776 2761 2139 2819 advocatum

485 2855 784 2910 habemus
805 2851 970 2926 apud
1013 2853 1269 2918 Patrem,
1326 2851 1529 2906 Jesum
1579 2851 1895 2908 Christum.
1932 2852 1996 2906 P.
2029 2850 2139 2916 Qui

489 2941 687 2999 nobis.

1089 3026 1162 3080 In
1200 3025 1528 3083 Laudibus.

558 3114 929 3184 Antiphona.
964 3113 1236 3166 Miserere
1259 3113 1395 3175 mei,
1437 3114 1614 3181 Deus,
1644 3113 1977 3170 secundum
2006 3131 2136 3173 ma-

489 3209 673 3267 gnam
705 3191 1176 3249 misericordiam
1204 3195 1385 3244 tuam.
1424 3192 1691 3248 Psatmus
1720 3209 1778 3247 ιι.

557 3282 787 3340 Oratio.
823 3280 1086 3336 Miserere
1114 3276 1576 3347 nobiswomine
1631 3279 1965 3337 secundum
2012 3298 2127 3339 ma-

486 3388 661 3445 gnam
684 3367 1151 3427 misericordiam
1180 3370 1348 3422 tuam
1382 3386 1393 3424 :
1436 3371 1500 3424 ut
1528 3367 1689 3424 unde
1728 3385 1838 3425 nos
1901 3370 2136 3428 erubes-

487 3463 699 3528 cimus,
721 3464 787 3516 tu
815 3455 1168 3527 indulgeas:
1201 3457 1258 3512 et
1281 3470 1373 3524 ea,
1422 3471 1558 3528 quae
1586 3457 1781 3527 egisse
1798 3474 1910 3516 nos
1938 3460 2134 3532 ι)ωηὶ-

486 3556 585 3617 tet,
609 3555 671 3606 tu
701 3548 1019 3605 clementer
1043 3547 1349 3615 ignoscas.
1401 3557 1465 3616 13:.
1492 3549 1704 3607 Amen.

554 3642 661 3694 Per
691 3635 1187 3693 misericordiam.

554 3727 648 3782 Ad
663 3726 1000 3784 Canticum.
1029 3724 1386 3794 Antiphona.
1419 3723 1686 3784 Cantabo
1704 3726 1952 3785 Domino
1967 3743 2128 3786 nunc

484 3815 700 3874 dilecto
724 3815 1023 3871 canticum
1055 3813 1283 3870 dilectae
1312 3813 1501 3871 vineae
1554 3830 1724 3872 mean.
1769 3815 1953 3874 Vinea
1969 3817 2129 3875 facta

482 3909 570 3963 est
597 3904 808 3961 dilecto
833 3903 893 3959 in
909 3903 1042 3959 loco
1068 3901 1254 3958 uberi.

875 3992 1190 4048 Canticum
1227 3990 1419 4046 Esaiae
1449 3991 1604 4062 (Cap.
1651 3991 1736 4063 v).

554 4081 817 4140 Cantaho
834 4095 996 4137 nunc
1047 4079 1262 4135 dilecto
1308 4078 1893 4138 canticum‘dilectaa
1935 4082 2126 4140 vineae

481 4185 652 4233 meae.

557 4262 736 4318 Vinea
761 4260 921 4317 facta
949 4256 1266 4316 estdilecto
1294 4257 1357 4314 in
1379 4272 1587 4328 cornu,
1613 4262 1670 4316 et
1695 4259 1758 4315 in
1775 4258 1910 4316 loco
1935 4260 2121 4318 uberi.

482 4349 550 4408 Et
603 4349 864 4408 maceria
907 4345 1299 4414 circumdedi,
1339 4346 1714 4418 circumfodi,
1753 4353 1810 4405 et
1861 4348 2128 4421 plantavi

474 4437 710 4497 vineam
729 4438 954 4496 Soreth.

548 4533 616 4586 Et
642 4527 932 4585 aediﬁcavi
992 4529 1213 4582 turrem
1254 4523 1318 4582 in
1347 4525 1546 4582 medio
1578 4525 1726 4597 ejus,
1775 4531 1832 4583 et
1868 4528 2124 4586 torcular

475 4619 602 4677 fodi
619 4620 681 4674 in
707 4634 778 4674 ea
808 4633 822 4673 :
853 4617 868 4634 '
897 4619 954 4671 et
982 4614 1232 4671 sustinui
1280 4617 1348 4670 ut
1387 4613 1606 4672 faceret
1663 4631 1830 4684 uvas,
1859 4616 1993 4673 fecit
2017 4633 2116 4674 au-

474 4713 597 4766 tem
622 4707 852 4780 spinas.

548 4801 613 4853 Et
637 4811 798 4853 nunc
818 4794 1004 4850 homo
1022 4794 1049 4849 J
1057 4792 1192 4864 uda,
1209 4795 1266 4849 et
1291 4791 1395 4864 qui
1419 4791 1702 4850 habitatis
1728 4793 2116 4863 Hierusalem,

472 4884 736 4956 judicate
759 4884 911 4939 inter
939 4897 1036 4938 me
1074 4885 1132 4937 et
1169 4880 1411 4938 vineam
1437 4897 1656 4938 meam.

547 4973 702 5039 Quid
729 4971 950 5029 faciam
968 4970 1158 5028 vineae
1185 4987 1354 5036 mem,
1383 4971 1547 5041 quod
1571 4969 1772 5026 adhuc
1815 4971 1867 5028 ei
1902 4986 2025 5027 non
2043 4971 2122 5028 fe-

475 5061 657 5122 cerim
676 5062 704 5118 εἴ
733 5062 749 5080 ⁸
780 5077 968 5134 quam
993 5060 1247 5118 sustinui
1272 5064 1336 5116 ut
1359 5058 1580 5117 faceret
1626 5075 1795 5130 uvas,
1854 5059 1993 5117 fecit
2013 5076 2119 5118 au-

475 5157 596 5210 tem
627 5150 858 5224 spinas.

547 5245 616 5298 Et
647 5256 809 5297 nunc
830 5253 966 5296 ecce
991 5251 1099 5308 ego
1133 5235 1438 5292 annuncio
1462 5235 1635 5292 vobis
1663 5249 1799 5308 quae
1857 5234 2125 5295 facturus

476 5347 614 5387 sum
643 5331 833 5386 vineae
863 5342 1012 5382 mea!
1051 5325 1108 5380 ε’
1165 5323 1435 5380 auferam
1484 5326 1811 5382 maceriam
1859 5327 2008 5397 ejus,
2069 5329 2126 5383 et

475 5420 586 5476 erit
605 5420 666 5476 in
692 5416 1126 5490 direptionem:
1155 5417 1212 5469 et
1247 5411 1559 5470 destruam
1589 5415 1846 5488 parietes
1886 5415 2042 5487 ejus,
2069 5418 2125 5473 et

474 5506 582 5563 erit
610 5507 673 5562 in
692 5502 1225 5564 mulationem.

2240 1779 2333 1834 bis
2362 1778 2640 1849 accipias.
2665 1789 2728 1847 It.
2761 1782 2970 1832 Amen.

2313 1866 2768 1923 AdBenedictus.
2829 1865 3183 1936 Antiphona.
3234 1863 3441 1919 Emitte
3491 1863 3692 1920 lucem
3729 1868 3900 1921 tuam

2241 1956 2488 2011 Domine
2513 1959 2569 2010 et
2599 1955 2900 2010 veritatem
2925 1959 3090 2010 tuam
3125 1971 3137 2008 :
3171 1953 3234 2012 ἲν.
3266 1953 3402 2024 Ipsa
3473 1969 3569 2009 me
3629 1953 3894 2009 deduxe-

2240 2048 2396 2111 runt,
2439 2049 2495 2100 et
2518 2043 2900 2099 adduxerunt
2922 2043 2983 2098 in
3003 2045 3270 2098 montem
3301 2045 3581 2098 sanctum
3611 2045 3808 2111 tuum,
3841 2046 3899 2098 et

2241 2132 2300 2188 in
2324 2132 2782 2188 tabernaculum
2807 2136 2996 2187 tuum.

2313 2222 2642 2278 Canticum.
2691 2221 3038 2276 Benedictus
3059 2235 3121 2276 es
3151 2219 3419 2276 Domine.
3442 2221 3555 2290 fol.
3589 2221 3642 2276 6.

2313 2311 2539 2367 Lauda.
2561 2314 2625 2365 In
2641 2310 2939 2384 cymbalis
2958 2309 3111 2367 bene
3132 2310 3512 2374 sonantibus,
3527 2311 3586 2366 in
3604 2309 3904 2382 cymbalis

2238 2397 2710 2470 jubilationum:
2762 2398 2959 2455 omnis
3029 2398 3270 2470 spiritus
3325 2397 3529 2456 laudet
3555 2399 3902 2456 Dominum.

2315 2488 2582 2543 Psalmus
2613 2502 2696 2542 CL.

2421 2575 2622 2632 Lectio
2643 2575 2788 2631 libri
2842 2575 3285 2632 Deuteronomii
3315 2577 3720 2648 (Cap.xxxiv).

2316 2673 2380 2731 Βι.
2414 2664 2536 2719 Deo
2563 2664 2806 2733 gratias.

2315 2751 2504 2807 Inillis
2521 2751 2737 2808 diebus
2763 2769 2775 2808 :
2803 2752 3086 2810 Ascendit
3108 2755 3340 2825 Moyses
3369 2753 3443 2809 de
3463 2753 3913 2825 campestribus

2245 2839 2414 2897 Moab
2437 2855 2618 2912 super
2637 2845 2900 2897 montem
2916 2841 3099 2910 Nebo,
3114 2841 3176 2897 in
3201 2841 3476 2898 verticem
3501 2842 3735 2912 Phasga
3760 2858 3914 2899 con-

2244 2932 2335 2985 tra
2349 2928 2582 2985 Jericho
2600 2945 2611 2982 :
2629 2929 3005 3002 ostenditque
3021 2929 3072 2986 ei
3098 2930 3387 2987 Dominus
3401 2946 3644 2986 omnem
3664 2935 3903 2987 terram

2247 3015 2471 3073 Galaad
2486 3033 2676 3088 usque
2695 3017 2844 3086 Dan,
2860 3022 2917 3073 et
2930 3019 3277 3074 universum
3290 3019 3621 3090 Nephtalim
3632 3024 3910 3086 ,terram-

2244 3121 2362 3178 que
2389 3105 2670 3176 Ephraim
2691 3109 2749 3162 et
2776 3108 3064 3171 Manasse,
3094 3112 3151 3164 et
3173 3123 3417 3164 omnem
3449 3112 3667 3166 terram
3697 3124 3898 3181 usque

2244 3194 2324 3250 ad
2343 3209 2508 3250 mare
2521 3195 2938 3260 novissimum,
2956 3197 3339 3253 etaustralem
3398 3201 3656 3269 partem,
3688 3202 3746 3254 et
3765 3197 3900 3254 lati-

2244 3282 2512 3340 tudinem
2533 3284 2729 3354 campi
2751 3283 2981 3340 Jericho
3007 3284 3255 3340 civitatis
3303 3285 3636 3356 palmarum
3701 3301 3904 3358 usque

2241 3372 2440 3441 Segor.
2471 3372 2741 3444 Dixitque
2771 3371 3062 3428 Dominus
3111 3373 3189 3428 ad
3227 3388 3365 3429 eum
3398 3391 3410 3428 :
3442 3375 3579 3430 Haec
3600 3379 3690 3430 est
3715 3380 3902 3440 terra,

2240 3475 2349 3532 pro
2369 3476 2491 3532 qua
2512 3461 2712 3531 juravi
2749 3461 3073 3526 Abraham,
3100 3461 3292 3527 lsaac,
3315 3466 3372 3518 et
3398 3462 3606 3523 Jacob.
3649 3463 3864 3520 dicens
3891 3481 3901 3518 :

2243 3549 2462 3606 Semini
2483 3553 2584 3605 tuo
2605 3549 2766 3606 dabo
2783 3565 2938 3606 eam.
2958 3549 3168 3607 Vidisti
3183 3567 3317 3607 eam
3330 3551 3518 3608 oculis
3537 3551 3672 3617 tuis,
3690 3556 3748 3608 et
3772 3568 3906 3610 non

2241 3637 2518 3694 transibis
2544 3638 2622 3695 ad
2647 3638 2836 3696 illam.
2893 3641 3274 3712 Mortuusque
3303 3645 3391 3696 est
3412 3643 3646 3712 Moyses
3686 3657 3904 3698 servus

2236 3726 2492 3798 Domini,
2523 3727 2584 3782 in
2615 3731 2769 3784 terra
2788 3728 2977 3792 Moab,
3004 3728 3251 3800 jubente
3292 3729 3546 3786 Domino
3571 3747 3581 3785 :
3628 3729 3905 3802 sepelivit

2240 3830 2377 3871 eum
2401 3817 2460 3872 in
2500 3816 2648 3872 valle
2673 3820 2840 3872 terrae
2889 3816 3081 3885 Moab,
3105 3820 3313 3873 contra
3337 3817 3570 3886 Phogor
3602 3837 3615 3876 :
3649 3823 3707 3873 et
3771 3833 3901 3874 non

2236 3902 2516 3975 cognovit
2532 3903 2710 3960 homo
2741 3903 3082 3977 sepulcrum
3129 3905 3260 3974 ejus
3297 3920 3490 3978 usque
3518 3905 3581 3961 in
3622 3921 3896 3977 praesen-

2235 3995 2356 4048 tem
2385 3992 2565 4049 diem.
2594 3996 2820 4065 Moyses
2837 3999 3073 4050 centum
3105 3997 3163 4050 et
3189 3994 3394 4064 viginti
3419 4009 3722 4050 annorum
3767 4000 3901 4054 erat

2234 4082 2483 4154 quando
2504 4087 2777 4139 mortuus
2800 4087 2891 4140 est
2909 4101 2921 4138 :
2945 4099 3068 4140 non
3095 4083 3371 4153 caligavit
3388 4083 3764 4154 oculus,ejus
3782 4100 3898 4142 nec

2234 4169 2607 4227 dentesillius
2620 4172 2906 4227 commoti
2919 4176 3076 4227 sunt.
3097 4171 3528 4243 Fleveruntque
3568 4171 3741 4228 illum
3790 4171 3899 4228 ﬁlii

2235 4260 2413 4316 Israel
2442 4260 2506 4316 in
2556 4261 2994 4332 campestribus
3049 4261 3227 4317 Moab
3282 4261 3484 4332 viginti
3537 4261 3800 4317 diebus:
3841 4267 3900 4319 et

2236 4348 2512 4421 completi
2531 4354 2672 4404 sunt
2695 4349 2822 4405 dies
2834 4349 3110 4422 planctus
3131 4349 3464 4420 lugentium
3492 4349 3764 4421 Moysen.
3794 4353 3898 4408 Jo-

2238 4453 2343 4492 sue
2357 4453 2495 4492 vero
2506 4436 2663 4492 ﬁlius
2675 4437 3076 4510 Nunrepletus
3091 4443 3177 4495 est
3189 4439 3392 4510 spiritu
3411 4439 3902 4513 sapientiaequia

2235 4527 2465 4597 Moyses
2495 4526 2696 4596 posuit
2727 4541 2905 4598 super
2941 4542 3081 4584 eum
3111 4542 3330 4583 manus
3360 4543 3521 4584 suas.
3557 4530 3622 4583 Et
3648 4529 3894 4585 obedie-

2233 4618 2373 4671 runt
2397 4614 2446 4670 ei
2469 4614 2573 4670 ﬁlii
2595 4614 2794 4682 Israel,
2809 4615 3193 4688 feceruntque
3210 4616 3362 4672 sicut
3387 4621 3756 4689 praeceperat
3783 4619 3896 4674 Do-

2231 4707 2436 4761 minus
2455 4703 2656 4774 Moysi.
2674 4706 2739 4759 Et
2756 4719 2878 4760 non
2893 4705 3144 4760 surrexit
3164 4705 3456 4776 propheta
3469 4705 3627 4762 ultra
3641 4706 3698 4760 in
3712 4705 3900 4763 lsrael

2231 4794 2383 4849 sicut
2397 4795 2645 4865 Moyses,
2667 4809 2846 4865 quem
2861 4798 3066 4849 nosset
3079 4794 3365 4850 Dominus
3378 4792 3530 4850 facie
3550 4794 3632 4850 ad
3647 4794 3894 4866 faciem,

2228 4881 2292 4938 in
2316 4880 2600 4938 omnibus
2631 4881 2815 4952 signis
2869 4886 3048 4954 atque
3086 4882 3400 4954 portentis,
3434 4898 3570 4954 quae
3603 4883 3766 4940 misit
3785 4900 3898 4956 per

2232 4987 2390 5037 eum,
2410 4976 2475 5026 ut
2503 4969 2722 5026 faceret
2746 4970 2806 5026 in
2831 4973 3084 5043 lEgypto
3135 4970 3460 5037 Pharaoni,
3485 4974 3543 5027 et
3599 4971 3895 5030 omnibus

2233 5061 2436 5125 servis,
2472 5060 2883 5132 universasque
2922 5065 3090 5116 terrai
3130 5060 3309 5126 illius,
3333 5064 3390 5116 et
3439 5064 3725 5118 cunctam
3771 5078 3900 5120 ma-

2231 5165 2379 5206 num
2399 5147 2732 5214 robustam,
2785 5163 3130 5220 magnaque
3185 5147 3507 5215 mirabilia,
3565 5164 3706 5221 qua:
3759 5149 3899 5210 fecit

2231 5241 2460 5310 Moyses
2492 5253 2695 5294 coram
2731 5239 3004 5293 universo
3027 5236 3227 5292 Israel.
3258 5247 3322 5306 Rt.
3351 5237 3562 5294 Amen.

2301 5328 2591 5394 Hymnus.
2623 5325 2916 5398 Fulgentis
2958 5329 3183 5382 auctor.
3210 5326 3328 5396 fol.
3369 5330 3453 5381 96.

2307 5413 2607 5483 Capitula.
2639 5416 2845 5473 Emitte
2871 5416 3270 5486 lucemtuam,
3299 5419 3354 5472 et
3377 5417 3693 5474 veritatem
3733 5422 3900 5478 tuam

2234 5502 3258 5580 DomineDeusnoster,utsplendor
3285 5504 3616 5565 divinitatis
3649 5511 3772 5568 tua:
3803 5523 3897 5568 ca-
