4094 6164
466 203 565 263 391

1736 196 2186 261 BREVIARIUM
2225 196 2612 255 GOTHICUM.

3754 195 3859 252 392

467 329 1195 402 Dominum,utquomodo
1206 344 1317 400 ego
1334 329 1443 387 feci
1453 329 1768 387 vobiscum
1779 326 2107 386 misericor—
2134 325 2182 379 A
2217 323 2344 395 spei
2365 322 2678 379 succedere
2699 337 2714 386 ς
2736 323 2793 378 et
2807 319 3102 394 parilitate
3117 316 3353 385 horum,
3378 318 3604 372 δεῖθωᾶ
3619 332 3762 374 cum
3783 319 3868 376 eis

466 417 742 488 diam,ita
773 422 830 476 et
847 433 955 475 vos
997 417 1227 475 faciatis
1243 434 1381 476 cum
1398 417 1580 476 domo
1602 419 1786 492 patris
1814 417 1931 473 mei
1965 435 1977 474 :
2008 414 2105 471 de-

467 506 662 578 tisque
675 506 820 563 mihi
845 507 1163 576 signum,et
1195 506 1431 563 salvetis
1455 511 1689 580 patrem
1710 521 1901 562 meum
1915 508 2106 560 etma-

467 597 840 666 trem,fratres
856 611 926 652 ac
941 611 1174 652 sorores
1193 601 1447 663 meas,et
1461 597 1667 653 omnia
1686 611 1822 668 quae
1839 608 2104 650 meorum

465 687 621 749 sunt,
653 688 710 740 et
735 685 954 740 eruatis
983 685 1216 742 animas
1245 689 1481 742 nostras
1506 685 1580 741 de
1633 688 1842 740 morte.
1875 682 1985 748 Qui
2011 696 2101 737 re-

464 771 834 842 sponderunt
860 787 871 827 :
893 772 1108 829 Anima
1128 778 1331 830 nostra
1347 773 1417 830 sit
1433 788 1541 845 pro
1556 772 1724 828 vobis
1741 770 1818 826 ad
1832 774 2096 834 mortem,

464 856 510 911 si
529 871 650 913 non
673 861 874 914 tamen
894 859 1227 930 prodideris
1239 875 1352 916 nos
1379 876 1390 916 :
1409 873 1668 930 cumque
1680 857 1977 914 tradiderit
1990 871 2099 912 no-

461 944 554 1000 bis
577 947 863 1001 Dominus
880 948 1333 1018 terram,faciem
1343 964 1409 1004 us
1419 950 1480 1004 in
1495 953 1548 1004 te
1563 945 2032 1003 misericordiam
2045 948 2102 1001 et

459 1033 1036 1092 veritatem.Demisit
1061 1051 1201 1108 ergo
1217 1053 1319 1093 eos
1345 1051 1450 1109 per
1475 1036 1680 1092 funem
1702 1034 1776 1090 de
1797 1034 2054 1090 fenestra
2081 1049 2093 1089 ε

459 1119 677 1177 domus
707 1122 867 1178 enim
891 1124 1020 1194 ejus
1045 1123 1311 1182 hmrebat
1338 1139 1532 1182 muro.
1564 1124 1831 1194 Dixitque
1859 1122 1938 1180 ad
1959 1137 2093 1178 eos:

454 1207 545 1263 Ad
571 1214 858 1267 montana
886 1213 1367 1280 conscendite,ne
1390 1213 1537 1270 forte
1569 1215 1886 1270 occurrant
1926 1210 2098 1268 vobis

456 1302 810 1354 revertentes
838 1317 851 1355 :
882 1299 1083 1372 ibique
1102 1300 1322 1358 latitate
1340 1301 1553 1358 diebus
1576 1301 1779 1367 tribus,
1804 1300 1995 1355 donec
2011 1314 2097 1356 re-

456 1383 656 1451 deant,
681 1390 736 1442 et
767 1387 849 1442 sic
878 1386 1038 1443 ibitis
1065 1403 1172 1460 per
1201 1390 1358 1445 viam
1381 1393 1665 1447 vestram.
1693 1388 1803 1454 Qui
1819 1387 2100 1445 dixerunt

456 1472 536 1527 ad
556 1488 692 1529 eam
711 1493 724 1532 :
749 1476 979 1530 Innoxii
999 1477 1220 1532 erimus
1240 1493 1275 1533 a
1289 1478 1631 1548 juramento
1651 1475 1910 1548 hoc,qud
1927 1475 2098 1546 adju-

455 1563 599 1617 rasti
616 1577 730 1619 nos
755 1580 768 1618 :
797 1565 844 1618 si
866 1563 1336 1633 ingredientibus
1359 1566 1534 1622 nobis
1573 1571 1811 1632 terram,
1855 1564 2096 1635 signum

2215 411 2570 468 exultatione
2594 410 2874 482 gaudere.
2903 406 3274 478 Respondeat
3299 405 3528 462 chorus.
3560 410 3780 466 Amen.

2283 501 2392 556 Per
2419 499 2886 556 misericordiam
2918 503 3085 554 tuam
3116 496 3268 551 Deus
3296 499 3520 560 noster,
3549 500 3664 552 etc.

2282 589 2646 659 Antiphone.
2678 591 2730 643 2.
2767 589 3080 660 Sperantes
3109 583 3432 641 inDomino
3449 583 3866 643 misericordia

2212 675 2621 732 circumdabit.
2651 675 2845 732 Psalm
2855 691 2921 730 us
2946 689 3113 729 xxx1.

2283 764 2506 822 Oratio.
2529 765 2773 821 Remitte
2788 763 3038 820 Domine
3054 761 3418 834 impietatem
3431 760 3633 817 cordis
3645 763 3859 829 nostri,

2209 867 2318 924 pro
2330 868 2450 925 qua
2467 857 2521 909 te
2532 853 2727 910 omnis
2741 854 2992 909 Sanctus
3005 851 3064 907 in
3077 854 3342 921 tempore
3353 854 3702 922 opportuno
3729 866 3867 908 exo-

2206 945 2335 1010 rat;
2366 947 2544 1012 atque
2563 939 2924 996 intellectum
2952 938 3140 994 tribue
3164 937 3340 994 nobis
3365 952 3471 1009 per
3490 939 3864 1010 operationis

2207 1029 2578 1100 suffragium,
2601 1030 2766 1103 quod
2785 1044 3130 1102 precamur:
3150 1029 3443 1084 etinstrue
3462 1043 3577 1085 nos
3593 1029 3663 1086 in
3677 1029 3862 1101 hujus

2205 1119 2338 1176 vita;
2361 1118 2542 1185 viam,
2577 1135 2699 1192 qua
2727 1117 3091 1188 gradiamur.
3123 1129 3187 1188 ﬁ.
3215 1118 3422 1174 Amen.

2276 1210 2379 1263 Per
2414 1206 2888 1264 misericordiam
2902 1248 2916 1262 .

2275 1295 2628 1365 Antiphona
2648 1299 2700 1353 3.
2719 1295 2840 1353 Fiat
2864 1295 3112 1352 Domine
3127 1292 3538 1350 misericordia
3555 1299 3664 1352 tua
3680 1311 3866 1368 super

2205 1398 2317 1440 nos
2345 1400 2354 1438 :
2387 1385 2538 1440 sicut
2562 1384 2934 1456 speravimus
2982 1383 3043 1439 in
3074 1389 3152 1441 te.
3175 1383 3475 1438 Psalmus.
3504 1399 3692 1440 xxxii.

2276 1483 2340 1542 Βτ.
2370 1472 2764 1528 Misericordia
2794 1471 3030 1528 Domini
3059 1470 3218 1536 facit,
3238 1475 3304 1526 ut
3330 1486 3454 1526 non
3481 1469 3719 1528 deﬁciat
3749 1489 3766 1538 ;
3790 1473 3856 1528 Ρ.

2206 1560 2347 1625 Quia
2381 1576 2506 1617 non
2535 1565 2674 1617 sunt
2701 1565 3138 1617 consummatae
3178 1558 3584 1616 miserationes
3605 1561 3753 1633 ejus.
3781 1560 3850 1622 ιγ.

455 1649 628 1706 fuerit
655 1651 1076 1709 funiculusiste
1092 1654 1402 1710 coccineus
1420 1667 1444 1726 ;
1459 1660 1516 1712 et
1539 1653 1819 1726 ligaveris
1839 1669 1974 1710 eum
1998 1669 2097 1725 per
2127 1663 2172 1718 Β
2205 1647 2548 1721 Flagellabit
2574 1665 2685 1706 nos
2698 1649 2776 1705 ab
2806 1648 3218 1722 iniquitatibus
3240 1648 3475 1713 nostris,
3498 1648 3855 1706 etomnium

455 1736 794 1804 fenestram,
827 1755 950 1811 qua
969 1756 1080 1798 nos
1123 1741 1446 1799 demisisti:
1481 1748 1538 1800 et
1565 1747 1795 1816 patrem
1843 1747 2012 1799 tuum
2041 1745 2099 1798 et

457 1825 630 1894 222
664 1827 1272 1902 matrem,fratresque
1302 1834 1359 1886 et
1381 1845 1628 1886 omnem
1677 1830 2097 1901 cognationem

453 1918 622 1969 tuam
635 1918 1087 1986 congregaveris
1101 1919 1161 1974 in
1174 1918 1424 1975 domum
1442 1924 1606 1976 tuam
1617 1920 1744 1985 .Qui
1759 1919 1976 1976 ostium
1994 1919 2098 1975 do-

451 2017 589 2057 mus
608 2007 724 2059 tuae
745 2019 1021 2074 egressus
1047 2007 1495 2078 fuerit,sanguis
1537 2008 1726 2081 ipsius
1755 2008 1863 2064 erit
1918 2021 2096 2079 super

453 2095 635 2162 caput
659 2092 869 2162 ejus,et
891 2109 1002 2150 nos
1041 2096 1263 2151 erimus
1294 2095 1490 2152 alieni.
1517 2098 1876 2153 Cunctorum
1893 2099 2093 2152 autem

451 2179 826 2252 sanguis,qui
847 2184 1042 2238 tecum
1069 2182 1262 2240 fuerat
1283 2185 1346 2239 in
1369 2184 1575 2252 domo,
1623 2183 1984 2240 redundabit
2031 2184 2093 2240 in

449 2272 630 2339 caput
670 2273 941 2327 nostrum
969 2271 1018 2326 si
1046 2287 1148 2328 eos
1186 2272 1401 2344 aliquis
1450 2273 1764 2344 testigeris.
1821 2273 1994 2339 Quod
2041 2272 2092 2329 si

447 2370 557 2412 nos
575 2357 826 2428 prodere
847 2359 1184 2431 volueris,et
1209 2376 1545 2418 sermonem
1570 2361 1749 2418 istum
1762 2361 2090 2433 proferrein

445 2444 963 2514 medium,erimus
985 2450 1288 2506 mundiab
1312 2451 1426 2507 hoc
1443 2451 1806 2522 juramento,
1838 2466 1962 2523 quo
1982 2450 2089 2506 ad-

440 2533 658 2603 jurasti
686 2538 898 2591 nos.Et
928 2536 1028 2593 illa
1055 2539 1368 2608 respondit
1393 2558 1405 2591 :
1434 2539 1593 2595 Sicut
1615 2539 1796 2595 locuti
1821 2539 1977 2602 estis,
2009 2539 2090 2594 ita

442 2621 548 2678 ﬂat
570 2621 1022 2696 :dimittensque
1045 2641 1147 2680 eos
1178 2631 1240 2682 ut
1258 2631 1598 2698 pergerunt,
1625 2627 1912 2700 appendit
1940 2626 2089 2682 funi~

442 2707 642 2764 culum
668 2712 1011 2767 coccineum
1033 2713 1094 2767 in
1108 2714 1539 2770 fenestram.llli
1555 2731 1696 2771 vero
1713 2715 2088 2772 ambulantes

442 2803 837 2867 pervenerunt
859 2799 937 2856 ad
989 2805 1295 2868 montana,
1329 2807 1383 2858 et
1412 2809 1768 2860 manserunt
1829 2803 1912 2859 ibi
1967 2809 2084 2860 tres

440 2884 585 2951 dies,
620 2886 809 2942 donec
856 2894 1287 2946 reverterentur
1351 2892 1454 2963 qui
1483 2891 1718 2948 fuerant
1740 2892 2033 2964 persecuti
2068 2909 2080 2948 :

438 2979 770 3042 quaerentes
796 2990 900 3045 per
932 2991 1171 3032 omnem
1204 2978 1384 3045 viam,
1414 2993 1535 3034 non
1565 2986 1909 3050 repererunt
1943 2996 2073 3039 eos.
2121 3010 2161 3065 ρ

438 3059 660 3123 Quibus
689 3060 897 3117 urbem
926 3063 1225 3132 ingressis,
1254 3065 1472 3120 reversi
1498 3071 1652 3132 sunt,
1684 3071 1739 3122 et
1759 3067 2080 3124 descende-

435 3152 572 3202 runt
587 3148 984 3220 exploratores
1005 3150 1080 3206 de
1112 3157 1315 3208 monte
1344 3169 1355 3207 :
1391 3157 1447 3208 et
1479 3154 1732 3210 Iordane
1775 3157 2080 3213 transmis-

440 3243 828 3301 so,venerunt
857 3238 935 3295 ad
963 3242 1137 3296 Iosue
1165 3241 1351 3296 filium
1378 3245 1554 3312 Num,
1573 3250 2078 3310 narraveruntque

433 3325 643 3382 omnia
671 3343 806 3400 quae
859 3328 1202 3385 acciderant
1232 3330 1364 3400 sibi,
1411 3335 1586 3403 atque
1627 3331 2079 3391 dixerunt:Tra-

432 3413 582 3471 didit
603 3415 889 3472 Dominus
921 3416 984 3472 in
1021 3433 1240 3474 manus
1290 3422 1521 3476 nostras
1565 3435 1809 3477 omnem
1857 3427 2074 3479 terram

429 3501 606 3571 hanc,
639 3507 697 3558 et
747 3505 957 3560 timore
985 3507 1262 3578 prostrati
1283 3511 1420 3564 sunt
1474 3509 1669 3565 cuncti
1704 3509 2073 3568 habitatores

431 3588 559 3658 ejus
573 3588 737 3658 (Cap.
755 3593 852 3662 ιιι).
871 3594 1236 3662 lgiturIosue
1252 3596 1326 3653 de
1346 3600 1518 3654 nocte
1537 3613 1906 3670 consurgens
1927 3616 2073 3672 pra:-

431 3673 617 3728 movit
637 3681 830 3734 castra
863 3682 1382 3757 :egredientesque
1399 3684 1476 3741 ad
1495 3685 1672 3742 Setim
1682 3693 1972 3744 venerunt
1992 3687 2071 3745 ad

426 3762 746 3820 Iordanem
761 3765 891 3838 ipse
905 3772 1295 3828 etomnesﬁlii
1309 3775 1506 3841 Israel,
1530 3780 1585 3832 et
1600 3776 1816 3832 morati
1840 3777 2070 3834 suntibi

427 3855 543 3908 tres
559 3851 704 3908 dies.
731 3855 956 3920 Quibus
974 3859 1243 3926 evolutis,
1269 3863 1625 3920 transierunt
1640 3881 1946 3938 praecones
1964 3881 2070 3938 per

426 3945 758 3999 castrorum
786 3947 1073 4014 medium,
1096 3955 1152 4006 et
1171 3949 1429 4008 clamare
1458 3961 1790 4026 coeperunt:
1817 3956 2069 4022 Quando

422 4028 684 4088 videritis
708 4049 911 4092 arcam
932 4036 1170 4095 {dederis
1197 4039 1430 4096 Domini
1446 4042 1548 4098 Dei
1580 4046 1780 4111 vestri,
1803 4049 1859 4101 et
1880 4061 2070 4102 sacer-

422 4117 591 4174 dotes
605 4122 803 4194 stirpis
816 4123 1060 4184 leviticaa
1073 4133 1374 4200 portantes
1387 4146 1510 4187 eam
1526 4149 1538 4188 :
1554 4147 1662 4188 vos
1677 4149 1917 4207 quoque
1931 4151 2066 4191 con-

422 4210 664 4282 surgite,
689 4215 1005 4285 sequimini
1022 4219 1417 4289 praecedentes
1437 4237 1449 4276 :
1467 4221 1659 4294 sitque
1680 4222 1828 4278 inter
1849 4240 1976 4290 vos,
2012 4228 2070 4281 et

419 4312 621 4356 arcam
639 4303 898 4374 spatium
917 4305 1249 4363 cubitorum
1266 4308 1455 4364 duum
1479 4310 1709 4366 milium
1744 4327 1756 4366 :
1775 4319 1838 4369 ut
1858 4315 2062 4386 procul

416 4388 617 4445 videre
640 4391 894 4462 possitis,
924 4398 980 4451 et
1005 4411 1184 4452 nosse
1205 4413 1311 4469 per
1335 4414 1522 4469 quam
1573 4400 1736 4456 viam
1768 4401 2064 4471 ingredia-

416 4479 563 4535 mini
599 4481 771 4554 :quia
785 4483 949 4554 prius
962 4499 1083 4541 non
1101 4484 1454 4542 ambulastis
1476 4502 1723 4559 peream
1747 4510 1758 4544 :
1787 4495 2061 4549 etcavate

413 4582 490 4624 ne
529 4569 1025 4644 appropinquatis
1064 4574 1140 4631 ad
1185 4589 1410 4633 arcam.
1443 4575 1713 4648 Dixitque
1749 4577 1928 4632 Iosue
1980 4579 2059 4634 ad

414 4657 706 4729 populum
733 4661 1220 4720 :Sanctiﬁcamini
1238 4677 1250 4717 :
1269 4679 1400 4720 cras
1414 4663 1572 4719 enim
1587 4663 1756 4720 faciet
1770 4665 2056 4723 Dominus

412 4745 563 4802 inter
591 4765 699 4806 vos
725 4751 1041 4810 mirabilia.
1080 4753 1449 4823 Respondeat
1480 4753 1715 4810 chorus.
1738 4757 1944 4810 Amen.

481 4834 826 4906 Antiphona
847 4842 897 4896 1.
927 4842 1081 4899 Deus
1101 4841 1255 4898 Deus
1270 4847 1488 4909 noster,
1503 4841 1727 4914 respice
1747 4858 1858 4899 nos
1892 4860 1903 4899 :
1932 4859 2055 4901 non

409 4935 520 4979 nos
541 4921 939 5002 derelinquas,
974 4936 1279 5004 sperantes
1304 4932 1366 4988 in
1396 4936 1469 4988 te.
1493 4932 1785 4988 Psatmus.
1815 4949 1938 4988 XXI.

482 5011 710 5072 Oratio.
748 5019 992 5092 Respice
1024 5021 1085 5078 in
1114 5037 1248 5088 nos,
1275 5022 1523 5078 Domine
1542 5022 1695 5079 Deus
1719 5030 1956 5092 noster;
1979 5038 2053 5080 ne

407 5104 729 5163 avertendo
748 5106 959 5165 faciem
982 5112 1194 5184 tuamfa
1213 5112 1526 5180 nobis,nos
1555 5113 1932 5188 aliquatenus
1955 5115 2052 5171 de-

405 5197 709 5270 relinquas
738 5216 749 5255 :
785 5214 922 5255 vere
952 5201 1111 5257 enim
1146 5203 1291 5259 salvi
1323 5203 1568 5272 erimus,
1592 5206 1640 5261 si
1666 5205 1862 5263 vultus
1893 5206 2050 5262 tuiin

403 5300 512 5344 nos
527 5292 816 5361 aspectum
833 5292 1270 5357 converteris,et
1283 5293 1535 5350 hilariter
1548 5296 1754 5351 nostris
1771 5300 1822 5350 te
1837 5296 2052 5353 anima-

402 5372 514 5430 bus
552 5379 931 5451 conjunxeris
964 5383 1064 5438 :ut
1087 5381 1229 5455 quia
1258 5382 1320 5438 in
1351 5388 1402 5440 te
1429 5389 1817 5456 speraverunt
1851 5389 2048 5457 patres

402 5465 607 5535 nostri,
626 5470 682 5524 et
701 5469 849 5527 salvi
864 5469 1000 5528 facti
1021 5474 1177 5542 sunt,
1198 5486 1310 5530 nos
1329 5471 1700 5531 hereditariae
1717 5471 1812 5532 fac
1832 5487 2041 5530 eorum

2202 1743 2547 1794 nostrorum
2577 1737 2972 1793 miserebitur.
3002 1737 3069 1791 P.
3099 1735 3252 1802 Quia
3274 1751 3419 1793 non.
3439 1736 3506 1796 ῒ.
3539 1737 3756 1807 Gloria,
3794 1745 3856 1794 et

2203 1825 2396 1882 honor
2420 1827 2600 1882 Patri.
2631 1827 2957 1883 Retteretur
2985 1837 3048 1897 ἢ.

2272 1916 2504 1971 Preces.
2537 1916 2822 1980 Miserere,
2875 1919 2932 1970 et
2974 1928 3173 1986 parce,
3218 1911 3688 1970 clementissime
3741 1915 3860 1970 Do-

2202 2001 2623 2074 mine,populo
2644 2007 2766 2058 tuo.
2788 2003 2849 2057 P.
2867 2001 3558 2073 Quiapeccavimustibi.
3591 2001 3657 2060 ἴ.
3685 2002 3859 2058 Pros-

2204 2090 2336 2147 trati
2382 2106 2590 2147 omnes
2651 2090 2988 2163 lachrymas
3043 2091 3454 2163 producimus,
3517 2091 3858 2162 pandentes

2201 2178 2308 2235 tibi
2341 2179 2591 2244 occulta,
2632 2194 2768 2252 quas
2804 2179 3160 2235 admisimus
3194 2195 3205 2234 :
3240 2194 3276 2235 a
3305 2184 3381 2249 te,
3403 2179 3562 2234 Deus
3583 2179 3860 2251 exposci-

2201 2282 2354 2321 mus.
2382 2269 2452 2321 P.
2477 2267 2642 2333 Quia.
2684 2266 2751 2327 it.
2795 2267 3101 2323 Orationes
3131 2267 3511 2323 sacerdotum
3537 2268 3764 2340 accipe,
3798 2272 3856 2324 et

2198 2370 2333 2426 quae
2364 2355 2669 2427 postulant
2698 2355 3008 2412 afﬂuenter
3041 2355 3233 2412 tribue
3263 2374 3276 2412 :
3309 2371 3379 2412 ac
3403 2360 3520 2412 tuae
3552 2356 3716 2429 plebi
3747 2357 3855 2412 mi-

2201 2458 2412 2508 serere,
2426 2443 2698 2500 Domine.
2721 2444 2786 2498 P.
2803 2444 2969 2508 Quia.
2985 2443 3045 2504 νῖν.
3063 2446 3338 2500 Furorem
3359 2449 3519 2500 tuum
3541 2444 3855 2501 adduxisti

2201 2547 2382 2604 super
2399 2548 2544 2588 nos:
2569 2531 2785 2588 delicta
2813 2536 3021 2589 nostra
3041 2537 3441 2589 curvaverunt
3473 2548 3607 2600 nos,
3630 2538 3688 2590 et
3707 2533 3852 2590 abs-

2197 2636 2314 2692 que
2349 2620 2469 2677 ulla
2497 2635 2600 2692 spe
2623 2620 2970 2677 defecimus.
3014 2623 3083 2677 P.
3115 2623 3284 2688 Quia.
3318 2621 3380 2682 )7.
3413 2621 3852 2678 Remissionem

2195 2713 2570 2779 peccatorum
2586 2709 2790 2778 tribue,
2811 2709 3195 2780 etlargitatem
3217 2711 3379 2767 dona
3390 2711 3567 2766 nobis
3586 2711 3806 2783 pluviae
3831 2730 3851 2767 :

2198 2801 2250 2853 te
2273 2797 2628 2853 invocamus
2660 2814 2671 2852 :
2698 2802 2763 2852 tu
2793 2797 3018 2868 adesto,
3057 2797 3329 2854 Domine.
3359 2800 3423 2852 P.
3452 2799 3622 2864 Quia.

2265 2887 2563 2956 Hymnus.
2589 2888 2631 2943 Ο
2652 2888 2966 2952 Nazarene,
2990 2885 3117 2942 lux.
3150 2887 3260 2956 fol.
3291 2889 3412 2944 144.

2265 2975 2493 3031 Oratio.
2534 2975 2656 3031 Fiat
2683 2974 3087 3031 misericordia
3109 2980 3210 3031 tua
3229 2975 3476 3032 Domine
3490 2991 3677 3048 super
3698 2992 3815 3034 nos
3840 2996 3855 3034 :

2191 3067 2256 3119 ut
2276 3065 2378 3131 qui
2397 3063 2741 3135 singillatim
2759 3064 2941 3120 corda
2952 3064 3268 3120 hominum
3281 3065 3491 3135 ﬁngis;
3529 3066 3858 3137 speciatim

2189 3169 2261 3209 ea
2285 3153 2618 3208 sanctiﬁces
2651 3158 2742 3209 :et
2769 3154 2915 3226 quia
2943 3153 3101 3209 oculi
3125 3155 3204 3210 tui
3230 3170 3409 3226 super
3429 3170 3530 3210 eos
3553 3161 3720 3225 sunt,
3749 3157 3861 3229 qui

2187 3245 2242 3297 te
2259 3241 2582 3297 metuimus
2610 3259 2622 3296 :
2656 3241 2886 3299 timoris
2907 3242 2991 3298 tui
3011 3243 3092 3300 da
3113 3243 3291 3300 nobis
3314 3242 3652 3301 confertam
3670 3245 3854 3316 largi-

2187 3335 2392 3386 tatem.

2257 3418 2433 3476 Pater
2459 3423 2679 3476 noster.

2802 3509 2901 3565 Ad
2935 3508 3198 3566 Sextum.

2348 3596 2543 3653 Lectio
2580 3597 2852 3655 Ieremia;-
2879 3599 3198 3668 Propheta:
3225 3597 3392 3670 (Cap,
3423 3600 3658 3673 xxxiii).

2252 3694 2313 3754 Βτ.
2348 3685 2469 3740 Deo
2497 3685 2735 3755 gratias.

2251 3773 2385 3828 Haec
2415 3772 2555 3829 dicit
2585 3773 2875 3830 Dominus
2900 3793 2912 3834 :
2945 3774 3150 3830 Clama
3177 3774 3256 3831 ad
3279 3790 3394 3841 me,
3425 3779 3484 3830 et
3508 3777 3848 3834 exaudiam

2181 3864 2234 3916 te
2261 3878 2277 3916 :
2315 3863 2754 3920 etannuntiabo
2774 3863 2877 3920 tibi
2893 3864 3165 3934 grandia,
3194 3869 3251 3920 et
3269 3864 3442 3920 firma
3459 3881 3597 3936 qua:
3620 3868 3844 3922 nescis.

2181 3951 2329 4016 Quia
2350 3951 2474 4008 haec
2505 3951 2646 4007 dicit
2665 3951 2952 4008 Dominus
2984 3952 3352 4008 exercituum
3375 3954 3532 4009 Deus
3555 3954 3755 4020 Israel,
3783 3964 3849 4011 ct

2179 4041 2258 4096 ad
2279 4040 2494 4098 domos
2517 4041 2680 4097 urbis
2701 4041 2902 4112 hujus,
2917 4041 3064 4097 etad
3086 4042 3302 4098 domos
3322 4042 3479 4112 regis
3499 4043 3677 4108 Iuda,
3696 4060 3846 4116 quae

2178 4129 2490 4186 destructas
2517 4135 2670 4194 sunt,
2693 4129 2837 4186 etad
2854 4131 3236 4198 munitiones,
3261 4136 3316 4187 et
3338 4131 3414 4188 ad
3437 4131 3719 4199 gladium
3739 4151 3846 4190 ve-

2176 4219 2466 4274 nientium
2489 4225 2552 4274 ut
2567 4219 2851 4275 dimicent
2865 4235 3003 4275 cum
3021 4219 3334 4286 Chaldaeis,
3356 4226 3411 4276 et
3428 4219 3841 4293 impleanteas

2176 4307 2566 4364 cadaveribus
2581 4308 2916 4374 hominum,
2939 4324 3093 4380 quos
3110 4309 3378 4380 percussi
3397 4309 3457 4364 in
3479 4309 3686 4368 furore
3710 4328 3836 4369 meo

2174 4402 2229 4453 et
2243 4397 2650 4468 indignatione
2673 4413 2826 4465 mea,
2853 4397 3233 4454 abscondens
3252 4399 3462 4455 faciem
3479 4416 3688 4456 meam
3706 4417 3742 4458 a
3758 4403 3833 4457 ci-

2170 4487 2348 4543 vitate
2365 4486 2550 4557 hac,2
2561 4487 2673 4558 23
2689 4492 2920 4559 propter
2931 4487 3196 4543 malitiam
3213 4503 3405 4545 eorum
3419 4505 3650 4545 omnem
3661 4534 3673 4546 .
3684 4490 3830 4548 Ecce

2170 4591 2280 4647 ego
2297 4577 2600 4634 obducam
2622 4578 2704 4632 eis
2731 4576 3066 4634 cicatricem
3088 4582 3144 4633 et
3161 4577 3498 4644 sanitatem,
3525 4582 3828 4637 etcurabo

2167 4683 2269 4724 eos
2300 4689 2312 4722 :
2338 4673 2394 4724 et
2415 4667 2692 4724 revelabo
2722 4666 2833 4722 illis
2856 4667 3333 4739 deprecationem
3367 4668 3529 4740 pacis
3569 4674 3627 4726 et
3675 4672 3828 4727 veri-

2167 4756 2325 4813 tatis.
2358 4756 2425 4813 Et
2444 4761 2784 4812 convertam
2807 4758 3260 4812 conversionem
3289 4756 3468 4826 Iuda,
3491 4761 3551 4813 et
3576 4773 3827 4815 conver-

2168 4845 2398 4902 sionem
2427 4845 2795 4902 Hierusalem
2820 4863 2832 4901 :
2863 4851 2920 4901 et
2942 4845 3368 4902 aediﬁcaboeos
3381 4845 3586 4903 sicuta
3611 4847 3826 4918 princi-

2164 4933 2288 5008 pio.
2319 4937 2385 4991 Et
2414 4934 2759 4990 emundabo
2785 4933 2918 4990 illos
2948 4934 3026 4991 ab
3056 4934 3223 4991 omni
3253 4935 3566 5007 iniquitate
3605 4953 3742 5003 sua,
3768 4938 3827 4992 in

2164 5038 2288 5096 qua
2309 5027 2702 5095 peccaverunt
2723 5023 2867 5078 mihi
2898 5041 2909 5079 :
2940 5028 2997 5080 et
3018 5022 3308 5096 propitius
3330 5039 3433 5079 ero
3459 5025 3696 5081 cunctis
3718 5024 3832 5080 ini-

2163 5113 2492 5186 quitatibus
2509 5128 2738 5178 eorum,
2761 5111 2818 5166 in
2834 5111 3057 5185 quibus
3074 5111 3583 5184 derelinquerunt,
3604 5120 3834 5186 etspre.

2163 5209 2374 5259 verunt
2395 5218 2510 5258 me.
2545 5204 2608 5257 Et
2631 5200 2738 5256 erit
2758 5201 2904 5256 mihi
2935 5201 2994 5256 in
3008 5217 3248 5272 nomen,
3275 5207 3331 5256 et
3349 5202 3408 5257 in
3427 5203 3745 5272 gaudium,
3768 5207 3824 5258 et

2161 5291 2223 5346 in
2244 5291 2507 5357 laudem,
2537 5294 2592 5345 et
2614 5290 2674 5344 in
2708 5289 3129 5345 exultationem
3154 5289 3384 5346 cunctis
3406 5290 3691 5358 gentibus
3713 5297 3820 5346 ter-

2157 5395 2258 5444 rae,
2286 5394 2416 5450 quae
2456 5379 2774 5437 audierunt
2799 5379 3005 5436 omnia
3033 5378 3216 5444 bona,
3247 5395 3382 5452 quas
3403 5395 3517 5450 ego
3545 5379 3813 5436 facturus

2156 5483 2291 5525 sum
2319 5468 2404 5524 eis
2431 5484 2444 5525 :
2478 5472 2534 5526 et
2562 5468 2886 5540 pavebunt,
2911 5472 2967 5526 et
2996 5467 3396 5528 turbabuntur
3418 5467 3482 5525 in
3511 5468 3813 5530 universis
