4094 6164
154 284 239 341 397

153 408 371 481 quitates
392 421 596 461 eorum
618 407 963 463 exolvimus.
998 412 1056 464 P.
1080 413 1253 465 Parce
1272 411 1466 476 nobis,
1496 412 1761 467 Domine.

150 498 202 559 ἡ.
230 496 405 553 Gloria
438 502 495 552 et
525 498 715 553 honor
748 500 921 555 Patri.
946 501 1003 553 P.
1041 502 1217 555 Parce
1247 501 1443 556 nobis.

720 586 791 640 In
840 587 1164 641 Laudibus.

207 672 545 745 Antiphona.
591 674 934 730 Secundum
974 691 1261 745 magnam
1296 677 1770 733 misericordiam

149 768 306 823 tuam,
339 760 469 817 dele
494 761 748 819 Domine
773 764 1143 836 iniquitatem
1174 781 1395 821 meam.
1418 768 1687 823 Psalmus
1717 782 1767 820 L.

211 852 413 907 Oratio.
446 850 792 907 Secundum
835 853 1276 909 multitudinem
1317 856 1770 912 miserationum

146 944 381 997 tuarum.
412 938 625 1006 Oua’re
644 940 759 1009 fol.
801 944 916 995 150.

204 1029 283 1083 Ad
297 1028 987 1099 CanticumAntiphond.
1008 1030 1239 1088 Directa
1255 1031 1405 1087 facte
1424 1035 1509 1088 est
1529 1032 1629 1088 via
1648 1032 1771 1103 pio-

135 1129 278 1177 rum,
315 1118 372 1170 et
398 1119 806 1187 praeparatum
842 1120 931 1171 est
960 1117 1067 1173 iter
1106 1124 1471 1174 sanctorum.

200 1201 518 1257 Canticum.
554 1205 700 1258 Ecce
729 1204 935 1259 civitas
979 1204 1189 1263 virtus.
1215 1207 1333 1275 fol.
1366 1210 1450 1262 20.

196 1288 407 1346 Oratio.
443 1290 597 1346 Urbs
624 1291 985 1348 fortitudinis
1007 1297 1247 1364 nostrae,
1281 1295 1625 1351 salvationis
1656 1298 1772 1351 tuae

129 1393 295 1433 muro
326 1393 437 1434 nos
467 1382 737 1450 protege,
769 1395 1002 1453 nosque
1042 1386 1098 1437 et
1119 1382 1471 1438 intrinsecus
1496 1383 1573 1438 ab
1604 1383 1773 1438 hoste

130 1466 368 1523 defende
387 1485 400 1529 ;
433 1473 489 1523 et
503 1470 661 1525 intra
678 1485 750 1525 ex
764 1474 1015 1543 utraque
1038 1478 1138 1527 tua
1158 1472 1521 1542 protectione
1538 1471 1770 1540 muniti,

127 1556 183 1610 in
211 1560 308 1611 tua
335 1572 509 1629 pace,
541 1562 719 1630 atque
737 1558 932 1631 quiete
954 1576 1292 1616 mereamur
1306 1561 1526 1631 jugiter
1546 1576 1773 1632 perma-

127 1659 276 1701 nere.
307 1656 377 1715 ἢ.
421 1650 634 1702 Amen.

187 1733 294 1790 Per
322 1734 824 1792 misericordiam.

183 1822 269 1877 Ad
294 1824 681 1880 Benedictus.
710 1823 1075 1896 Antiphona.
1105 1829 1171 1881 In
1214 1827 1486 1883 matutini
1514 1826 1769 1883 medita-

119 1909 219 1965 bor
236 1911 297 1965 in
315 1915 397 1979 te,
418 1911 565 1983 quia
581 1910 742 1968 fuisti
774 1913 1013 1983 adjutor
1035 1930 1206 1969 meus
1235 1914 1503 1971 Domine.
1524 1916 1583 1974 tt.
1615 1916 1767 1970 Deus

119 1997 265 2054 Deus
290 2014 475 2055 meus
506 2000 583 2055 ad
616 2003 669 2055 te
686 1999 758 2056 de
790 2002 919 2057 luce
949 2002 1160 2073 vigilo.

184 2088 528 2145 Canticum.
564 2089 911 2146 Benedictus
940 2106 1001 2146 es
1024 2092 1296 2148 Domine.
1315 2094 1427 2161 fol.
1458 2098 1513 2148 6.
1544 2094 1771 2149 Lauda.

124 2178 179 2231 In
212 2176 579 2249 jubilatione
610 2177 851 2235 laudate
882 2181 1205 2237 Dominum
1236 2199 1248 2237 :
1293 2182 1487 2237 omnis
1535 2180 1772 2253 spiritus

118 2264 304 2321 laudet
336 2282 565 2322 nomen
589 2268 841 2323 Domini.
872 2270 1159 2325 Psalmus
1184 2284 1268 2326 CL.

474 2356 673 2412 Lectio
717 2356 854 2410 libri
880 2356 1054 2413 Iosue
1089 2358 1254 2430 (Cap.
1290 2359 1411 2427 vn).

182 2453 242 2503 ﬁ.
274 2441 399 2498 Deo
428 2443 671 2512 gratias.

181 2534 238 2585 In
273 2529 393 2586 illis
426 2530 645 2587 diebus
672 2550 684 2589 :
718 2532 845 2589 Fuit
874 2534 1160 2589 Dominus
1206 2550 1341 2590 cum
1373 2537 1569 2603 Iosue,
1594 2538 1650 2591 et
1670 2550 1774 2591 no-

124 2632 245 2673 men
279 2620 420 2689 ejus
450 2620 512 2675 in
545 2621 711 2675 omni
743 2624 893 2677 terra
918 2622 1233 2693 vulgatum
1264 2629 1368 2679 est.
1410 2623 1535 2678 Filii
1572 2628 1772 2679 autem

118 2706 293 2763 Israel
311 2708 691 2779 praevaricati
706 2713 845 2764 sunt
864 2711 1240 2775 mandatum,
1261 2714 1315 2766 et
1333 2713 1776 2781 usurpaverunt

114 2794 170 2849 de
190 2796 769 2852 anathemateNam
788 2797 987 2852 Achan
1000 2797 1156 2853 ﬁlius
1176 2798 1433 2864 Charmi,
1454 2797 1552 2852 ﬁlii
1569 2798 1771 2861 Zabdi,

108 2882 201 2938 ﬁlii
226 2887 378 2939 Zare
408 2884 483 2939 de
506 2884 663 2940 tribu
688 2885 862 2950 Iuda,
880 2886 1245 2959 tulitaliquid
1266 2887 1340 2941 de
1355 2886 1737 2942 anathemate
1757 2900 1771 2939 :

101 2972 413 3045 iratusque
438 2977 533 3029 est
556 2973 850 3029 Dominus
875 2979 1081 3031 contra
1098 2973 1255 3030 ﬁlios
1280 2975 1481 3030 Israel.
1505 2977 1773 3046 Cumque

100 3061 357 3156 mitteret
377 3064 559 3156 Iosue
581 3061 656 3117 de
678 3063 909 3156 Iericho
930 3064 1089 3156 viros
1110 3067 1321 3156 contra
1344 3066 1492 3156 Hav,
1523 3065 1773 3156 quaeest
1803 3099 1845 3156 Ο

103 3150 263 3218 juxta
293 3151 630 3219 Bethaven,
664 3153 735 3207 ad
780 3152 1127 3209 orientalem
1159 3153 1404 3226 plagam
1437 3153 1510 3209 de
1537 3152 1774 3225 oppidis

103 3238 309 3304 Bethel,
372 3238 529 3294 dixit
559 3240 644 3293 eis
676 3255 691 3293 :
722 3240 1054 3305 Ascendite,
1105 3246 1159 3297 et
1190 3242 1487 3313 explorate
1520 3245 1764 3297 terram.

106 3328 201 3391 Qui
219 3332 543 3399 praecepta
563 3328 930 3399 complentes
954 3330 1411 3402 exploraverunt
1433 3333 1580 3401 Hay.
1611 3332 1671 3384 Et
1687 3344 1776 3385 re-

106 3416 253 3471 versi
282 3416 477 3487 226
495 3415 777 3471 dixerunt
798 3418 850 3472 ei
877 3436 891 3477 :
924 3421 1050 3474 Non
1070 3419 1563 3474 ascendatomnis
1589 3434 1775 3489 popu-

106 3503 213 3567 lus,
258 3504 376 3560 sed
420 3504 543 3560 duo
568 3503 664 3559 vel
702 3506 813 3560 tria
831 3506 1013 3562 millia
1027 3509 1289 3563 virorum
1312 3510 1581 3579 pergant,
1601 3511 1655 3562 et
1678 3506 1776 3561 de-

105 3594 262 3648 Ieant
291 3593 635 3649 civitatem:
658 3608 846 3665 quare
884 3595 1079 3650 omnis
1097 3596 1356 3667 populus
1373 3596 1595 3651 frustra
1610 3610 1775 3650 vexe-

106 3685 439 3738 turcontra
481 3682 687 3738 hostes
725 3684 1166 3755 paucissimos?
1205 3686 1612 3740 Ascenderunt
1634 3699 1775 3755 ergo

104 3771 214 3826 tria
242 3771 442 3826 millia
471 3775 863 3842 pugnatores.
898 3774 1005 3838 Qui
1036 3774 1233 3829 statim
1264 3778 1425 3843 terga
1455 3778 1774 3840 vertentes,

101 3860 385 3929 percussi
420 3863 613 3915 sunta
641 3859 778 3915 viris
805 3860 969 3915 urbis
987 3863 1133 3932 Hay,
1152 3867 1207 3917 et
1226 3866 1573 3917 corruerunt
1594 3877 1665 3916 ex
1691 3860 1777 3915 eis

100 3948 352 4017 triginta
380 3964 486 4004 sex
516 3948 796 4005 homines
842 3967 854 4005 :
888 3950 1303 4023 persecutique
1338 3967 1439 4006 eos
1484 3950 1557 4005 de
1603 3953 1779 4021 porta

96 4051 299 4110 usque
328 4036 413 4092 ad
435 4037 797 4103 Sabbarum,
832 4038 1173 4094 ceciderunt
1197 4055 1305 4111 per
1326 4054 1521 4110 prona
1543 4036 1777 4107 fugien-

94 4129 190 4179 tes
219 4141 239 4176 τ
272 4124 710 4198 protimuitque
737 4141 841 4182 cor
862 4127 1087 4198 populi,
1124 4130 1179 4182 et
1205 4127 1284 4182 ad
1310 4127 1499 4181 instar
1517 4141 1689 4197 aquae
1713 4124 1779 4179 li-

92 4209 472 4283 quefactum
502 4218 598 4267 est.
634 4214 819 4268 Josue
856 4228 994 4269 vero
1029 4213 1189 4269 ﬁlius
1234 4216 1366 4269 Nun
1394 4213 1562 4269 scidit
1598 4212 1778 4269 vesti-

90 4304 321 4359 menta
343 4314 475 4367 sua,
496 4302 769 4358 etcecidit
792 4302 1092 4374 pronusin
1118 4307 1337 4360 terram
1354 4318 1559 4358 coram
1576 4317 1777 4359 arcam

92 4389 356 4447 Domini
387 4406 577 4463 usque
608 4390 687 4447 ad
712 4405 1056 4462 vesperum,
1079 4396 1198 4449 tam
1216 4392 1343 4463 ipse
1371 4407 1559 4463 quam
1582 4390 1779 4447 omnis

94 4478 289 4533 Israel
323 4496 338 4532 :
380 4479 794 4551 miseruntque
810 4478 1119 4551 pulverem
1144 4496 1319 4551 super
1340 4479 1541 4551 capita
1571 4496 1702 4543 sua,
1726 4482 1781 4536 et

89 4566 252 4623 dixit
277 4568 466 4622 Iosue
490 4586 503 4625 :
529 4570 655 4623 Heu
676 4567 918 4623 Domine
950 4569 1123 4632 Deus,
1154 4568 1303 4640 quid
1327 4568 1564 4625 voluisti
1598 4573 1781 4624 trans-

89 4654 332 4712 ducere
351 4655 653 4728 populum
680 4655 865 4711 istum
881 4656 1203 4711 Iordanem
1218 4656 1470 4711 fluvium
1493 4658 1691 4722 istum,
1718 4659 1782 4711 ut

89 4744 383 4801 traderes
426 4758 541 4799 nos
578 4744 640 4799 in
682 4758 901 4800 manus
949 4743 1299 4809 Amorrhaei,
1354 4750 1409 4799 et
1452 4743 1781 4816 perderes?

92 4834 345 4890 utinam
364 4838 433 4891 ut
452 4834 775 4906 coepimus,
796 4832 1235 4890 mansissemus
1255 4839 1419 4888 trans
1434 4834 1777 4889 Jordanem.

88 4922 159 4976 Hi
196 4923 467 4979 Domine
486 4922 667 4991 Deus,
687 4920 833 4994 quid
846 4922 1067 4988 dicam,
1082 4920 1288 4978 videns
1312 4922 1489 4977 Israel
1504 4921 1783 4977 hostibus

85 5011 219 5065 suis
234 5016 421 5082 terga
448 5010 825 5069 vertentem?
843 5011 1097 5067 Audient
1127 5010 1464 5077 Chananrei,
1495 5015 1549 5065 et
1570 5026 1781 5065 omnes

80 5098 480 5157 habitatores
505 5104 702 5165 terrm,
735 5115 805 5155 ac
839 5102 1059 5171 pariter
1079 5098 1424 5170 conglobati
1447 5098 1784 5153 circumda-

79 5186 245 5244 bunt
263 5204 411 5259 nos,
432 5195 621 5262 atque
644 5187 933 5243 delebunt
957 5204 1175 5244 nomen
1192 5193 1465 5243 nostrum
1492 5186 1567 5241 de
1590 5189 1745 5241 terra
1768 5201 1783 5239 :

87 5280 315 5349 etquid
336 5279 525 5335 facies
537 5277 775 5333 nomini
790 5280 894 5332 tuo
915 5292 1139 5346 magno
1155 5278 1182 5330 ‘l
1201 5277 1473 5348 Dixitque
1498 5275 1784 5330 Dominus

104 5362 167 5416 ad
192 5368 394 5423 Iosue
423 5388 437 5422 :
476 5369 692 5435 Surge,
720 5380 826 5419 cur
850 5366 1015 5435 jaces
1049 5380 1271 5436 pronus
1298 5366 1357 5418 in
1384 5370 1599 5419 terram
1626 5364 1788 5419 ?I’ec-

109 5456 252 5511 cavit
266 5456 485 5523 Israel,
503 5459 565 5511 et
577 5454 1011 5526 prmvaricatus
1026 5458 1114 5510 est
1125 5456 1372 5525 pactum
1394 5468 1593 5507 meum
1615 5470 1627 5507 :
1645 5451 1792 5508 tule-

108 5550 371 5618 nmtque
381 5546 463 5603 de
479 5543 897 5607 anathemate,
911 5545 965 5599 et
986 5541 1165 5598 furati
1185 5545 1326 5599 sunt
1340 5545 1521 5613 atque
1534 5540 1783 5605 mentiti,

1294 283 1644 339 ΒΟΜῘΝΙΟΑ
1684 282 1755 335 III
1801 280 2407 348 QUADRAGESIMI‘E.

3415 301 3522 356 398

1803 409 1849 462 A
1880 414 1935 463 et
1966 409 2408 466 absconderunt
2436 413 2585 465 inter
2613 428 2758 467 vasa
2790 428 2916 468 sua.
2970 418 3083 471 Nec
3104 422 3312 488 poterit
3340 426 3520 481 Israel

1879 503 2030 552 stare
2054 502 2187 553 ante
2212 501 2411 555 hostes
2430 517 2591 567 suos,
2621 516 2844 572 eosque
2868 502 3050 571 fugiet
3073 522 3084 558 :
3104 508 3517 580 quiapollutus

1878 590 1963 641 est
1988 588 2364 643 anathemate
2395 608 2405 647 :
2427 604 2549 643 non
2568 604 2667 643 ero
2688 589 3025 653 vobiscum,
3044 592 3233 649 donec
3254 604 3517 657 contera-

1878 676 1949 730 tis
1971 690 2107 729 eum
2131 676 2231 746 qui
2251 677 2427 745 hujus
2443 676 2675 731 sceleris
2690 692 2825 732 reus
2848 682 2958 733 est.
2980 681 3440 743 Sanctiﬁcamini
3459 690 3521 745 in

1880 763 2205 817 crastinum
2252 781 2263 817 :
2291 763 2420 819 haec
2453 764 2611 819 enim
2640 764 2782 820 dicit
2814 766 3100 823 Dominus
3116 769 3269 826 Deus
3301 774 3476 830 Israel
3504 795 3517 834 :

1879 852 2207 906 Anathema
2230 852 2287 906 in
2319 852 2517 907 medio
2537 852 2621 908 tui
2646 853 2819 909 Israel
2836 872 2848 910 :
2864 870 2986 911 non
3007 860 3229 927 poteris
3251 864 3405 919 stare
3422 878 3522 919 co-

1878 955 2007 995 ram
2055 940 2329 995 hostibus
2376 942 2509 1006 tuis,
2556 942 2747 997 donec
2790 943 3055 1000 deleatur
3101 962 3172 1002 ex
3204 951 3257 1005 te
3287 952 3387 1021 qui
3412 952 3523 1009 hoc

1880 1029 2320 1083 contaminatus
2331 1033 2417 1085 est
2434 1029 3100 1104 scelere.Accedetisque
3116 1035 3332 1106 singuli
3344 1055 3523 1097 mane

1879 1132 1986 1188 per
2014 1116 2204 1171 tribus
2236 1122 2453 1173 vestras
2478 1135 2490 1171 :
2513 1122 2567 1172 et
2588 1133 3033 1191 quamcumque
3057 1122 3276 1180 tribum
3294 1142 3419 1183 sors
3440 1128 3525 1184 in-

1881 1204 2124 1271 venerit,
2162 1204 2403 1261 accedet
2430 1221 2535 1276 per
2565 1207 2952 1274 cognationes
2974 1224 3136 1278 suas,
3164 1217 3220 1268 et
3244 1218 3522 1285 cognatio

1880 1307 1986 1364 per
2010 1292 2246 1362 domos,
2277 1294 2615 1365 domusque
2634 1309 2741 1365 per
2758 1295 2940 1351 viros.
2960 1299 3025 1352 Et
3044 1299 3412 1374 quicumque
3428 1304 3523 1362 ille

1878 1381 1940 1436 in
1956 1382 2069 1436 hoc
2086 1381 2346 1437 facinore
2366 1382 2537 1437 fuerit
2555 1381 2983 1453 deprehensus,
3001 1388 3525 1465 comburaturigni

1882 1484 2005 1523 cum
2022 1471 2175 1524 omni
2188 1468 2519 1525 substantia
2533 1485 2642 1525 sua
2667 1488 2679 1524 ε
2704 1471 2991 1541 quoniam
3004 1476 3422 1545 praevaricatus
3440 1487 3527 1536 est

1880 1562 2126 1630 pactum
2176 1558 2429 1621 Domini,
2478 1563 2533 1613 et
2568 1558 2702 1613 fecit
2734 1559 2901 1615 nefas
2939 1561 2998 1616 in
3030 1562 3224 1619 Israel.
3269 1567 3528 1638 Surgens

1882 1646 2082 1717 itaque
2116 1649 2291 1701 Josue
2324 1662 2521 1711 mane,
2536 1646 2816 1716 applicuit
2834 1648 3009 1704 Israel
3029 1665 3135 1721 per
3158 1652 3347 1709 tribus
3362 1672 3524 1723 suas,

1799 1748 1844 1803 Β
1883 1739 1937 1789 et
1958 1736 2199 1789 inventa
2230 1739 2315 1789 est
2336 1734 2524 1789 tribus
2549 1736 2723 1789 Juda.
2752 1736 2893 1799 Quae
2922 1751 3059 1791 cum
3070 1738 3240 1807 juxta
3264 1740 3524 1800 familias

1882 1838 2020 1877 suas
2051 1824 2205 1876 esset
2236 1820 2455 1885 oblata,
2503 1820 2745 1876 inventa
2780 1825 2866 1877 est
2892 1822 3122 1883 familia
3156 1829 3322 1886 Zare.
3360 1830 3525 1887 Illam

1878 1926 2118 1982 quoque
2147 1926 2253 1981 per
2276 1910 2434 1964 viros
2452 1908 2729 1976 offerens,
2756 1912 3165 1983 reperitZabdi
3196 1930 3207 1969 :
3237 1917 3408 1987 cujus
3429 1920 3529 1974 do-

1880 2014 2049 2053 mum
2075 1998 2134 2052 in
2162 1997 2427 2067 singulos
2453 1997 2729 2053 dividens
2767 1999 2943 2065 viros,
2978 2002 3200 2058 invenit
3238 2005 3438 2061 Achan
3462 2007 3529 2062 ﬁ-

1882 2086 2027 2141 lium
2054 2086 2312 2152 Charini,
2367 2085 2470 2140 ﬁlii
2511 2086 2713 2158 Zabdi,
2748 2086 2853 2142 ﬁlii
2882 2090 3021 2144 Zare
3050 2090 3124 2144 de
3155 2091 3308 2148 tribu
3338 2093 3519 2152 Juda.

1880 2178 1946 2231 Et
1976 2175 2055 2230 ait
2077 2174 2154 2231 ad
2193 2175 2397 2229 Achan
2425 2191 2436 2229 :
2474 2173 2574 2229 Fili
2606 2175 2711 2243 mi,
2737 2174 2816 2231 da
2846 2176 3103 2245 gloriam
3129 2181 3382 2239 Domino
3410 2184 3530 2241 Deo

1882 2263 2077 2327 Israel,
2114 2266 2169 2318 et
2194 2262 2495 2325 conﬁtere,
2521 2266 2698 2334 atque
2722 2263 2919 2320 indica
2951 2266 3097 2322 mihi
3126 2268 3273 2339 quid
3301 2269 3527 2338 feceris,

1880 2367 1956 2408 ne
1988 2350 2346 2407 abscondas.
2364 2351 2689 2422 Respondit
2707 2370 2719 2407 :
2742 2354 2883 2408 Vere
2894 2368 3006 2423 ego
3023 2357 3265 2426 peccavi
3277 2358 3529 2417 Domino

1884 2442 2002 2495 Deo
2025 2440 2229 2509 Israel,
2258 2440 2412 2494 etsic
2442 2445 2497 2494 et
2518 2439 2722 2495 sicfeci
2753 2441 2905 2496 :vidi
2926 2442 3086 2517 enim
3103 2444 3531 2515 pallium-inter

1883 2528 2074 2599 spolia
2121 2528 2467 2581 coccineum
2520 2528 2696 2581 valde
2726 2528 2975 2599 bonum,
3020 2536 3077 2585 et
3120 2532 3408 2589 ducentos
3453 2537 3531 2592 si-

1884 2616 2005 2671 clos
2023 2616 2269 2683 argenti,
2290 2613 2558 2681 regulam
2578 2629 2821 2684 quoque
2840 2631 3084 2671 auream
3099 2620 3538 2690 quinquaginta

1885 2703 2165 2759 siclorum
2197 2718 2207 2755 :
2251 2706 2305 2756 et
2334 2702 2767 2772 concupiscens
2794 2702 3031 2768 abstuli,
3073 2709 3130 2759 et
3155 2705 3447 2763 abscondi
3476 2711 3537 2766 in

1883 2796 2037 2847 terra
2056 2794 2265 2846 contra
2279 2790 2545 2843 medium
2558 2789 2933 2845 tabernaculi
2948 2792 3088 2855 mei,
3100 2797 3538 2868 argentumque

1883 2879 2043 2933 fossa
2073 2879 2261 2933 humo
2288 2878 2516 2947 operui.
2538 2877 2687 2933 Misit
2715 2893 2857 2947 ergo
2876 2881 3053 2935 Josue
3075 2881 3376 2938 ministros
3400 2900 3416 2936 :
3433 2883 3539 2955 qui

1884 2971 2187 3023 currentes
2202 2966 2278 3021 ad
2294 2965 2749 3021 tabernaculum
2764 2967 2940 3031 illius,
2960 2975 3307 3039 repererunt
3324 2976 3540 3029 cuncta

1884 3056 2236 3114 abscondita
2266 3056 2325 3110 in
2352 3054 2564 3110 eodem
2589 3054 2743 3111 loco.
2767 3056 3234 3131 Auferentesque
3255 3060 3329 3115 de
3355 3065 3541 3118 tento-

1884 3146 1970 3200 rio
1998 3144 2259 3200 tulerunt
2288 3158 2359 3198 ea
2388 3142 2465 3197 ad
2485 3144 2685 3205 Josue.
2720 3148 2777 3199 et
2803 3144 2880 3200 ad
2910 3161 3123 3202 omnes
3149 3146 3303 3203 ﬁlios
3334 3152 3537 3213 Israel,

1883 3234 2380 3306 projeceruntque
2396 3237 2532 3287 ante
2549 3234 3123 3290 Dominum.ToIIens
3143 3235 3344 3306 itaque
3359 3240 3538 3291 Josue

1885 3323 2087 3377 Achan
2113 3321 2303 3376 ﬁlium
2331 3324 2489 3385 lare,
2528 3325 2963 3392 argentumque
2995 3327 3049 3375 et
3078 3322 3413 3392 pallium,et
3436 3339 3538 3379 au-

1884 3427 2050 3467 ream
2076 3410 2365 3479 regulam,
2391 3408 2667 3478 ﬁliosque
2705 3409 2835 3478 ejus
2860 3412 2914 3463 et
2942 3408 3111 3471 ﬁlias,
3130 3410 3313 3465 boves
3338 3415 3395 3466 et
3424 3411 3536 3466 asi-

1884 3516 2014 3565 nos,
2036 3516 2198 3563 oves,
2221 3500 2545 3569 ipsumque
2564 3496 3040 3559 tabernaculum,
3069 3502 3419 3553 etcunctam
3442 3514 3536 3555 su-

1884 3587 2235 3660 pellectilem
2269 3588 2345 3655 (et
2369 3586 2563 3639 omnis
2593 3584 2769 3639 Israel
2799 3601 2937 3639 cum
2977 3586 3071 3655 eo)
3101 3585 3407 3642 duxerunt
3433 3601 3537 3642 eos

1887 3677 1967 3732 ad
2014 3675 2230 3729 vallem
2281 3678 2493 3738 Achor,
2526 3672 2632 3727 ubi
2664 3672 2810 3727 dixit
2854 3672 3071 3729 Josue:
3108 3675 3255 3739 Quia
3281 3676 3538 3731 turbasti

1886 3782 2017 3828 nos,
2046 3763 2315 3819 exturbet
2336 3768 2388 3817 te
2416 3762 2700 3817 Dominus
2730 3762 2790 3817 in
2820 3762 2917 3818 die
2939 3764 3078 3819 hac.
3116 3764 3536 3836 Lapidavitque

1886 3869 2024 3911 eum
2058 3852 2256 3907 omnis
2283 3851 2461 3906 Israel
2493 3870 2510 3903 :
2543 3854 2599 3906 et
2629 3855 2843 3907 cuncta
2870 3866 3006 3923 quae
3036 3851 3192 3907 illius
3221 3858 3389 3911 erant
3410 3852 3535 3925 igni

1888 3942 2202 3999 combusta
2264 3944 2425 3994 sunt.
2485 3943 3131 4012 Congregaveruntque
3173 3957 3351 4015 super
3397 3956 3535 3998 eum

1889 4044 2169 4087 acervum
2194 4042 2506 4097 magnum,
2528 4028 2633 4099 qui
2658 4032 2969 4099 permanet
2992 4030 3255 4100 usquein
3276 4044 3535 4103 prtesen-

1888 4128 2004 4174 tem
2031 4118 2215 4173 diem.
2248 4128 2309 4185 Rt.
2341 4121 2547 4172 Amen.

1958 4226 2261 4294 Hymnus.
2304 4224 2474 4289 Deus,
2516 4224 2718 4278 aeterni
2746 4223 3004 4279 luminis.
3041 4226 3247 4293 Quare
3264 4226 3418 4295 folio
3447 4229 3535 4282 98.

1963 4331 2257 4401 Capitula.
2282 4329 2554 4399 Domine,
2578 4329 2654 4385 ad
2672 4346 2852 4403 quem
2876 4332 3078 4401 vigilat
3094 4333 3309 4388 deluce
3336 4335 3540 4390 anima

1813 4442 1858 4496 ι)
1888 4424 2095 4475 nostra
2123 4436 2137 4485 ;
2166 4420 2343 4484 dona,
2378 4423 2440 4473 ut
2472 4435 2754 4489 sempera
2783 4419 3032 4475 tenebris
3054 4436 3444 4493 properemus
3460 4420 3539 4476 ad

1888 4509 2083 4564 lucem
2117 4528 2127 4565 :
2163 4506 2355 4578 caligo
2377 4507 2656 4579 depereat
2689 4512 2905 4574 mente,
2935 4513 2990 4565 et
3019 4510 3326 4582 plenitudo
3348 4516 3450 4565 tua
3477 4509 3538 4563 in

1890 4599 2065 4655 nobis
2098 4602 2451 4670 permaneat
2481 4598 2648 4652 lucis.

1964 4714 2137 4770 Pater
2156 4717 2377 4769 noster.

1960 4803 2289 4859 Lauda.Ab
2316 4801 2482 4857 omni
2504 4802 2600 4859 via
2622 4801 3120 4859 mala.P.Prohibe
3144 4804 3322 4875 pedes
3346 4818 3540 4871 meos,

1894 4892 2161 4948 Domine.
2182 4892 2249 4951 ἲν.
2284 4892 2600 4957 Quomodo
2622 4891 2798 4948 dilexi
2819 4892 3011 4963 legem
3039 4897 3224 4958 tuam,
3251 4894 3545 4953 Domine?

1894 4985 2016 5038 tota
2039 4982 2135 5037 die
2158 4981 2463 5037 meditatio
2508 4996 2644 5036 mea
2684 4986 2789 5037 est.
2838 4982 2900 5035 Ρ.
2934 4982 3204 5039 Prohibe.
3230 4982 3294 5045 V.
3327 4984 3542 5052 Gloria,

1896 5074 1951 5127 et
1974 5071 2167 5127 honor
2198 5069 2368 5125 Patri.

1970 5185 2188 5238 Oratio.
2220 5183 2311 5237 Ab
2327 5182 2493 5237 omni
2516 5183 2609 5238 via
2629 5186 2793 5243 mala
2818 5186 3068 5257 prohibe
3086 5189 3267 5259 pedes
3292 5190 3542 5245 nostros.

1898 5272 2145 5327 Domine
2194 5287 2206 5324 :
2264 5271 2634 5343 verbumque
2684 5278 2854 5329 tuum
2926 5280 3048 5331 tota
3095 5289 3399 5331 servemus
3436 5272 3544 5327 ad-

1897 5360 2157 5416 tentione
2186 5374 2197 5417 :
2231 5364 2410 5430 atque
2442 5375 2477 5414 a
2508 5360 2668 5417 malo
2699 5365 2995 5431 recedere,
3021 5370 3077 5419 et
3116 5363 3217 5418 tibi
3266 5374 3376 5415 nos
3414 5372 3546 5429 per-

1897 5449 2081 5521 petim
2112 5448 2299 5504 facias
2328 5449 2720 5521 complacere.
2756 5462 2818 5519 Ri.
2852 5456 3058 5506 Amen.

1975 5542 2078 5594 Per
2096 5538 2591 5597 misericordiam.
