4094 6164
569 290 672 344 399

1191 402 1277 458 Ad
1313 401 1592 458 Tertiam.

790 493 1240 551 Proverbi'orum
1262 489 1595 547 Salomonis
1622 488 1794 559 (Cap.
1831 486 1995 553 xvu).

644 602 707 655 11v.
737 588 855 642 Deo
881 582 1120 654 gratias.

643 676 766 742 Fili,
798 688 1021 730 corona
1051 668 1353 740 dignitatis
1404 672 1693 738 senectus,
1744 664 1805 722 in
1834 662 1943 719 viis
1973 659 2211 733 justitiaa

567 765 905 837 reperietur.
940 760 1137 816 Melior
1162 764 1248 815 est
1276 759 1508 832 patiens
1534 758 1659 813 viro
1689 754 1825 810 forti
1853 773 1870 809 :
1901 755 1956 807 et
1980 751 2084 824 qui
2110 750 2215 806 do-

568 855 829 911 minatur
872 850 1075 907 animo
1120 864 1252 913 suo,
1291 850 1691 920 expugnatore
1732 841 1990 898 urbium.
2020 841 2213 896 Sortes

566 944 877 999 mittuntur
904 939 963 993 in
988 938 1251 1008 signum,
1278 936 1385 991 sed
1416 952 1452 991 a
1478 934 1730 990 Domino
1774 936 2203 1003 temperantur.

565 1032 760 1089 Melior
790 1033 877 1082 est
906 1026 1076 1095 227
1108 1024 1377 1079 buccella
1409 1025 1567 1079 sicca
1586 1037 1722 1077 cum
1750 1020 1992 1091 gaudio,
2026 1033 2211 1091 quam

564 1120 781 1174 domus
822 1114 999 1186 plena
1023 1111 1275 1168 victimis
1302 1128 1440 1167 cum
1466 1112 1684 1182 jurgio.
1724 1112 1939 1166 Servus
1970 1108 2210 1179 sapiens

563 1203 970 1262 dominabitur
998 1200 1133 1257 ﬁliis
1170 1201 1379 1265 stultis,
1430 1205 1486 1255 et
1509 1200 1659 1255 inter
1686 1199 1895 1255 fratres
1925 1196 2211 1253 heredita-

564 1300 681 1353 tem
715 1291 954 1349 dividet.
991 1290 1149 1345 Sicut
1176 1290 1311 1360 igne
1332 1288 1619 1361 probatur
1646 1292 1981 1357 argentum,
2018 1290 2074 1341 et
2110 1301 2211 1341 au-

560 1400 695 1439 rum
728 1382 786 1437 in
811 1379 1047 1437 camino
1078 1400 1090 1433 :
1129 1378 1211 1433 ita
1236 1377 1419 1433 corda
1445 1376 1659 1448 probat
1688 1376 1993 1431 Dominus.
2024 1373 2209 1431 Malus

560 1470 1002 1537 obeditlinguas
1042 1466 1283 1538 iniquae,
1326 1470 1383 1521 et
1417 1464 1599 1520 fallax
1633 1464 2007 1536 obtemperat
2032 1461 2209 1518 labiis

563 1557 953 1615 mendacibus
970 1598 982 1611 .
1021 1555 1131 1620 Qui
1152 1553 1401 1625 despicit
1415 1568 1763 1625 pauperem,
1792 1551 2109 1625 exprobrat
2124 1550 2206 1607 fa-

560 1648 703 1703 ctori
733 1647 893 1717 ejus:
918 1649 974 1699 et
999 1643 1103 1715 qui
1134 1641 1449 1697 laetaturin
1478 1641 1655 1696 ruina
1680 1640 1937 1704 alterius,
1957 1655 2081 1695 non
2100 1639 2209 1694 erit

558 1734 913 1805 impunitus.
954 1734 1186 1788 Corona
1213 1745 1425 1785 senum
1450 1728 1554 1785 ﬁlii
1583 1729 1844 1786 ﬁliorum
1888 1746 1900 1783 :
1931 1733 1988 1784 et
2016 1726 2208 1798 gloria

556 1823 815 1878 ﬁliorum
846 1822 1046 1893 patres
1086 1834 1315 1875 eorum.
1340 1820 1468 1874 Non
1491 1817 1724 1873 tdecent
1754 1817 2000 1873 stultum
2022 1814 2208 1871 verba
2245 1848 2285 1901 Β

559 1911 913 1981 composita:
931 1924 1039 1965 nec
1056 1907 1369 1979 principem
1389 1905 1603 1962 labium
1622 1905 2208 1962 mentientis.Gemma

556 1998 913 2069 gratissima,
946 1996 1274 2068 expectatio
1287 1994 1712 2067 preestolantis:
1737 2008 2121 2066 quocumque
2142 2009 2204 2048 se

558 2086 794 2144 verterit
823 2085 1145 2159 prudenter
1174 2083 1461 2153 intelligit.
1493 2094 1555 2154 at.
1584 2085 1794 2139 Amen.

908 2176 1099 2231 Lectio
1127 2173 1267 2229 libri
1290 2173 1470 2229 Josue
1498 2171 1666 2242 (Cap.
1700 2171 1840 2241 vni).

626 2277 688 2337 ἢ.
723 2268 843 2321 Deo
876 2263 1119 2336 gratias.

627 2360 687 2411 In
714 2354 827 2410 illis
854 2351 1068 2409 diebus
1102 2368 1113 2405 :
1149 2350 1300 2405 Dixit
1337 2348 1623 2405 Dominus
1662 2349 1742 2405 ad
1785 2352 1965 2406 Josue
1997 2365 2013 2403 :
2044 2345 2201 2405 Tolle

550 2449 747 2502 tecum
770 2456 1014 2499 omnem
1027 2436 1873 2509 multitudinempugnatorumI
1886 2441 1941 2494 et
1962 2451 2199 2493 consur-

551 2548 701 2604 gens
724 2529 983 2589 ascende
1000 2528 1062 2583 in
1074 2526 1368 2599 oppidum
1380 2528 1505 2597 Hay
1520 2544 1533 2581 :
1550 2540 1686 2581 ecce
1704 2525 1919 2582 tradidi
1939 2525 2000 2580 in
2012 2540 2198 2581 manu

550 2625 654 2679 tua
682 2633 885 2691 regem
905 2618 1055 2688 ejus,
1073 2618 1129 2670 et
1157 2613 1469 2687 populum,
1496 2612 1829 2686 urbemque
1856 2629 1926 2670 ac
1956 2618 2191 2670 terram.

548 2708 870 2778 Faciesque
900 2704 1029 2759 urbi
1062 2705 1205 2774 Hay,
1232 2706 1289 2757 et
1313 2702 1437 2771 regi
1466 2702 1618 2772 ejus,
1654 2701 1803 2758 sicut
1848 2701 2194 2759 fecistileri-

546 2798 680 2862 eho,
705 2800 760 2853 et
795 2793 921 2865 regi
945 2792 1075 2864 ejus
1094 2809 1107 2848 :
1126 2789 1395 2864 praedam
1416 2805 1578 2857 vero,
1608 2793 1664 2846 et
1687 2790 1891 2850 omnia
1914 2791 2195 2848 animan-

546 2887 626 2943 tia
655 2882 941 2955 diripietis
967 2880 1174 2937 vobis:
1214 2894 1368 2951 pone
1401 2878 1651 2935 insidias
1681 2879 1848 2936 urbis
1878 2884 2016 2952 post
2036 2896 2189 2937 eam.

548 2972 926 3043 Surrexitque
967 2971 1165 3035 Josue,
1207 2975 1263 3023 et
1290 2967 1487 3023 omnis
1521 2968 1812 3024 exercitus
1834 2968 2191 3026 bellatorum

546 3077 685 3117 cum
715 3074 806 3124 eo,
839 3062 905 3113 ut
948 3056 1337 3114 ascenderant
1364 3054 1427 3110 in
1456 3058 1583 3127 Hay
1618 3076 1629 3111 :
1661 3059 1718 3111 et
1744 3055 1931 3113 electa
1957 3057 2191 3129 triginta

542 3147 728 3208 millia
741 3146 1000 3203 virorum
1016 3143 1257 3201 fortium
1277 3142 1641 3212 misitnocte,
1659 3146 2054 3218 praecepitque
2075 3147 2185 3214 eis,

541 3238 746 3295 dicens
774 3253 787 3292 :
816 3232 1023 3292 Ponite
1037 3232 1285 3289 insidias
1304 3234 1440 3303 post
1464 3230 1795 3288 civitatem:
1816 3248 1925 3288 nec
1943 3234 2185 3305 longius

536 3325 825 3385 recedatis
863 3342 876 3381 :
911 3327 966 3380 et
999 3322 1154 3380 eritis
1183 3334 1393 3377 omnes
1406 3320 1596 3392 parati
1625 3335 1768 3391 :ego
1798 3325 2187 3389 autem,etre-

537 3418 702 3490 liqua
731 3413 1049 3472 multitudo
1077 3427 1214 3485 quae
1234 3425 1474 3466 mecum
1486 3413 1591 3476 est,
1612 3410 1968 3466 accedemus
1992 3426 2065 3468 ex
2083 3413 2188 3470 ad-

538 3521 716 3562 verso
746 3508 953 3560 contra
981 3500 1209 3558 urbem.
1242 3501 1511 3570 Cumque
1542 3498 1788 3557 exierint
1808 3504 2017 3558 contra
2045 3518 2180 3573 nos,

540 3592 694 3648 sicut
713 3596 850 3649 ante
888 3590 1156 3657 fecimus,
1188 3587 1509 3659 fugiemus,
1550 3591 1606 3645 et
1636 3591 1802 3658 terga
1828 3593 2130 3647 vertemus
2161 3609 2175 3643 :

537 3680 729 3736 donec
762 3682 1186 3752 persequentes
1209 3676 1285 3734 ab
1306 3675 1449 3732 urbe
1464 3675 1705 3747 longius
1724 3678 2175 3748 protrahantur:

534 3768 833 3842 putabunt
870 3767 1031 3824 enim
1060 3766 1262 3838 fugere
1288 3780 1399 3821 nos
1432 3764 1582 3821 sicut
1608 3764 1796 3838 prius.
1824 3766 2007 3823 Nobis
2036 3784 2178 3840 ergo

533 3856 916 3927 fugientibus,
949 3861 1005 3912 et
1023 3854 1133 3911 illis
1155 3852 1560 3925 sequentibus,
1595 3854 1965 3928 consurgetis
1997 3856 2071 3911 de
2090 3858 2175 3913 in-

532 3946 716 4014 sidiis,
730 3950 785 4002 et
814 3943 1125 4003 vastabitis
1138 3942 1435 3999 civitatem
1459 3960 1472 3999 :
1497 3942 1807 4016 tradetque
1826 3958 1962 4000 eam
1986 3945 2179 4002 Domi-

530 4052 646 4092 nus
660 4038 814 4092 Deus
828 4034 1090 4091 vesterin
1103 4047 1319 4089 manus
1330 4036 1557 4089 vestras
1571 4074 1584 4088 .
1598 4033 1866 4105 Cumque
1882 4034 2171 4106 ceperitis,

528 4124 867 4181 succendite
897 4139 1032 4180 eam
1069 4140 1082 4177 :
1121 4121 1205 4177 sic
1230 4123 1435 4178 omnia
1458 4119 1710 4191 facietis,
1740 4128 1803 4178 ut
1820 4122 2177 4193 jussi.Dimi-

526 4213 719 4286 sitque
746 4229 869 4281 eos,
892 4216 949 4270 et
970 4209 1452 4285 perrexeruntad
1478 4209 1829 4267 insidiarum
1854 4210 2173 4279 locum,se-

524 4303 857 4375 deruntque
891 4301 1043 4357 inter
1072 4299 1270 4356 Bethel
1322 4302 1380 4355 et
1415 4301 1561 4371 Hay,
1623 4298 1703 4355 ad
1740 4299 2171 4358 occidentalem

523 4388 767 4463 plagam
787 4389 953 4447 urbis
975 4391 1101 4462 Hay
1130 4387 1342 4445 :Josue
1366 4391 1567 4444 autem
1586 4391 1759 4444 nocte
1780 4387 1948 4445 illain
1970 4389 2169 4447 medio

524 4480 739 4537 mansit
749 4477 1338 4552 populi,surgensque
1355 4473 1617 4533 diluculo
1628 4477 1938 4533 recensivit
1951 4478 2165 4545 socios,

520 4570 577 4625 et
597 4568 865 4625 ascendit
902 4584 1041 4624 cum
1067 4565 1402 4622 senioribus
1420 4564 1482 4621 in
1509 4564 1700 4622 fronte
1727 4564 2167 4631 exercitus,val-

516 4658 672 4715 latus
688 4658 909 4716 auxilio
920 4656 1609 4729 pugnatorum.Cumque
1624 4655 2160 4723 venissentomnes,

514 4751 572 4804 et
598 4746 1010 4805 accendissent
1035 4761 1107 4801 ex
1148 4745 1401 4802 adverso
1443 4743 1715 4807 civitatis,
1772 4746 2056 4800 steterunt
2084 4744 2163 4801 ad

517 4835 1039 4908 septentrionalem
1090 4832 1256 4891 urbis
1285 4833 1549 4906 plagam,
1580 4832 1731 4888 inter
1758 4848 1944 4905 quam
1972 4836 2029 4888 et
2057 4849 2160 4889 eos

512 4924 679 4981 vallis
694 4926 892 4982 media
909 4929 1052 4981 erat.
1080 4923 1349 4995 Quinque
1370 4922 1555 4979 millia
1580 4926 1780 4978 autem
1797 4921 1956 4977 viros
1974 4920 2163 4993 elege-

511 5016 623 5078 rat,
656 5018 713 5069 et
737 5017 1023 5086 posuerat
1043 5012 1105 5069 in
1127 5011 1360 5068 insidiis
1392 5010 1543 5067 inter
1572 5009 1891 5075 Bethaven,
1923 5014 1979 5067 et
2008 5013 2155 5084 Hay,

510 5118 582 5159 ex
614 5102 968 5158 occidentali
993 5106 1159 5174 parte
1176 5100 1447 5172 ejusdem
1474 5098 1727 5157 civitatis
1758 5116 1772 5155 :
1801 5098 1997 5155 omnis
2018 5114 2159 5157 vero

507 5191 769 5265 reliquus
799 5190 1089 5247 exercitus
1110 5189 1188 5245 ad
1209 5189 1553 5261 aquilonem
1574 5190 1764 5247 aciem
1794 5188 2154 5253 direxerunt,

504 5281 586 5339 ita
609 5285 678 5338 ut
702 5279 1025 5337 novissimi
1048 5277 1443 5334 multitudinis
1469 5277 1894 5335 occidentalem
1911 5277 2156 5350 plagam

509 5369 673 5426 urbis
703 5368 1082 5440 attingerent.
1110 5364 1416 5436 Abiitergo
1435 5366 1613 5422 Josue
1634 5372 1806 5423 nocte
1824 5366 1944 5433 illa,
1967 5370 2023 5422 et
2044 5369 2156 5422 ste-

508 5458 575 5515 tit
604 5458 666 5515 in
696 5456 867 5515 vallis
894 5454 1116 5515 medio.
1147 5452 1321 5520 Quod
1341 5469 1481 5511 cum
1500 5454 1749 5512 vidisset
1766 5470 1871 5512 rex
1898 5456 2047 5526 Hay,
2067 5453 2151 5509 fe-

506 5544 743 5605 stinavit
771 5561 974 5617 mane,
987 5548 1044 5604 et
1057 5559 1337 5617 egressus
1367 5546 1454 5601 est
1467 5558 1607 5603 cum
1621 5543 1791 5602 omni
1804 5543 2065 5603 exercitu
2075 5542 2151 5599 ci-

1807 264 2260 327 BREVIARIUM
2310 264 2704 326 GOTHICUM.

2250 389 2297 445 A
2326 393 2540 464 vitatis,
2559 394 2885 467 direxitque
2898 394 3088 451 aciem
3116 398 3322 452 contra
3343 396 3671 466 desertum,
3700 398 3986 469 ignoran-

3874 280 3978 335 400

2323 486 2409 539 tes
2439 484 2603 555 quod
2636 488 2773 557 post
2802 488 3033 555 tergum
3054 484 3303 542 laterent
3327 485 3584 551 insidias,
3618 490 3796 545 Josue
3817 506 3981 560 vero,

2322 575 2378 627 et
2405 574 2594 628 omnis
2625 574 2806 630 Israel
2834 574 3287 645 recesserunt-in
3307 574 3459 641 loco,
3490 573 3982 639 simulantesme-

2322 663 2468 727 tum,
2502 666 2557 717 et
2584 662 2879 735 fugientes
2907 678 3011 734 per
3041 662 3204 719 viam
3238 663 3594 720 solitudinis.
3620 666 3691 723 At
3720 667 3804 724 illi
3825 672 3983 728 voci-

2321 746 2595 816 ferantes,
2633 756 2687 807 et
2717 766 2777 806 se
2806 755 3016 806 mutuo
3054 752 3454 819 cohortantes,
3512 758 3808 825 persecuti
3842 766 3981 817 sunt

2321 854 2452 894 eos.
2483 839 2745 912 Cumque
2772 840 3207 896 recessissenta
3230 839 3485 908 civitate,
3519 846 3576 899 et
3605 858 3717 900 nec
3738 861 3897 903 unus
3917 849 3981 905 in

2322 925 2467 982 urbe
2496 930 2642 999 Hay,
2668 932 2723 985 et
2743 927 2938 984 Bethel
2966 927 3377 994 remansisset,
3396 929 3501 1002 qui
3520 946 3642 988 non
3659 948 3981 1008 perseque-

2320 1020 2479 1071 retur
2509 1015 2686 1072 Israel
2699 1016 2870 1079 (sicut
2883 1020 3161 1089 eruperat
3176 1020 3383 1089 aperta
3402 1018 3628 1091 oppida
3641 1020 3981 1095 relinquen-

2321 1104 2455 1175 tes),
2485 1104 2630 1160 dixit
2648 1103 2933 1160 Dominus
2955 1103 3030 1161 ad
3048 1103 3224 1161 Josue
3253 1107 3444 1163 :Leva
3468 1107 3777 1180 clypeum,
3801 1112 3980 1182 quiin

2322 1208 2507 1249 manu
2526 1198 2627 1249 tua
2652 1197 2762 1259 est,
2792 1197 2998 1249 contra
3018 1192 3227 1249 urbem
3253 1196 3400 1266 Hay,
3420 1197 3713 1268 quoniam
3733 1198 3843 1255 tibi
3868 1204 3979 1258 tra-

2319 1281 2465 1337 dam
2488 1284 2917 1354 eam.Cumque
2934 1281 3219 1339 clevasset
3234 1282 3515 1356 elypeum
3536 1302 3606 1341 ex
3623 1286 3888 1344 adverso
3904 1290 3980 1345 ci-

2319 1370 3938 1444 vitatis,insidize,quaelatebant,surrexeruntconfestim
3963 1398 3975 1431 :

2320 1463 2376 1515 et
2386 1463 2695 1531 pergentes
2708 1459 2785 1515 ad
2807 1459 3123 1525 civitatem,
3147 1467 3512 1533 ceperunt,et
3534 1466 3980 1524 succenderunt

2318 1563 2472 1603 eam.
2490 1547 2600 1603 Viri
2614 1551 2812 1604 autem
2830 1547 3104 1617 civitatis,
3122 1548 3226 1621 qui
3241 1551 3975 1622 persequebanturJosue,

2315 1636 2697 1707 respicientes
2724 1641 2779 1691 et
2811 1637 3075 1693 videntes
3105 1636 3341 1693 fumum
3364 1638 3525 1694 urbis
3539 1640 3614 1697 ad
3635 1641 3863 1697 ccelum
3877 1660 3981 1698 us-

2314 1739 2432 1796 que
2461 1724 2881 1787 conscendere,
2903 1740 3026 1781 non
3050 1730 3371 1797 potuerunt
3396 1726 3548 1783 ultra
3562 1728 3677 1784 huc
3708 1729 3979 1804 illucque

2315 1812 2642 1884 diffugere:
2676 1814 3004 1885 praesertim
3035 1829 3173 1870 cum
3202 1813 3284 1883 hi,
3304 1814 3408 1887 qui
3440 1816 3979 1876 simulaveruntfu-

2316 1917 2456 1972 gam
2466 1906 2539 1969 ,et
2553 1901 2869 1958 tendebant
2881 1900 2959 1957 ad
2972 1902 3377 1970 solitudinem,
3394 1910 3603 1961 contra
3616 1922 3977 1979 persequen-

2318 1999 2401 2047 tes
2416 1990 2730 2048 fortissime
2748 1991 3115 2047 restitissent.
3136 1992 3471 2066 Vidensque
3488 1996 3669 2050 Josue
3689 2001 3745 2052 et
3775 2000 3975 2053 omnis

2316 2080 2501 2139 Israel
2524 2080 2688 2151 quod
2719 2084 2894 2151 capta
2919 2084 3072 2136 esset
3102 2080 3328 2153 civitas,
3358 2086 3417 2137 et
3444 2082 3649 2139 fumus
3680 2084 3845 2140 urbis
3875 2102 3978 2142 as-

2315 2168 2609 2240 cenderet,
2632 2183 2909 2224 reversus
2928 2168 3221 2239 percussit
3242 2168 3398 2225 viros
3416 2173 3561 2243 Hay.
3583 2174 3893 2243 Siquidem
3921 2180 3978 2231 et

2311 2256 2393 2313 illi
2417 2257 2521 2329 qui
2542 2261 2821 2330 ceperant
2855 2261 2911 2313 et
2940 2256 3372 2315 succenderant
3388 2258 3711 2328 civitatem,
3743 2265 3977 2332 egressi

2310 2350 2521 2403 contra
2546 2362 2707 2413 suos,
2727 2345 2989 2402 medium
3007 2346 3269 2403 hostium
3284 2345 3454 2403 ferire
3466 2357 3794 2421 coeperunt.
3813 2352 3973 2409 Cum

2308 2450 2450 2505 ergo
2472 2451 2544 2491 ex
2564 2439 2817 2507 utraque
2848 2438 3015 2506 parte
3044 2433 3368 2492 adversarii
3388 2436 3774 2501 crederentur,
3794 2438 3878 2495 ita
3908 2447 3973 2497 ut

2305 2523 2506 2580 nullus
2541 2523 2616 2580 de
2633 2526 2796 2580 tanta
2810 2522 3192 2580 multitudine
3217 2524 3562 2591 salvaretur,
3586 2542 3792 2596 regem
3814 2545 3967 2600 quo-

2304 2627 2422 2684 que
2452 2612 2616 2669 urbis
2646 2615 2765 2683 Hay
2782 2612 3305 2684 apprehenderunt
3318 2612 3635 2685 viventem,
3658 2616 3967 2675 etobtuleo

2301 2705 2443 2757 runt
2457 2701 2636 2758 Josue
2650 2743 2663 2757 .
2691 2700 2876 2771 Igitur
2890 2700 3174 2759 omnibus
3202 2700 3651 2776 interfectis,qui
3678 2706 3861 2763 Israel
3885 2707 3965 2764 ad

2302 2790 2535 2847 deserta
2564 2790 2887 2863 fugientem
2909 2790 3145 2847 fuerant
3162 2791 3478 2863 persecuti,
3503 2792 3565 2848 in
3591 2794 3801 2849 eodem
3827 2795 3964 2853 loco

2302 2879 2503 2953 gladio
2519 2878 2953 2944 corruentibus,
2983 2881 3203 2936 reversi
3220 2879 3322 2936 ﬁlii
3338 2880 3513 2937 Israel
3533 2890 3966 2954 percusserunt

2300 2968 2618 3025 civitatem.
2647 2969 2823 3023 Erant
2843 2970 3044 3024 autem
3071 2967 3176 3039 qui
3204 2968 3267 3023 in
3291 2984 3361 3025 eo
3392 2968 3486 3025 die
3507 2971 3911 3030 conciderant
3931 2991 3965 3031 a

2300 3056 2431 3114 viro
2444 3071 2634 3129 usque
2648 3055 2725 3112 ad
2736 3054 3394 3124 mulierem,duodecim
3412 3057 3599 3115 millia
3610 3059 3958 3127 hominum,

2302 3161 2511 3204 omnes
2548 3144 2716 3201 urbis
2736 3146 2885 3216 Hay.
2916 3145 3095 3201 Josue
3114 3160 3255 3201 vero
3274 3160 3397 3202 non
3421 3148 3664 3204 retraxit
3679 3166 3958 3215 manum,

2301 3250 2488 3308 quam
2508 3233 2569 3289 in
2592 3232 2847 3289 sublime
2864 3234 3355 3305 porrexit,tenens
3373 3234 3652 3307 clypeum
3670 3237 3960 3313 doneqin-

2300 3324 2586 3382 terﬁceret
2612 3336 2823 3379 omnes
2850 3320 3207 3379 habitatores
3237 3325 3382 3395 Bay.
3414 3323 3699 3381 Jumenta
3729 3333 3954 3395 autem,

2295 3416 2352 3469 et
2381 3411 2649 3485 praedam
2681 3410 2930 3467 civitatis
2959 3410 3288 3467 diviserunt
3314 3412 3428 3468 sibi
3458 3412 3563 3468 ﬁlii
3582 3416 3789 3481 Israel,
3808 3418 3958 3474 sicut

2296 3504 2657 3573 praeceperat
2671 3499 2959 3556 Dominus
2974 3502 3170 3557 Josue.
3193 3501 3305 3566 Qui
3322 3502 3632 3559 succendit
3656 3504 3957 3574 urbem,et

2290 3589 2428 3647 fecit
2465 3606 2600 3646 eam
2622 3588 2917 3646 tumulum
2940 3590 3368 3661 sempiternum
3414 3608 3425 3645 :
3459 3607 3668 3661 regem
3701 3610 3953 3668 quoque

2288 3680 2417 3751 ejus
2447 3678 2758 3751 suspendit
2784 3679 2847 3734 in
2875 3677 3143 3750 patibulo
3198 3694 3392 3751 usque
3422 3678 3502 3735 ad
3532 3696 3863 3753 vesperam
3900 3689 3952 3739 et

2288 3773 2425 3841 post
2455 3766 2597 3825 solis
2610 3783 2919 3823 occasum.
2942 3767 3557 3839 PraecepitqueJosue,
3572 3774 3633 3824 et
3657 3771 3949 3843 deposue-

2286 3862 2424 3915 runt
2461 3856 2716 3913 cadaver
2737 3857 2787 3927 ej
2797 3873 2865 3912 us
2886 3856 2959 3911 de
2981 3872 3152 3912 cruce
3180 3874 3194 3909 :
3217 3857 3721 3930 projeceruntque
3740 3859 3800 3914 in
3820 3862 3948 3934 ipso

2286 3946 2525 4002 introitu
2550 3945 2820 4009 civitatis,
2846 3948 3133 4013 congesto
3167 3945 3345 4015 228
3366 3961 3702 4017 supereum
3719 3964 3946 4020 magno

2286 4033 2800 4106 acervolapidum,
2835 4032 2937 4104 qui
2955 4037 3266 4104 permanet
3283 4049 3470 4105 usque
3496 4033 3557 4089 in
3582 4043 3946 4106 praesentem
4040 4080 4041 4087 η

2284 4121 2464 4179 diem.
2506 4124 2666 4178 Tunc
2710 4119 3022 4177 aediﬁcavit
3074 4118 3254 4177 Josue
3288 4120 3473 4178 altare
3524 4122 3786 4181 Domino
3829 4127 3945 4183 Deo

2284 4209 2485 4268 Israel.
2528 4221 2592 4279 Ir.
2625 4213 2812 4266 Amen
2826 4252 2839 4265 .

2352 4332 2701 4401 ΑηιίρΙιοηα
2735 4337 2781 4387 l.
2818 4333 3002 4389 Simul
3029 4332 3091 4388 in
3130 4347 3321 4389 unum
3351 4333 3543 4403 dives,
3597 4339 3657 4392 et
3686 4350 3939 4410 pauper.

2278 4421 2534 4478 Auribus
2584 4421 2888 4494 percipite,
2927 4421 3031 4493 qui
3060 4420 3340 4479 habitatis
3384 4421 3617 4479 orbem.
3665 4423 3941 4483 Psalmus

2198 4542 2243 4597 D
2274 4526 2465 4567 XLVIII.

2347 4616 2569 4674 Oratio.
2591 4616 2851 4673 Audiant
2872 4615 3052 4672 simul
3075 4621 3147 4680 te,
3172 4616 3665 4688 Domine,omnes
3685 4624 3899 4690 gentes
3921 4637 3933 4684 ;

2273 4709 2330 4762 et
2359 4706 2524 4762 dives
2555 4721 2625 4762 ac
2663 4721 2894 4779 pauper
2944 4722 3152 4763 aurem
3197 4705 3303 4762 tibi
3349 4706 3547 4763 cordis
3580 4722 3939 4766 accommo-

2271 4794 2442 4851 dent:
2469 4795 2687 4868 tibique
2700 4796 2973 4851 omnium
2989 4794 3066 4851 ad
3078 4794 3262 4851 ﬁdem
3280 4801 3659 4868 praeparetur
3675 4797 3931 4861 auditio,

2270 4896 2392 4957 quo
2408 4884 2711 4941 salvandis
2723 4884 3081 4956 promittitur
3092 4884 3299 4955 gratia:
3309 4884 3935 4957 plenitudo.ﬁ.Amen.

2270 4972 2378 5029 Per
2408 4973 2899 5032 misericordiam.

2340 5098 2682 5171 Antiphone
2711 5102 2763 5157 2.
2794 5102 2965 5157 Recte
2986 5099 3249 5171 judicate
3272 5098 3378 5155 ﬁlii
3396 5098 3741 5157 hominum.
3766 5103 3938 5160 Psal-

2266 5204 2391 5245 mus
2421 5205 2561 5246 LVII.

2336 5279 2554 5335 Oratio.
2592 5280 2862 5348 Domine,
2891 5279 2995 5352 qui
3018 5294 3130 5335 nos
3158 5278 3451 5349 justitiam
3480 5278 3679 5352 loqui,
3703 5285 3764 5337 et
3792 5297 3933 5353 qua

2264 5370 2425 5422 recta
2446 5372 2587 5424 sunt
2614 5368 2888 5441 praecipis
2912 5368 3216 5439 judicare;
3249 5367 3443 5424 tribue
3473 5368 3676 5437 nobis,
3724 5374 3789 5425 ut
3820 5385 3932 5425 nec

2260 5452 2546 5526 iniquitas
2572 5456 2635 5512 in
2653 5472 2776 5526 ore,
2800 5471 2911 5511 nec
2939 5456 3201 5528 pravitas
3229 5455 3556 5527 reperiatur
3580 5456 3645 5512 in
3674 5461 3885 5513 mente
3916 5473 3929 5509 :

2259 5546 2325 5604 ut
2342 5558 2495 5617 puro
2518 5544 2691 5605 corde
2712 5544 2918 5618 purior
2933 5559 3130 5609 sermo
3140 5544 3508 5603 consentiat:
3532 5543 3847 5619 praecedat
3866 5545 3932 5603 in
