4094 6164
159 265 255 325 ωε

156 386 377 445 auferas
393 399 406 438 ε
430 398 543 439 nec
553 382 973 455 prophanetur
989 387 1411 443 testamentum
1427 386 1595 439 tuum
1609 380 1687 436 ob
1704 378 1804 434 ad-
1844 381 1890 436 Α

153 477 333 533 missa
344 472 615 528 facinora
632 491 651 542 ;
668 471 773 527 sed
790 476 1150 544 temperetur
1164 472 1306 529 ultio
1318 470 1702 528 miseratione
1716 484 1808 522 su-

153 578 327 637 perna
358 579 371 615 :
401 566 461 617 et
490 560 618 633 ipse
654 564 866 627 totum,
904 562 1071 631 quod
1096 560 1392 633 displicet,
1421 558 1633 615 abluas
1660 575 1672 624 ;
1705 555 1809 626 qui

156 655 490 725 peccatores
508 648 587 704 ad
602 654 656 704 te
675 654 1039 705 revertentes
1051 651 1071 721 j
1085 650 1442 705 ustiticando
1464 646 1761 717 gloriﬁcas
1792 662 1805 700 :

158 738 368 811 quique
393 751 512 791 nos
537 751 670 791 esse
696 735 939 791 voluisti
967 752 1038 793 ex
1064 737 1250 792 nihilo
1276 735 1339 790 id
1360 734 1527 807 quod
1558 748 1767 787 sumus
1793 748 1805 797 ;

158 828 276 899 ipse
309 824 600 892 concede,
633 831 696 880 ut
717 824 1059 882 caelestibus
1076 825 1275 897 regnis
1298 824 1437 897 apti,
1465 828 1661 879 tecum
1683 821 1808 875 sine

159 914 265 971 ﬁne
304 913 610 969 vivamus.
648 924 718 985 ἢ.
756 914 968 970 Amen.

217 1004 321 1059 Per
349 1001 853 1058 misericordiam.

216 1090 579 1158 Antiphona
605 1094 658 1145 2.
678 1090 908 1147 Exaudi
945 1090 1120 1156 Deus,
1144 1090 1476 1147 orationem
1504 1090 1801 1144 nostram:

155 1179 223 1237 ad
250 1185 304 1236 te
331 1179 537 1235 omnis
566 1194 709 1239 caro
738 1180 950 1237 veniet.
981 1179 1173 1236 Verba
1201 1180 1550 1251 iniquorum
1581 1192 1805 1249 praeva-

154 1268 381 1325 luerunt
406 1283 595 1339 super
627 1284 738 1324 nos
769 1284 785 1323 :
818 1272 875 1324 et
902 1268 1311 1341 impietatibus
1343 1266 1560 1323 nostris
1584 1270 1640 1319 tu
1669 1279 1803 1335 pro-

150 1355 469 1427 pitiaberis.
496 1355 563 1418 Σν.
584 1355 826 1424 Beatus,
844 1373 1027 1428 quem
1047 1356 1293 1426 elegisti,
1311 1353 1755 1425 etassumpsisti
1782 1371 1799 1408 :

152 1444 505 1501 inhabitabit
528 1445 593 1499 in
624 1444 1023 1501 tabernaculis
1055 1445 1186 1501 tuis.
1223 1445 1489 1500 Psatmus
1518 1458 1666 1497 Lx1v.

209 1532 420 1589 Oratio
435 1573 449 1585 .
472 1531 722 1597 Exaudi,
737 1547 851 1588 nos
874 1533 1029 1588 Deus
1056 1531 1333 1587 salutaris
1353 1535 1553 1586 noster
1577 1544 1675 1595 ;ac
1690 1543 1801 1583 nos

146 1626 237 1679 tua
252 1621 476 1676 virtute
497 1620 801 1693 praecinge
824 1638 839 1675 :
864 1620 1133 1692 dumque
1145 1620 1573 1691 fideioptamus
1599 1616 1801 1672 solidi-

1295 253 1646 317 DOMINIGA
1696 254 1773 312 III
1808 253 2413 322 QUADBAGESlM/E.

2280 388 2479 445 Lectio
2508 386 2651 445 libri
2669 390 2872 446 Josue.
2909 392 3074 463 (Cap.
3110 394 3190 466 ι).

1989 484 2053 541 Βι.
2076 475 2195 529 Deo
2224 476 2461 544 gratias.

1988 563 2050 615 In
2088 561 2198 616 illis
2250 563 2464 619 diebus
2498 583 2510 620 ε
2546 568 2694 623 Cum
2743 566 3013 622 audisset
3047 568 3415 627 Adonisedec
3456 587 3561 629 rex

1918 647 2304 719 Hierusalem,
2333 655 2498 723 quod
2547 654 2766 709 scilicet
2809 655 3058 726 cepisset
3084 657 3262 712 Jesue
3312 661 3456 731 Hay,
3500 666 3560 718 et

1918 736 2300 795 subvertisset
2330 756 2463 797 eam
2481 741 2657 811 (sicut
2677 742 2894 800 fecerat
2911 742 3164 811 Jericho,
3188 749 3246 800 et
3263 747 3385 815 regi
3404 748 3551 817 ejus,

1915 826 1999 880 sic
2030 826 2162 883 fecit
2190 832 2335 900 Hay,
2375 834 2431 885 et
2458 831 2583 899 regi
2608 830 2761 902 ejus)
2792 836 2849 888 et
2886 832 3052 905 quod
3096 832 3557 903 transfugissent

1917 914 2258 971 Gabaonitae
2280 917 2358 971 ad
2388 917 2586 982 Israel,
2615 922 2672 974 et
2710 923 2909 975 essent
2931 918 3204 976 foederati
3234 936 3464 987 eorum,
3491 920 3562 977 ti-

1914 1002 2063 1058 muit
2086 1003 2277 1060 valde.
2302 1004 2448 1060 Urbs
2473 1006 2635 1061 enim
2662 1022 2890 1077 magna
2918 1012 3044 1064 erat
3065 1008 3330 1075 Gabaon,
3355 1014 3414 1066 et
3440 1025 3562 1067 una

1913 1090 2203 1160 regalium
2219 1091 2529 1149 civitatum
2550 1099 2605 1149 et
2622 1096 2816 1165 major
2828 1096 3051 1166 oppido
3069 1098 3215 1167 Hay,
3232 1111 3558 1168 omnesque

1911 1176 2227 1235 bellatores
2242 1182 2369 1251 ejus
2390 1182 2716 1238 fortissimi.
2734 1182 2879 1239 Misit
2897 1198 3039 1253 ergo
3060 1183 3432 1241 Adonisedec
3452 1200 3557 1241 rex

1912 1266 2277 1323 Hierusalem
2293 1270 2369 1324 ad
2389 1270 2618 1327 Ohaam
2636 1288 2833 1341 regem
2846 1271 3105 1338 Hebron,
3130 1277 3186 1327 et
3205 1273 3282 1327 ad
3303 1273 3557 1329 Pharam

1910 1368 2114 1423 regem
2134 1358 2439 1422 Jerimoth,
2475 1359 2554 1413 ad
2569 1360 2595 1412 J
2604 1358 2736 1414 abis
2766 1375 3010 1431 quoque
3033 1374 3236 1428 regem
3256 1359 3559 1426 Lachis,et

1912 1442 1990 1498 ad
2013 1443 2187 1499 Dabir
2208 1460 2408 1514 regem
2429 1446 2635 1515 Eglon,
2665 1446 2870 1501 dicens
2895 1464 2907 1501 :
2942 1447 3253 1502 Ascendite
3272 1448 3346 1502 ad
3363 1463 3483 1516 me,
3499 1452 3559 1504 et

1910 1530 2052 1586 ferte
2082 1533 2450 1603 praesidium,
2506 1540 2570 1589 ut
2608 1548 3021 1605 expugnemus
3062 1535 3319 1599 Gabaon,
3372 1549 3558 1605 quare

1909 1620 2583 1693 transfugeritadlosue,
2604 1622 2758 1679 ﬁlios
2784 1624 2981 1680 Israel.
3010 1622 3365 1693 Congregati
3378 1622 3559 1693 igitur

146 1716 339 1776 tatem,
362 1708 497 1782 spei
516 1724 858 1765 mereamur
877 1710 1175 1781 quietem;
1200 1713 1255 1765 et
1271 1706 1572 1765 charitatis
1596 1720 1799 1777 perve-
1836 1722 1882 1781 Β
1910 1708 2307 1765 ascenderunt
2329 1710 2552 1781 quique
2580 1726 2749 1780 reges
2774 1710 3281 1779 AmorrhaaOrum,
3315 1726 3417 1765 rex
3432 1710 3558 1766 Hie-

143 1799 376 1855 niamus
408 1796 492 1853 ad
521 1797 815 1869 requiem.
844 1808 915 1868 1t.
951 1800 1167 1853 Amen.

207 1890 319 1943 Per
346 1884 852 1942 misericordiam.

204 1974 569 2043 Antiphona
602 1977 654 2029 3.
687 1973 865 2029 Parce
887 1974 1138 2046 pauperi
1164 1978 1219 2029 et
1246 1974 1412 2046 inopi
1444 1994 1456 2032 :
1484 1981 1539 2032 et
1565 1978 1803 2035 animas

140 2078 475 2135 pauperum
508 2061 706 2117 salvas
729 2060 845 2125 fac,
881 2061 1150 2117 Domine.
1185 2063 1454 2119 Psalmus
1486 2080 1641 2124 LXXI.

202 2152 380 2223 231
423 2150 652 2207 Oratio.
686 2152 863 2205 Parce
894 2150 1143 2205 Domine
1168 2151 1560 2221 pauperibus,
1594 2160 1649 2210 et
1678 2156 1800 2211 ani.

137 2256 249 2297 mas
282 2242 553 2310 inopum
585 2254 737 2294 sana
769 2242 870 2293 :ut
900 2238 1005 2310 qui
1034 2238 1257 2293 viribus
1284 2241 1501 2296 nostris
1524 2257 1647 2298 non
1672 2242 1802 2298 fidi-

138 2346 270 2395 mus,
315 2331 375 2383 et
418 2342 530 2399 spe
580 2344 617 2382 a
661 2330 715 2382 te
746 2326 1222 2383 misericordiam
1260 2329 1669 2400 postulamus;
1698 2347 1803 2403 per

142 2418 377 2491 spiritus
406 2419 851 2489 paupertatem,
869 2432 1145 2488 supernae
1167 2416 1601 2476 benedictionis
1620 2420 1805 2492 impe-

146 2514 361 2563 tremus
404 2504 872 2577 plenitudinem.
913 2516 983 2577 3;.
1023 2510 1237 2562 Amen.

200 2598 302 2652 Per
330 2592 850 2651 misericordiam.

192 2723 249 2781 ιι.
284 2709 620 2766 Judicium
663 2713 894 2764 rectum
919 2708 1204 2778 judicate,
1236 2709 1459 2780 popule
1488 2726 1677 2781 meus,
1720 2712 1807 2767 di-

145 2800 208 2855 cit
224 2799 569 2855 Dominus.
602 2798 668 2853 P.
701 2796 766 2852 Et
782 2796 1223 2853 misericordias
1242 2798 1415 2854 facite
1448 2816 1461 2855 :
1488 2799 1735 2855 viduam
1752 2804 1809 2856 et

143 2887 447 2960 pupillum
487 2901 602 2957 per
629 2886 960 2957 potentiam
990 2886 1169 2942 nolite
1216 2888 1571 2958 opprimere.
1626 2890 1810 2945 Unus-

141 2978 401 3049 quisque
432 2974 734 3030 malitiam
764 2976 826 3029 in
869 2974 1047 3029 corde
1091 2990 1201 3031 suo
1241 2975 1531 3031 adversus
1570 2976 1809 3032 fratrem

1910 1796 2199 1864 rusalem,
2221 1813 2321 1853 rex
2350 1798 2600 1862 Hebron,
2631 1815 2735 1854 rex
2764 1798 3075 1865 Jerimoth;
3103 1814 3206 1855 rex
3235 1796 3469 1866 Lachis,
3497 1800 3557 1854 et

1908 1899 2013 1939 rex
2040 1885 2242 1954 Eglon,
2271 1902 2410 1941 cum
2448 1887 2804 1943 exercitibus
2853 1886 2999 1957 suis,
3048 1891 3107 1943 et
3156 1883 3560 1943 castrametati

1911 1980 2050 2028 sunt
2061 1974 2216 2029 circa
2229 1974 2494 2038 Gabaon,
2511 1980 2575 2031 ut
2589 1979 3174 2047 oppugnarenteam.
3190 1974 3559 2029 Habitatores

1909 2067 2109 2117 autem
2125 2062 2369 2118 Gabaon
2381 2064 2547 2118 urbis
2569 2066 2833 2119 obsessa
2847 2063 3225 2118 miseruntad
3247 2060 3559 2132 Josue,qui

1910 2154 2049 2205 tunc
2079 2151 2428 2206 morabatur
2448 2152 2508 2206 in
2542 2152 2752 2206 castris
2775 2150 3053 2220 Galgalte,
3086 2155 3143 2206 et
3160 2149 3439 2205 dixerunt
3457 2147 3510 2203 ei
3540 2165 3556 2208 :

1910 2240 1990 2293 Ne
2019 2238 2287 2294 retrahas
2316 2254 2535 2294 manus
2571 2243 2707 2295 tuas
2740 2239 2817 2294 ab
2848 2237 3064 2294 auxilio
3104 2252 3410 2293 servorum
3432 2240 3559 2291 tuo-

1908 2341 2084 2384 rum:
2128 2328 2385 2383 ascende
2409 2328 2544 2395 cito,
2577 2333 2635 2383 et
2680 2326 2864 2383 libera
2910 2342 3062 2381 nos:
3096 2325 3299 2398 terque
3352 2323 3561 2395 praesi-

1910 2415 2078 2471 dium
2112 2416 2706 2473 :conveneruntenim
2720 2416 3035 2472 adversum
3048 2429 3159 2469 nos
3170 2428 3381 2470 omnes
3390 2428 3562 2483 reges

1910 2503 2416 2571 Amorrhazorum,
2437 2504 2541 2575 qui
2556 2504 2832 2559 habitant
2852 2504 2912 2557 in
2926 2502 3247 2558 montanis.
3263 2500 3565 2558 Ascendit-

1912 2606 2030 2661 que
2057 2592 2238 2644 Josue
2268 2591 2341 2645 de
2388 2591 2668 2660 Galgalis,
2693 2596 2751 2645 et
2787 2590 2986 2644 omnis
3007 2589 3297 2644 exercitus
3318 2587 3564 2644 bellato-

1911 2695 2049 2735 rum
2063 2694 2193 2732 cum
2206 2694 2296 2742 eo,
2316 2678 2637 2733 fortissimi.
2658 2676 2931 2746 Dixitque
2948 2675 3238 2730 Dominus
3251 2674 3331 2729 ad
3344 2676 3522 2729 Josue
3545 2689 3559 2728 :

1914 2770 1993 2823 Ne
2026 2766 2236 2821 timeas
2268 2781 2370 2820 eos
2399 2781 2410 2819 :
2444 2766 2505 2819 in
2534 2779 2755 2820 manus
2794 2763 2954 2818 enim
2990 2767 3123 2817 tuas
3147 2758 3363 2815 tradidi
3412 2774 3515 2814 eos
3544 2773 3561 2813 :

1916 2853 2239 2925 nullusque
2264 2852 2371 2908 tibi
2398 2868 2471 2907 ex
2507 2851 2591 2906 eis
2616 2850 2888 2907 resistere
2914 2852 3127 2920 potest.
3160 2846 3343 2902 lnruit
3364 2845 3565 2917 itaque

1916 2945 2093 2999 Josue
2125 2957 2304 3015 super
2332 2956 2436 2996 eos
2458 2945 2722 3012 repente,
2750 2943 2871 2995 tota
2913 2935 3245 2994 ascendens
3288 2938 3461 2991 nocte
3491 2931 3567 2989 de

144 3021 1218 3123 ἔξηὲἷξὲξξξξξξάξὶθῖῖἶηδῇξθ
1848 3062 1890 3121 C
1920 3030 2197 3100 Galgalis.
2216 3033 2283 3085 Et
2303 3027 2673 3086 conturbavit
2695 3042 2798 3123 eos
2813 3027 3103 3083 Dominus
3131 3023 3333 3080 afacie
3354 3021 3566 3079 Israel:

146 3153 463 3221 judicare;
502 3151 610 3206 sed
649 3155 876 3206 rectum
900 3151 1193 3221 judicium
1215 3152 1494 3221 judicate.
1528 3156 1586 3209 P.
1622 3156 1686 3210 Et
1706 3154 1811 3209 mi-

146 3240 542 3302 serieordias.
570 3240 632 3301 ΐ.
662 3240 879 3312 Gloria,
910 3246 968 3296 et
986 3240 1199 3298 honor.

760 3348 834 3403 In
874 3347 1198 3404 Laudibus.

206 3468 590 3539 Antiphona.
642 3463 949 3535 Adparges
966 3478 1075 3517 nos
1097 3462 1345 3519 Domine
1362 3460 1476 3535 hys
1486 3478 1635 3535 sopo
1652 3462 1813 3519 verbi

148 3558 244 3627 tui,
284 3564 349 3615 et
379 3552 824 3611 mundabimur
856 3568 868 3606 :
902 3548 1134 3607 lavabis
1159 3565 1288 3615 nos,
1321 3556 1376 3607 et
1405 3567 1585 3622 supra
1615 3550 1815 3607 nivem

147 3643 602 3702 dealbabimur.
634 3639 901 3698 Psalmus
930 3654 1014 3693 ιχ.

216 3752 455 3808 Oratio.
481 3749 665 3811 Deus,
694 3746 802 3817 qui
830 3743 1052 3801 scelera
1072 3746 1280 3801 nostra
1304 3743 1593 3813 ﬁgmento
1610 3749 1816 3816 operta

147 3837 428 3895 denudas
449 3855 463 3902 ;
482 3836 829 3907 quiincerta
849 3832 1065 3896 dubiis,
1082 3838 1136 3889 et
1152 3832 1381 3889 occulta
1397 3834 1650 3889 consciis
1679 3849 1816 3889 con-

150 3932 317 3983 sueta
347 3926 572 3997 pietate
606 3920 944 3979 transducis
960 3939 977 3989 ;
1008 3920 1383 3977 utnoxietate
1417 3920 1654 3992 prodita
1681 3921 1815 3977 ads-

146 4029 377 4087 pargas
404 4029 519 4070 nos
549 4028 683 4068 rore
724 4009 1145 4066 misericordiae
1191 4014 1343 4073 tuae;
1376 4012 1432 4063 et
1474 4007 1633 4063 velut
1677 4008 1815 4064 nive

152 4101 514 4159 dealbemur
542 4099 683 4156 vitae
742 4098 1101 4154 correctione
1131 4112 1142 4152 :
1171 4100 1389 4165 averte,
1443 4111 1812 4168 quaesumus,

151 4188 383 4245 faciem
423 4194 578 4244 tuam
604 4204 641 4245 a
667 4185 925 4260 peccatis
954 4183 1195 4251 nostris,
1217 4187 1274 4239 et
1293 4198 1503 4239 omnes
1530 4184 1817 4257 iniquita-

149 4283 247 4333 tes
296 4282 538 4333 nostras
592 4276 823 4344 delens,
868 4275 1090 4329 innova
1137 4272 1196 4328 in
1233 4271 1561 4328 visceribus
1598 4273 1813 4329 nostris

144 4366 409 4439 Spiritus
437 4366 521 4421 tui
558 4364 759 4421 Sancti
788 4363 1149 4420 infusionem
1180 4380 1192 4417 :
1221 4377 1343 4434 quo
1376 4360 1475 4416 tali
1519 4361 1814 4418 inhabita-

141 4462 268 4513 tare
309 4455 676 4526 gaudentes,
711 4452 1055 4525 aperiamus
1080 4450 1298 4521 jugiter
1324 4449 1489 4506 labia
1514 4454 1718 4507 nostra
1737 4448 1815 4506 ad

139 4542 641 4601 annuntiandam
672 4540 917 4598 laudem
948 4544 1133 4596 tuam.
1172 4550 1235 4611 13;.
1266 4540 1477 4596 Amen.

208 4636 325 4690 Per
352 4630 862 4688 misericordiam.

202 4722 300 4777 Ad
328 4720 680 4777 Canticum.
728 4718 1097 4788 Antiphonti.
1151 4714 1504 4783 Recordare,
1547 4714 1812 4779 Domine,

138 4808 288 4880 quid
302 4807 583 4864 evenerit
610 4805 818 4862 nobis:
849 4807 1078 4863 intuere
1099 4808 1158 4862 et
1172 4805 1400 4876 respice
1423 4802 1817 4877 obprobrium

139 4904 457 4953 nostrum.

211 4986 562 5041 Canticum.
594 4985 884 5039 Memento
912 4981 1177 5037 Domine.
1202 4982 1315 5051 fol.
1344 4984 1469 5037 206.

206 5074 299 5128 Ad
328 5073 717 5130 Benedictus.
751 5072 1122 5139 Antiphona.
1168 5069 1537 5139 Praeceptum
1585 5067 1819 5123 Domini

132 5162 444 5229 lucidum,
466 5159 840 5217 inluminans
857 5158 1081 5214 oculos.
1108 5157 1167 5217 ἣν.
1190 5158 1385 5213 Tiinor
1401 5154 1635 5210 Domini
1651 5170 1820 5210 sanc-

132 5256 232 5307 tus
278 5252 615 5321 permanet
645 5247 704 5301 in
745 5246 1028 5301 szeculum
1060 5245 1281 5299 sreculi.

206 5338 572 5395 Canticum.
607 5334 957 5390 Benedictus
986 5349 1048 5387 es
1078 5334 1348 5387 Domine.
1386 5332 1496 5401 fol.
1531 5335 1580 5401 6,

198 5428 453 5484 Lauda.
486 5424 754 5482 Laudate
786 5423 973 5478 Deum
999 5437 1212 5479 omnes
1240 5422 1487 5478 virtutes
1508 5420 1639 5491 ejus
1665 5438 1677 5477 :
1711 5418 1820 5476 mi-

135 5515 294 5574 litiae
324 5514 710 5592 Angelorum
735 5511 1056 5575 Dominum
1084 5509 1342 5571 laudate.
1374 5512 1432 5567 P.
1464 5507 1749 5569 Laudate.

1920 3119 2306 3190 contrivitque
2319 3119 2501 3190 plaga
2518 3132 2732 3187 magna
2754 3116 2816 3171 in
2833 3116 3101 3181 Gabaon,
3130 3129 3201 3170 ac
3221 3115 3571 3186 persecutus

1921 3214 2012 3264 est
2048 3224 2155 3280 per
2191 3208 2354 3264 viam
2403 3222 2688 3264 ascensus
2724 3205 2864 3261 Beth
2916 3205 3129 3267 horon,
3180 3205 3237 3258 et
3283 3200 3575 3273 percussit

1922 3313 2113 3368 usque
2134 3297 2213 3354 ad
2237 3302 2441 3361 Azcca,
2474 3301 2529 3351 et
2550 3294 2803 3351 Maceda.
2830 3294 3097 3361 Cumque
3118 3290 3389 3359 fugerent
3413 3286 3574 3342 ﬁlios

1922 3385 2119 3451 lsraél,
2162 3390 2218 3440 et
2246 3388 2439 3440 essent
2468 3383 2529 3437 in
2564 3396 2821 3437 ascensu
2860 3379 3000 3433 Betli
3045 3378 3257 3439 horon,
3282 3373 3574 3428 Dominus

1921 3474 2086 3531 misit
2124 3489 2302 3546 super
2330 3487 2430 3527 eos
2459 3470 2691 3541 lapides
2720 3480 2975 3537 magnos
3004 3464 3079 3518 de
3108 3461 3258 3518 coelo
3277 3476 3472 3532 usque
3493 3460 3572 3516 ad

1922 3564 2112 3618 Azeca
2140 3582 2152 3621 ;
2183 3567 2237 3615 et
2254 3559 2468 3614 mortui
2489 3563 2625 3612 sunt
2649 3555 2835 3611 multo
2848 3554 3049 3625 plures
3076 3549 3381 3622 lapidibus
3398 3562 3574 3618 gran-

1924 3650 2099 3715 dinis,
2134 3666 2318 3722 quam
2344 3664 2496 3720 quos
2537 3646 2736 3716 gladio
2769 3645 3191 3715 percusserunt
3223 3638 3325 3693 ﬁlii
3372 3636 3570 3693 Israel.

1923 3740 2081 3793 Tunc
2112 3738 2344 3792 locutus
2377 3740 2466 3791 est
2484 3736 2658 3789 Josue
2680 3732 2931 3787 Domino
2956 3730 3013 3784 in
3040 3729 3153 3793 die,
3179 3744 3301 3799 qua
3330 3725 3576 3781 tradidit

1924 3826 2337 3883 Amorrhaaum
2368 3824 2426 3879 in
2453 3830 2775 3893 conspectu
2804 3817 3063 3875 ﬁliorum
3098 3814 3577 3886 lsraél,dixitque

1926 3931 2130 3970 coram
2156 3913 2237 3969 eis
2272 3931 2283 3964 :
2322 3912 2415 3967 Sol
2447 3914 2651 3966 contra
2684 3909 2929 3964 Gabaon
2956 3923 3028 3961 ne
3052 3903 3365 3975 movearis,
3395 3906 3452 3959 et
3470 3904 3577 3957 Lu-

1924 4020 2004 4059 na
2022 4009 2226 4058 contra
2256 4000 2467 4055 vallem
2492 3998 2741 4070 Haylon.
2769 3996 3177 4065 Steteruntque
3191 3992 3289 4049 Sol
3310 3996 3364 4047 et
3387 3992 3569 4055 Luna,

1924 4094 2117 4148 donec
2146 4090 2527 4148 ulcisceretur
2553 4105 2617 4143 se
2649 4103 2794 4156 gens
2820 4086 2893 4141 de
2914 4082 3166 4139 inimicis
3198 4079 3339 4137 suis.
3368 4082 3574 4136 Nonne

1927 4182 2212 4251 scriptum
2245 4183 2333 4233 est
2362 4178 2476 4233 hoc
2508 4176 2568 4232 in
2597 4176 2751 4231 libro
2772 4174 3073 4244 justorum
3105 4172 3131 4226 ?
3164 4170 3327 4226 Stetit
3373 4168 3574 4240 itaque

1928 4268 2024 4322 Sol
2055 4268 2115 4321 in
2137 4266 2335 4322 medio
2357 4266 2510 4329 caeli,
2530 4270 2587 4319 et
2612 4278 2735 4320 non
2757 4258 3419 4319 festinavitocoumbere
3440 4271 3572 4327 spa-

1848 4328 1893 4383 Ι)
1925 4356 2005 4411 tio
2036 4354 2215 4409 unius
2246 4354 2380 4408 diei.
2411 4328 2536 4408 Non
2566 4351 2675 4406 fuit
2705 4355 2862 4417 ante,
2897 4354 2953 4403 et
2980 4351 3189 4423 postea
3239 4344 3575 4424 tamlonga

1924 4445 2071 4509 dies,
2104 4442 2418 4498 obediente
2440 4442 2692 4496 Domino
2729 4438 2863 4497 voci
2892 4435 3151 4493 hominis
3177 4432 3574 4508 expugnantis

1923 4548 2033 4603 pro
2061 4530 2252 4586 Israel.
2292 4532 2701 4599 Reversusque
2727 4531 2784 4582 et
2815 4528 2991 4582 Josue
3032 4540 3170 4603 cum
3199 4522 3364 4601 omni
3394 4518 3573 4601 Israel

1924 4600 1984 4677 in
2005 4623 2200 4675 castra
2222 4617 2495 4687 Galgalae.
2526 4618 2821 4684 Fugerunt
2845 4612 3005 4668 enim
3020 4600 3286 4683 quinque
3302 4600 3492 4676 reges,
3518 4609 3575 4662 et

1926 4724 1987 4764 se
2017 4705 2529 4763 absconderuntin
2559 4702 2845 4774 spelunca
2866 4697 3299 4756 urbisMaceda.
3335 4692 3576 4752 Nuntia-

1924 4802 2054 4855 tum
2082 4801 2170 4852 est
2193 4797 2393 4862 Josue,
2425 4792 2592 4865 quod
2622 4790 2847 4848 inventi
2879 4794 3081 4844 essent
3111 4786 3375 4860 quinque
3402 4797 3574 4852 reges

1923 4885 2171 4942 latentes
2198 4885 2257 4939 in
2286 4882 2572 4955 spelunca
2587 4880 2848 4937 Maceda.
2869 4879 2977 4943 Qui
3000 4874 3282 4947 praecepit
3306 4871 3501 4939 sociis,
3521 4876 3579 4931 et

1926 4977 2006 5029 ait
2031 4993 2048 5027 :
2082 4973 2295 5028 Volvite
2321 4987 2465 5027 saxa
2488 4968 2754 5038 ingentia
2779 4966 2858 5022 ad
2884 4983 2952 5021 os
2982 4964 3157 5045 232
3179 4962 3501 5035 speluncae,
3524 4966 3579 5018 et

1922 5062 2129 5134 ponite
2151 5062 2309 5116 viros
2332 5056 2675 5121 industrios,
2699 5056 2803 5127 qui
2824 5053 3061 5109 clausos
3086 5052 3455 5109 custodiant:
3473 5066 3577 5107 vos

1928 5132 2128 5206 autem
2151 5149 2327 5203 nolite
2350 5152 2523 5209 stare,
2556 5145 2661 5201 sed
2694 5143 3124 5216 persequimini
3158 5132 3378 5209 hostes,
3399 5146 3451 5195 et
3475 5153 3575 5192 ex—

1928 5246 2151 5297 treuios
2180 5250 2455 5308 quosque
2484 5234 2837 5303 fugientium
2865 5233 3069 5289 Cthite
3093 5252 3106 5286 :
3127 5249 3237 5288 nec
3261 5223 3573 5286 dimittatio

1927 5343 2029 5381 eos
2060 5325 2297 5380 urbium
2318 5340 2564 5378 suarum
2591 5324 2809 5380 intrare
2832 5322 3133 5395 praesidia,
3157 5335 3309 5391 quos
3338 5309 3576 5369 tradidit

1926 5416 2082 5471 Deus
2124 5414 2184 5467 in
2239 5427 2457 5467 manus
2514 5417 2759 5470 vestras.
2812 5412 2987 5467 Caesis
3042 5420 3182 5476 ergo
3221 5396 3572 5465 adversarii,

1928 5502 2111 5578 plaga
2129 5516 2373 5585 magna,
2387 5507 2443 5561 et
2463 5517 2654 5577 usque
2670 5501 2749 5559 ad
2775 5493 3236 5557 internecionem
3258 5502 3410 5567 pene
3433 5502 3577 5579 conf
