4094 6164
493 253 600 311 407

496 470 634 524 sunt
651 463 915 521 civitates
926 459 1206 517 munitas.
1231 462 1643 532 Reversusque
1659 462 1749 516 est
1767 456 1964 514 omnis
1983 470 2143 511 exer-

498 556 648 613 citus
680 552 759 610 ad
786 553 964 607 ,ἰοευὸ
1002 548 1064 605 in
1098 548 1357 614 Maceda,
1389 547 1493 605 ubi
1532 551 1675 604 tunc
1708 551 1875 604 erant
1926 548 2141 609 castra,

500 645 650 713 sani,
682 646 738 697 et
775 641 1004 709 integro
1048 652 1301 693 numero
1338 658 1351 693 :
1383 636 1702 709 nullusque
1745 640 1951 691 contra
1991 633 2144 688 ﬁlios

500 732 679 790 Israel
696 729 908 785 mutire
927 743 1109 783 ausus
1122 732 1225 781 est.
1258 726 1654 798 Praecepitque
1678 727 1878 789 Josué,
1903 724 2106 778 dicens
2130 739 2142 776 :

500 820 732 893 Aperite
762 834 830 874 os
870 815 1186 888 speluncae,
1220 819 1276 871 et
1312 814 1618 887 producite
1649 814 1727 870 ad
1757 828 1852 869 me
1880 812 2147 885 quinque

502 924 693 979 reges,
722 906 826 979 qui
855 906 915 960 in
940 919 1013 959 ea
1040 904 1300 960 latitant.
1331 906 1615 960 Fecerunt
1643 902 1912 967 ministri,
1945 905 2007 957 ut
2038 900 2149 955 sibi

504 998 695 1054 fuerat
708 996 1089 1065 imperatum,
1108 996 1164 1047 et
1184 992 1516 1048 eduxerunt
1536 990 1615 1047 ad
1631 1006 1770 1047 eum
1785 991 2049 1064 quinque
2064 1004 2152 1045 re-

504 1101 608 1156 ges
628 1083 701 1138 de
714 1081 1014 1153 spelunca,
1039 1094 1242 1150 regem
1265 1079 1649 1146 Hierusalem,
1673 1094 1875 1150 regem
1895 1078 2149 1145 Hebron,

503 1185 705 1241 regem
755 1167 1103 1236 Hierimoth,
1162 1183 1365 1239 regem
1415 1169 1644 1234 Lachis,
1692 1183 1894 1238 regem
1934 1166 2145 1236 Eglou.

504 1261 771 1329 Cumque
800 1256 997 1311 educti
1021 1256 1274 1312 fuissent
1325 1257 1402 1313 ad
1446 1273 1604 1321 eum,
1658 1257 1891 1312 vocavit
1946 1270 2155 1311 omnes

502 1346 664 1402 viros
697 1345 893 1409 Israel,
928 1350 985 1399 et
1024 1344 1107 1399 ait
1134 1345 1209 1400 ad
1256 1344 1558 1415 principes
1588 1345 1898 1410 exercitus,
1934 1344 2036 1415 qui
2066 1357 2156 1397 se-

507 1450 645 1489 cum
676 1437 844 1487 erant
870 1451 882 1489 :
917 1434 1017 1496 Ite,
1046 1436 1102 1485 et
1132 1431 1334 1503 ponite
1364 1431 1548 1503 pedes
1572 1447 1749 1503 super
1774 1431 1929 1487 colla
1948 1445 2159 1499 regum

506 1522 787 1576 istoruns.
822 1519 934 1585 Qui
958 1535 1094 1574 cum
1112 1519 1522 1590 perrexissent,
1549 1524 1607 1575 et
1626 1520 2031 1591 subjectorum
2062 1533 2159 1590 pe-

508 1608 686 1664 dibus
728 1607 884 1663 colla
914 1607 1233 1677 calcarent,
1286 1623 1524 1663 rursum
1559 1609 1639 1664 ait
1690 1608 1765 1665 ad
1798 1624 1936 1667 eos:
1980 1606 2160 1663 Nolite

1764 236 2217 299 BREVIARIUM
2255 239 2652 306 GOTHICUM.

498 375 774 450 sumptis,
804 372 867 430 hi
903 371 1007 446 qui
1056 369 1236 430 Israel
1271 369 1475 442 fugere
1516 369 1857 443 potuerunt,
1892 364 2141 437 ingressi
2169 364 2216 419 A

3800 243 3906 297 ι’ίΟΒ

2573 370 2767 429 Lectio
2801 368 2941 426 libri
2964 369 3141 424 Josue
3179 364 3353 437 (Cap.
3378 364 3557 435 xxiv).

2322 470 2384 527 ἢ.
2422 459 2543 517 Deo
2574 458 2821 529 gratias.

2321 546 2511 603 Inillis
2540 548 2749 604 diebus
2778 565 2789 603 :
2824 543 3216 614 Congregavit
3242 544 3422 599 Josue
3462 558 3671 600 omnes
3712 543 3903 601 tribus

2250 636 2430 693 Israel
2453 637 2509 692 in
2546 638 2795 701 Sichem,
2827 640 2880 690 et
2901 634 3133 689 vocavit
3154 632 3414 702 majores
3443 641 3609 701 natu,
3644 648 3715 689 ac
3744 633 3906 704 prin-

2252 726 2434 798 cipes,
2475 725 2726 795 judices,
2780 730 2834 779 et
2878 723 3261 791 magistratus
3295 737 3307 775 :
3340 725 3624 777 steterunt
3665 722 3730 776 in
3762 738 3906 777 con-

2252 820 2456 887 spectu
2483 814 2715 869 Domini
2748 829 2759 866 :
2794 817 2849 867 et
2878 810 2956 866 ad
2999 809 3293 881 populum
3342 808 3427 864 sic
3474 809 3714 866 locutus
3769 815 3899 869 est:

2254 904 2387 959 Haec
2403 903 2543 958 dicit
2566 903 2852 957 Dominus
2872 899 3029 954 Deus
3054 898 3233 954 Israel
3262 914 3275 952 :
3307 901 3488 954 Trans
3518 898 3775 955 ﬂuvium
3802 899 3904 957 ha—

2254 990 2593 1047 bitaverunt
2610 994 2807 1060 patres
2824 987 3003 1043 vestri
3024 986 3101 1042 ab
3129 986 3313 1052 initio,
3332 986 3517 1042 Thare
3534 992 3706 1059 pater
3722 986 3906 1045 Abra-

2256 1074 2421 1145 ham,
2453 1082 2509 1133 et
2533 1077 2764 1133 Nachor
2795 1096 2808 1135 :
2846 1074 3176 1131 servierunt
3198 1074 3309 1129 diis
3336 1074 3566 1130 alienis.
3590 1075 3747 1131 Tulit
3769 1091 3909 1146 ergo

2258 1171 2491 1240 patrem
2505 1169 2769 1221 vestrum
2785 1164 3086 1220 Abraham
3101 1163 3174 1218 de
3191 1163 3635 1234 Mesopotamiae
3649 1163 3876 1219 finibus
3894 1182 3905 1219 :

2262 1261 2319 1312 et
2346 1255 2593 1311 adduxit
2618 1271 2756 1310 eum
2786 1255 2845 1309 in
2873 1259 3088 1309 terram
3113 1251 3399 1308 Chanaan
3428 1269 3439 1307 :
3475 1252 3913 1325 multiplicavit-

2263 1359 2379 1417 que
2402 1358 2603 1399 semen
2622 1344 2749 1413 ejus
2762 1346 2818 1398 et
2847 1340 3010 1396 dedit
3031 1342 3082 1396 ei
3120 1341 3289 1396 Isaac
3318 1340 3520 1412 illique
3550 1357 3793 1398 rursum
3813 1342 3913 1397 de-

2265 1433 2350 1488 dit
2380 1437 2643 1487 montem
2679 1432 2802 1487 Seir
2831 1430 2909 1485 ad
2940 1427 3375 1501 possidendum
3403 1450 3415 1483 :
3448 1428 3632 1485 Jacob
3664 1446 3823 1496 vero,
3857 1436 3916 1487 et

2265 1520 2371 1577 ﬁlii
2443 1521 2571 1591 ejus
2644 1520 3078 1576 descenderunt
3144 1518 3206 1573 in
3246 1515 3583 1590 Egyptum.
3638 1518 3915 1590 Misitque

2270 1612 2509 1681 Moysen
2553 1613 2609 1665 et
2633 1610 2850 1673 Aaron,
2902 1612 2959 1663 et
3002 1607 3292 1679 percussit
3331 1604 3653 1677 Egyptum
3698 1606 3917 1663 multis

508 1695 737 1761 timere,
756 1694 1619 1766 necpaveatis,confortamini,
1639 1694 2156 1752 etestoterobusti:
2189 1708 2232 1764 Β
2271 1699 2456 1769 signis
2497 1702 2554 1754 et
2581 1697 2887 1769 portentis.
2942 1696 3274 1767 Eduxitque
3321 1699 3520 1767 patres
3566 1700 3796 1752 vestros
3842 1712 3921 1751 ex

511 1784 593 1839 sic
619 1782 777 1838 enim
814 1781 988 1838 faciet
1026 1783 1314 1838 Dominus
1345 1783 1575 1839 cunctis
1605 1783 1880 1840 hostibus
1926 1783 2159 1847 vestris,

510 1871 799 1927 adversus
828 1886 985 1942 quos
1002 1871 1324 1927 dimicatis.
1350 1871 1763 1945 Percussitque
1778 1872 1981 1939 Josué,
2005 1877 2060 1927 et
2079 1872 2163 1927 in-

512 1957 737 2015 terfecit
763 1973 885 2025 eos,
911 1959 1222 2031 suspendit
1249 1975 1429 2031 super
1453 1961 1720 2032 quinque
1738 1961 1960 2031 stipites
1993 1980 2010 2015 :
2043 1959 2163 2014 fue-

508 2051 765 2117 runtque
801 2052 978 2119 atque
1008 2046 1287 2118 suspensi
1318 2063 1511 2121 usque
1530 2048 1608 2104 ad
1622 2064 1961 2121 vesperum.
1987 2050 2162 2104 Cum-

510 2137 628 2206 que
646 2135 1029 2193 occumberet
1046 2136 1163 2202 Sol,
1192 2138 1475 2209 praecepit
1495 2138 1689 2203 sociis,
1715 2143 1779 2193 ut
1797 2138 2165 2210 deponerent

512 2239 615 2280 eos
644 2223 719 2280 de
745 2224 1052 2296 patibulis.
1082 2226 1513 2298 Quidepositos
1538 2226 1915 2299 projecerunt
1937 2228 1997 2283 in
2029 2243 2163 2299 spe-

510 2312 776 2380 luncam,
808 2314 870 2369 in
901 2330 1023 2386 qua
1058 2314 1373 2381 latuerant,
1407 2320 1463 2372 et
1494 2320 1826 2387 posuerunt
1854 2332 2033 2388 super
2063 2333 2165 2373 eos

514 2417 661 2458 saxa
682 2401 971 2473 ingentia,
989 2418 1125 2477 quae
1138 2406 1493 2476 permanent
1505 2419 1695 2477 usque
1712 2404 1771 2459 in
1793 2419 2081 2477 praesens.
2098 2416 2161 2475 at.

514 2492 699 2546 Amen
712 2532 723 2544 .

589 2579 881 2650 Hymnus.
925 2581 1079 2635 Deus
1104 2581 1272 2635 Pater
1300 2579 1578 2649 ingenite.
1609 2582 1721 2650 fol.
1760 2583 1884 2638 lOt.

593 2668 897 2737 Capitula.
938 2666 1055 2721 Lex
1104 2671 1207 2722 tua
1257 2667 1803 2739 inreprehensibilis
1861 2673 2166 2727 convertat

517 2754 752 2811 animas
769 2757 1026 2823 nostras,
1051 2759 1105 2811 et
1122 2754 1530 2812 testimonium
1547 2761 1719 2813 tuum
1734 2756 1910 2814 ﬁdele
1931 2762 2167 2830 praestet

514 2841 785 2915 parvulis
799 2842 1157 2915 sapientiam
1179 2859 1191 2898 :
1211 2848 1262 2899 te
1280 2859 1521 2917 quoque
1528 2845 1548 2915 j
1561 2845 1667 2900 usti
1678 2846 1754 2902 tia
1766 2846 1948 2902 corda
1962 2851 2167 2903 nostra

514 2930 988 2997 laetiﬁcentmon
1035 2932 1381 2989 contristent
1412 2951 1426 2989 :
1462 2938 1753 3007 tuumque
1796 2941 2167 3009 praeceptum

516 3019 722 3077 oculos
747 3021 1039 3077 mentium
1069 3024 1410 3079 nostrarum
1442 3022 1772 3080 inluminet.

594 3107 767 3164 Pater
794 3112 1015 3165 noster.

588 3195 819 3252 Lauda.
850 3196 1130 3253 Fundasti
1158 3202 1394 3262 terram,
1416 3200 1470 3255 et
1491 3202 1834 3271 permanet;
1858 3204 1913 3256 et
1933 3199 2171 3257 ordina-

517 3281 677 3338 tione
717 3287 819 3339 tua
839 3290 1174 3355 perseverat
1207 3299 1218 3339 :
1252 3285 1323 3340 P.
1354 3284 1649 3351 Quoniam
1680 3287 1886 3343 omnia
1912 3289 2171 3344 serviunt

516 3368 645 3426 tibi.
680 3370 743 3432 ἡ.
772 3370 893 3426 Nisi
923 3370 1088 3443 quod
1116 3371 1212 3427 lex
1242 3375 1345 3429 tua
1374 3372 1684 3429 meditatio
1710 3390 1846 3431 mea
1864 3380 1950 3431 est
1982 3391 1994 3431 :
2026 3379 2167 3432 tunc

518 3457 765 3515 forsitan
789 3458 1099 3530 periissem
1130 3458 1192 3515 in
1216 3459 1546 3517 humilitate
1577 3476 1732 3517 mea.
1782 3462 1840 3516 P.
1871 3463 2169 3529 Quoniam

519 3545 742 3601 omnia.
775 3545 836 3605 Ψ.
874 3545 1091 3616 Gloria,
1118 3553 1173 3605 et
1198 3547 1390 3604 honor
1414 3548 1593 3606 Patri.

595 3650 819 3708 Oratio.
849 3654 912 3707 In
928 3656 1215 3712 aeternum
1233 3656 1481 3712 Domine
1511 3655 1769 3714 Verbum
1791 3661 1983 3726 tuum,
2004 3661 2170 3729 quod

519 3741 900 3819 permanetin
918 3742 1086 3809 ccelo,
1113 3744 1175 3798 in
1196 3745 1467 3802 Ecclesiae
1489 3751 1605 3803 tuae
1630 3762 1867 3821 semper
1881 3749 2170 3808 inhabitet

520 3828 744 3903 templo
772 3844 787 3897 ;
816 3833 877 3887 ut
906 3828 1320 3890 inhabitatoris
1352 3837 1673 3907 praesentia
1702 3835 2062 3897 habitaculis
2096 3841 2169 3898 sit

521 3917 758 3977 claritas
777 3917 1075 3978 indefessa
1088 3962 1101 3975 .
1139 3931 1204 3991 ηε.
1236 3926 1450 3980 Amen.

593 4010 698 4067 Per
720 4006 1212 4069 misericordiam.

758 4100 763 4105 δ
1140 4126 1233 4181 Ad
1264 4126 1542 4184 Tertiam.

900 4240 1286 4298 Ecclesiastes
1310 4241 1484 4314 (Cap.
1524 4242 1777 4314 ultimo).

592 4359 656 4418 Βι.
690 4350 810 4405 Deo
838 4349 1062 4419 gratias
1080 4388 1093 4403 .

592 4437 713 4505 Fili,
748 4452 886 4493 cum
916 4437 1323 4509 essetsapiens
1336 4436 1735 4505 Ecclesiastes,
1763 4438 1965 4495 docuit
1984 4455 2169 4512 p0pu-

517 4526 666 4592 lum,
698 4531 754 4584 et
782 4526 1044 4583 narravit
1074 4541 1208 4599 quae
1230 4525 1450 4583 fecerat
1484 4543 1495 4582 :
1538 4530 1593 4583 et
1625 4528 1989 4599 investigans
2012 4543 2172 4585 com-

520 4616 719 4689 posuit
744 4614 1065 4688 parabolas
1096 4614 1341 4685 multas,
1365 4630 1501 4686 quae
1530 4619 1669 4671 sunt
1698 4615 1878 4673 verba
1906 4616 2091 4680 utilia,
2115 4622 2171 4674 et

522 4708 760 4762 sanctos
786 4704 1022 4777 scripsit
1052 4718 1359 4761 sermones
1389 4703 1779 4770 rectissimos,
1815 4720 1885 4760 ac
1932 4704 2170 4761 veritate

517 4794 745 4865 plenos.
777 4793 969 4851 Verba
989 4792 1349 4865 sapientium
1375 4799 1439 4847 ut
1462 4791 1703 4859 stimuli,
1730 4796 1786 4849 et
1815 4794 1988 4865 quasi
2018 4793 2169 4850 clavi

516 4880 577 4935 in
616 4881 801 4939 altum
813 4882 934 4948 ﬁxi,
966 4896 1101 4955 qua:
1124 4897 1224 4953 per
1246 4881 1669 4951 magistrorum
1695 4879 2009 4936 consilium
2028 4879 2171 4939 data

518 4973 705 5026 sunta
733 4974 973 5042 pastore
995 4986 1135 5027 uno.
1169 4970 1267 5026 His
1296 4970 1556 5042 amplius
1575 4968 1660 5025 ﬁli
1684 4969 1767 5024 mi
1788 4984 1862 5024 ne
1877 4969 2166 5042 requiras.

516 5058 790 5116 Faciendi
827 5060 1026 5131 plures
1053 5060 1237 5116 libros
1284 5059 1490 5115 nullus
1523 5063 1608 5115 est
1640 5058 1776 5114 ﬁnis
1812 5075 1824 5113 :
1860 5058 2169 5132 frequens-

512 5164 630 5222 que
660 5147 980 5213 meditatio,
1034 5148 1229 5204 carnis
1287 5147 1529 5203 afﬂictio
1564 5152 1672 5205 est.
1728 5150 1847 5204 Hoc
1892 5155 1979 5205 est
2008 5149 2169 5205 enim

511 5238 709 5296 omnis
735 5238 920 5295 homo
952 5257 965 5297 :
1000 5243 1055 5295 et
1082 5241 1315 5303 cuncta,
1348 5252 1485 5307 quae
1515 5236 1688 5307 ﬁunt,
1718 5236 1963 5295 adducit
2012 5240 2167 5295 Deus

510 5328 574 5386 in
597 5328 891 5401 judicium
908 5341 1018 5401 pro
1040 5325 1205 5383 omni
1233 5329 1424 5392 reatu,
1458 5324 1582 5382 sive
1610 5324 1866 5395 bonum,
1902 5326 2024 5384 sive
2044 5342 2168 5384 ma-

508 5416 636 5473 lum
668 5417 762 5474 sit.
796 5416 1000 5474 Finem
1037 5412 1321 5487 loquendi
1352 5426 1562 5469 omnes
1583 5413 1932 5472 audiamus.
1978 5414 2167 5472 Deum

511 5504 674 5570 time,
709 5510 766 5563 et
793 5504 1081 5565 mandata
1109 5503 1240 5575 ejus
1274 5503 1547 5561 observa.
1579 5512 1644 5574 1}.
1668 5504 1878 5561 Amen.

2270 1788 2545 1859 Egypto,
2578 1792 2634 1843 et
2684 1784 2920 1841 venistis
2950 1784 3027 1841 ad
3090 1800 3255 1840 mare
3281 1801 3292 1840 :
3321 1784 3737 1857 persecutique
3775 1798 3924 1842 sunt

2269 1874 2522 1948 Egyptii
2551 1879 2747 1946 patres
2776 1878 3006 1929 vestros
3046 1889 3184 1928 cum
3215 1872 3488 1929 curribus
3524 1876 3583 1928 et
3622 1872 3920 1945 equitatu,

2270 1980 2460 2036 usque
2493 1963 2570 2018 ad
2601 1978 2764 2018 mare
2806 1961 3094 2017 Rubrum.
3129 1961 3548 2017 Clamaverunt
3590 1965 3792 2017 autem
3846 1961 3926 2017 ad

2272 2053 2591 2109 Dominum
2612 2050 2716 2106 ﬁlii
2739 2050 2946 2106 Israel:
2977 2051 3077 2123 qui
3101 2048 3301 2123 posuit
3319 2050 3596 2105 tenebras
3617 2050 3769 2105 inter
3789 2066 3926 2120 vos,

2272 2145 2327 2197 et
2346 2141 2670 2212 Egyptios,
2704 2145 2759 2195 et
2783 2138 3033 2195 adduxit
3064 2154 3242 2210 super
3271 2154 3372 2194 eos
3402 2153 3595 2209 mare,
3616 2144 3673 2194 et
3687 2140 3930 2211 operuit

2270 2229 2420 2286 illos.
2448 2228 2731 2284 Viderunt
2750 2227 2905 2283 oculi
2932 2228 3116 2284 nostri
3137 2231 3354 2283 cuncta
3381 2243 3519 2300 quas
3565 2227 3627 2282 in
3663 2231 3929 2301 Egypto

2271 2317 2423 2387 fecit,
2508 2322 2563 2373 et
2614 2316 2894 2373 habitasti
2969 2316 3029 2371 in
3104 2315 3421 2372 solitudine
3513 2315 3700 2372 multo
3771 2321 3927 2373 tem-

2271 2422 2415 2479 pore
2447 2426 2459 2465 :
2490 2412 2545 2462 et
2598 2404 2926 2461 introduxit
2976 2404 3035 2460 in
3100 2405 3533 2470 Amorrhaeum,
3596 2404 3703 2477 qui
3750 2404 3928 2461 habi-

2272 2493 2437 2550 tabat
2472 2497 2635 2549 trans
2656 2492 2996 2548 Jordanem.
3030 2493 3297 2564 Cumque
3342 2495 3681 2563 pugnarent
3711 2496 3929 2548 contra

2271 2597 2397 2650 vos,
2431 2581 2671 2638 tradidit
2714 2597 2816 2637 eos
2863 2581 2924 2635 in
2967 2595 3188 2636 manus
3229 2585 3476 2649 vestras,
3516 2587 3571 2636 et
3595 2579 3930 2651 possidetis

2273 2675 2515 2738 terram,
2558 2673 2736 2741 atque
2796 2668 3170 2725 interfecistis
3214 2667 3365 2724 illos.
3419 2668 3679 2725 Surrexit
3719 2673 3931 2726 autem

2276 2757 2449 2814 Balac
2527 2756 2684 2815 ﬁlius
2756 2757 2982 2828 Sephor
3049 2772 3150 2812 rex
3223 2756 3413 2823 Moab,
3497 2760 3554 2812 et
3628 2757 3933 2828 pugnavit

2278 2847 2451 2918 233
2486 2845 2859 2902 contraﬁlios
2886 2844 3082 2902 Israel.
3122 2844 3389 2917 Misitque
3434 2849 3492 2901 et
3539 2845 3785 2902 vocavit
3833 2848 3935 2902 Ba-

2274 2934 2433 2991 laam
2461 2933 2651 2990 ﬁlium
2676 2937 2837 2999 Beor,
2865 2937 2927 2989 ut
2952 2932 3335 2990 malediceret
3356 2934 3527 2991 vobis
3556 2954 3569 2992 :
3603 2938 3662 2991 et
3682 2949 3803 3004 ego
3834 2949 3936 2990 no-

2276 3023 2360 3078 lui
2374 3023 2577 3080 audire
2589 3038 2750 3088 eum,
2766 3022 2871 3078 sed
2883 3038 2914 3078 e
2928 3022 3225 3080 contrario
3238 3038 3343 3094 per
3355 3021 3521 3078 illum
3532 3022 3827 3079 benedixi
3840 3038 3934 3079 vo-

2276 3111 2706 3177 bis,etliberavi
2720 3127 2825 3168 vos
2841 3111 2913 3167 de
2930 3126 3107 3168 manu
3118 3112 3167 3182 ej
3178 3110 3930 3175 us.TransistisJordanem,

2276 3205 2333 3256 et
2345 3199 2586 3255 venistis
2601 3199 2669 3254 ad
2683 3199 2930 3258 Jericho.
2951 3202 3465 3272 Pugnaveruutque
3480 3204 3685 3256 contra
3698 3217 3815 3258 vos
3828 3201 3938 3257 viri

2277 3287 2520 3344 civitatis
2533 3287 2656 3358 ejus
2668 3286 3932 3359 Amorrhaaus,etPherezaeus,etChananaeus,

2276 3376 2638 3442 etHethseus,
2668 3381 2724 3434 et
2742 3375 3097 3448 Gergesaeus,
3125 3380 3181 3433 et
3200 3377 3465 3443 Hevaeus,
3491 3380 3550 3433 et
3565 3377 3890 3437 Jebusaeus
3917 3394 3931 3434 :

2277 3468 2333 3521 et
2363 3464 2577 3521 tradidi
2610 3463 2739 3520 illos
2766 3464 2826 3520 in
2852 3480 3070 3522 manus
3100 3470 3341 3522 vestras.
3364 3465 3629 3539 Misitque
3656 3472 3802 3523 ante
3828 3483 3935 3525 vos

2277 3552 2599 3609 crabrones
2629 3573 2641 3612 :
2676 3558 2733 3609 et
2753 3554 2898 3625 ejeci
2938 3569 3040 3610 eos
3070 3553 3144 3610 de
3174 3553 3319 3610 locis
3373 3553 3513 3620 suis,
3557 3554 3714 3611 duos
3762 3572 3932 3628 reges

2276 3641 2786 3709 Amorrhaeorum,
2818 3656 2941 3698 non
2964 3641 3166 3712 gladio
3197 3646 3253 3698 et
3282 3657 3425 3698 arcu
3464 3646 3591 3699 tuo.
3631 3643 3932 3720 Deditque

2275 3729 2446 3786 vobis
2469 3734 2706 3797 terram,
2740 3730 2801 3785 in
2826 3746 2948 3802 qua
2979 3745 3100 3785 non
3130 3729 3469 3795 laborastis,
3496 3736 3553 3786 et
3572 3733 3760 3787 urbes
3780 3748 3932 3804 quas

2276 3833 2401 3874 non
2420 3817 2778 3885 aediﬁcastis,
2810 3822 2874 3873 ut
2888 3817 3233 3874 habitaretis
3251 3818 3313 3873 in
3342 3817 3428 3873 eis
3461 3832 3474 3873 :
3504 3818 3718 3875 vineas
3750 3826 3811 3876 et
3834 3820 3934 3876 oli-

2275 3912 2428 3974 veta,
2469 3922 2605 3979 quae
2637 3922 2757 3962 non
2780 3906 3116 3978 plantastis.
3150 3908 3316 3962 Nunc
3346 3920 3488 3976 ergo
3505 3907 3713 3964 timete
3737 3908 3934 3964 Domi-

2276 4012 2439 4061 num,
2485 4000 2541 4052 et
2561 3997 2771 4052 servite
2800 3996 2852 4052 ei
2882 3995 3139 4067 perfecto
3163 3996 3343 4052 corde
3366 4000 3545 4067 atque
3564 3997 3888 4054 verissimo
3918 4014 3929 4052 :

2276 4090 2333 4142 et
2363 4084 2585 4141 auferte
2615 4086 2781 4149 deos,
2813 4085 3035 4158 quibus
3076 4084 3410 4141 servierunt
3438 4092 3639 4157 patres
3667 4088 3853 4143 vestri
3878 4086 3934 4141 in

2278 4175 2702 4246 Mesopotamia
2727 4180 2782 4229 et
2808 4175 2868 4229 in
2889 4173 3169 4247 JEgypto,
3194 4190 3263 4231 ac
3286 4174 3497 4231 servite
3520 4174 3807 4232 Domino.
3837 4176 3931 4233 Sin

2278 4268 2478 4319 autem
2508 4262 2737 4318 malum
2782 4263 2945 4319 vobis
2974 4263 3210 4320 videtur
3251 4269 3314 4319 ut
3354 4279 3477 4319 non
3528 4264 3809 4321 serviatis
3862 4265 3930 4330 ei,

2277 4351 2440 4423 optio
2459 4350 2628 4406 vobis
2641 4351 2817 4406 datur
2838 4372 2851 4408 :
2878 4351 3071 4421 eligite
3091 4351 3270 4409 hodie
3286 4352 3447 4424 quod
3462 4351 3681 4424 placet,
3700 4353 3798 4408 cui
3816 4368 3932 4407 ser-

2279 4440 2395 4496 vire
2408 4439 2791 4511 potissimum
2805 4440 3092 4507 debeatis,
3112 4444 3308 4496 utrum
3321 4440 3460 4509 diis,
3478 4440 3707 4512 quibus
3723 4442 3936 4497 servie-

2276 4532 2415 4585 runt
2438 4532 2636 4601 patres
2674 4528 2849 4583 vestri
2882 4527 2942 4583 in
2973 4529 3416 4600 Mesopotamia,
3459 4544 3537 4584 an
3572 4528 3693 4585 diis
3721 4535 3932 4585 Amor-

2276 4617 2598 4685 rhaaorum,
2629 4617 2690 4673 in
2716 4633 2974 4689 quorum
2994 4622 3147 4673 terra
3173 4616 3487 4673 habitatis:
3518 4632 3632 4687 ego
3656 4624 3862 4675 autem
3879 4625 3935 4674 et

2278 4704 2496 4761 domus
2524 4721 2659 4760 mea
2690 4704 3017 4760 serviemus
3044 4704 3317 4762 Domino.
3351 4707 3935 4779 Responderuntque

2276 4793 2502 4867 populi,
2532 4798 2589 4850 et
2616 4792 2891 4848 dixerunt
2922 4809 2933 4846 :
2968 4792 3135 4848 Absit
3166 4792 3392 4849 anobis
3423 4799 3485 4850 ut
3514 4793 3939 4867 relinquamus

2280 4882 2621 4940 Dominum.
2653 4887 2708 4938 et
2729 4882 3059 4937 serviamus
3081 4881 3195 4936 diis
3213 4881 3438 4937 alienis.
3461 4883 3755 4938 Dominus
3777 4886 3939 4938 Deus

2277 4976 2479 5026 noster
2502 4971 2627 5042 ipse
2659 4970 2861 5025 eduxit
2893 4986 3022 5034 nos,
3051 4974 3106 5025 et
3134 4975 3335 5040 patres
3369 4978 3629 5035 nostros,
3673 4972 3747 5026 de
3777 4976 3943 5026 terra

2277 5060 2531 5131 Aigypti,
2565 5058 2638 5112 de
2696 5060 2877 5113 domo
2928 5058 3218 5113 servitutis
3253 5057 3545 5129 :fecitque
3585 5058 3939 5115 videntibus

2275 5147 2449 5203 nobis
2482 5147 2655 5217 signa
2676 5147 2963 5215 ingentia,
2983 5152 3039 5201 et
3062 5146 3381 5201 custodivit
3406 5162 3515 5203 nos
3538 5147 3598 5201 in
3618 5148 3785 5203 omni
3817 5148 3934 5211 via,

2274 5252 2380 5309 per
2409 5252 2591 5308 quam
2622 5235 3083 5300 ambulavimus,
3106 5235 3246 5290 etin
3272 5230 3501 5290 cunctis
3527 5236 3799 5309 populis,
3832 5251 3940 5308 per

2272 5340 2425 5397 quos
2443 5324 2842 5380 transivimus.
2864 5326 2929 5379 Et
2945 5324 2993 5395 ej
3003 5323 3117 5379 ecit
3134 5324 3446 5380 universas
3463 5329 3695 5394 gentes,
3720 5326 3935 5380 Amor-

2272 5411 2502 5469 rhaeum
2532 5411 2930 5469 habitatorem
2969 5416 3158 5479 terrae,
3188 5428 3373 5484 quam
3403 5426 3514 5468 nos
3542 5410 3933 5469 intravimus.

2274 5501 2611 5559 Serviemus
2639 5500 2819 5573 igitur
2860 5500 3137 5569 Domino,
3171 5500 3319 5573 quia
3347 5504 3434 5558 est
3461 5500 3591 5571 ipse
3631 5500 3932 5558 Dominus
