4094 6164
248 276 350 335 409

1417 278 1765 336 DOMINICA
1805 277 1878 335 III
1921 278 2309 349 QUADBAGE
2323 285 2537 345 SIMJE.

3547 298 3650 354 HO

247 402 400 458 Deus
425 401 645 456 noster.
666 398 941 472 Dixitque
966 402 1144 460 Josue
1175 404 1250 460 ad
1274 405 1601 478 populum:
1638 407 1768 461 Non
1795 420 1898 477 po-
1927 405 1974 459 A
2011 409 2153 478 tera,
2187 410 2388 481 virtus,
2420 412 2727 485 sapientia,
2769 415 3040 486 placatus
3070 418 3150 475 da
3176 434 3436 476 veniam.
3466 418 3531 475 P.
3562 422 3645 478 Tu

247 491 428 548 teritis
463 487 678 544 servire
709 489 963 546 Domino
997 508 1008 546 :
1039 493 1325 549 Dominus
1357 495 1516 550 enim
1543 498 1806 564 sanctus,
1845 498 1902 550 et

246 578 410 635 fortis
430 582 486 633 et
503 576 806 632 aemulator
827 583 934 644 est,
956 583 1668 651 necignoscetsceleribus
1683 583 1898 638 nostris

245 673 419 739 atque
448 667 728 738 peccatis.
750 667 808 721 Si
840 668 1174 725 dimiseritis
1203 688 1312 743 pro
1343 671 1457 727 diis
1492 672 1717 741 alienis,
1759 687 1897 727 con-

243 761 420 812 vertet
444 772 528 820 se,
558 754 780 823 afﬂiget
827 772 932 811 vos
994 763 1172 830 atque
1232 761 1528 816 subvertet
1576 765 1897 832 postquam

239 844 411 900 vobis
435 844 774 915 praestiterit
797 844 982 903 dona.
1024 847 1298 919 Dixitque
1329 849 1588 921 populus
1617 866 1628 903 :
1673 852 1899 921 Nequa-

239 949 422 1005 quam
465 933 547 987 ita
577 937 643 987 ut
674 931 948 1004 loqueris,
972 935 1098 998 erit,
1126 936 1230 992 sed
1254 937 1508 993 Domino
1533 939 1887 993 serviemus.

237 1024 304 1077 Et
332 1022 513 1077 Josue
538 1019 619 1075 ad
645 1021 960 1092 populum,
986 1025 1201 1090 Testes,
1232 1025 1444 1098 inquit,
1465 1041 1573 1082 vos
1593 1026 1899 1098 estis,quia

232 1110 351 1181 ipsi
388 1108 563 1165 vobis
593 1107 885 1177 elegeritis
916 1111 1240 1167 Dominum
1271 1118 1335 1168 ut
1374 1114 1639 1170 serviatis
1670 1114 1739 1170 ei.
1761 1117 1898 1170 Res—

229 1197 727 1268 ponderuntque:
761 1196 980 1252 Testes.
1000 1201 1164 1255 Nunc
1189 1216 1354 1270 ergo,
1377 1203 1476 1268 ait,
1510 1201 1734 1258 auferte
1752 1202 1896 1258 deos

227 1285 464 1340 alienos
491 1285 570 1340 de
602 1284 802 1340 medio
831 1290 1116 1354 vestrum,
1150 1295 1205 1344 et
1247 1289 1530 1345 inclinate
1557 1291 1739 1346 corde:
1770 1306 1892 1346 ves-

225 1380 317 1430 tra
334 1374 414 1429 ad
443 1374 768 1428 Dominum
792 1375 978 1429 Deum
1015 1376 1212 1432 Israel.
1231 1378 1500 1450 Dixitque
1526 1379 1786 1450 populus
1817 1379 1893 1434 ad

227 1463 411 1518 Josue
437 1480 451 1516 :
477 1462 736 1517 Domino
765 1465 884 1517 Deo
915 1465 1238 1520 serviemus
1261 1466 1604 1522 obedientes
1626 1484 1890 1539 praecep-

222 1552 295 1606 tis
321 1552 479 1621 ejus.
513 1551 814 1605 Percussit
841 1551 1020 1622 igitur
1043 1554 1222 1609 Josue
1262 1555 1322 1609 in
1354 1555 1448 1610 die
1474 1555 1571 1610 illo
1596 1556 1810 1620 foedus,
1832 1561 1890 1612 et

221 1639 429 1711 posuit
461 1638 694 1710 populo
734 1646 1032 1712 praecepta
1059 1645 1235 1713 atque
1274 1642 1501 1713 judicia
1528 1644 1588 1698 in
1634 1644 1889 1700 Sichem.

226 1728 600 1800 Scripsitque
628 1728 834 1783 omnia
875 1729 1058 1785 verba
1105 1731 1234 1786 haec
1283 1731 1344 1786 in
1385 1731 1685 1788 volumine
1745 1733 1890 1803 legis
1928 1741 1970 1795 Β

223 1818 330 1872 Dei
361 1833 374 1870 :
402 1821 460 1871 et
491 1815 901 1887 tulitlapidem
915 1818 1229 1887 grandem,
1255 1821 1570 1891 posuitque
1593 1836 1730 1875 eum
1758 1820 1892 1875 sub-

223 1909 318 1960 ter
346 1918 819 1976 quercum,quaa
858 1905 1070 1959 eratin
1137 1908 1474 1962 sanctuario
1531 1907 1762 1963 Domini
1799 1912 1893 1964 :et

219 1992 374 2047 dixit
409 1991 486 2047 ad
528 2007 771 2047 omnem
789 1992 1080 2064 populum
1117 1996 1227 2049 :En
1260 1994 1413 2067 lapis
1446 1997 1556 2051 iste
1587 1997 1693 2051 erit
1720 1996 1891 2052 vobis

219 2081 283 2136 in
317 2080 761 2150 testimonium,
793 2081 960 2152 quod
991 2082 1293 2138 audieritis
1323 2086 1530 2140 omnia
1579 2087 1759 2140 verba
1783 2086 1886 2140 Do-

214 2169 384 2233 mini,
431 2185 574 2241 quae
607 2168 843 2224 locutus
871 2175 956 2225 est
982 2170 1154 2226 vobis
1187 2189 1201 2227 :
1235 2187 1309 2226 ne
1339 2172 1485 2227 forte
1537 2177 1750 2245 postea
1792 2189 1890 2228 ne-

213 2273 358 2327 gare
390 2258 620 2325 velitis,
649 2262 704 2312 et
738 2259 971 2313 mentiri
993 2259 1246 2315 Domino
1271 2263 1387 2316 Deo
1407 2265 1620 2317 vestro.
1647 2261 1891 2317 Dimisit-

213 2362 330 2418 que
349 2344 679 2418 populum,
698 2345 963 2414 singulos
977 2346 1038 2402 in
1055 2347 1461 2418 possessiones
1478 2365 1636 2404 suas.
1657 2349 1725 2404 Et
1758 2355 1893 2421 post

214 2437 340 2492 haec
369 2442 656 2490 mortuus
695 2440 782 2490 est
808 2434 989 2492 Josue
1048 2435 1208 2491 ﬁlius
1260 2440 1391 2492 Nun
1437 2453 1642 2494 servus
1695 2439 1892 2494 Domi-

212 2525 289 2589 ni,
309 2529 565 2579 centum
621 2528 676 2579 et
729 2523 936 2578 decem
1006 2539 1347 2579 annorum:
1404 2525 1887 2598 Sepelieruntque

216 2628 352 2668 eum
375 2613 440 2667 in
463 2610 694 2666 ﬁnibus
707 2611 1111 2682 possessionis
1135 2628 1256 2667 suae
1274 2613 1335 2666 in
1365 2613 1735 2677 Thamaiath,
1751 2629 1885 2684 quae

215 2700 506 2757 sitaestin
535 2709 740 2755 monte
763 2700 1063 2771 Ephraim,
1093 2700 1169 2754 ad
1202 2699 1726 2772 septentrionalem
1752 2717 1885 2773 par-

217 2794 333 2845 tem
362 2788 593 2844 montis
608 2787 786 2842 Gaas.
824 2788 1191 2859 Servivitque
1225 2789 1398 2844 Israel
1425 2788 1678 2844 Domino
1709 2804 1882 2846 cunc-

216 2878 286 2932 tis
303 2877 527 2932 diebus
559 2875 761 2930 Josue.
799 2886 867 2944 ne.
889 2881 1100 2931 Amen.

282 2963 706 3033 Antiphonal.
729 2965 888 3018 State
903 2978 1082 3034 super
1129 2963 1276 3029 vias,
1311 2968 1366 3018 et
1388 2961 1603 3032 videte,
1628 2967 1684 3018 et
1710 2963 1882 3019 inter-

213 3053 654 3124 rogateitinera
684 3052 922 3107 Domini
951 3057 1196 3122 aeterna,
1227 3056 1283 3108 et
1310 3051 1503 3108 videte
1527 3068 1663 3124 quae
1686 3053 1758 3108 sit
1784 3054 1883 3110 via
1911 3079 1953 3136 ρ

217 3144 401 3209 bona,
435 3147 496 3198 et
525 3139 834 3196 ambulate
875 3141 934 3195 in
975 3157 1045 3196 ea
1084 3157 1096 3195 ε
1140 3145 1194 3196 et
1223 3140 1531 3196 invenietis
1554 3141 1880 3198 sanctiﬁca-

220 3234 442 3288 tionem
463 3227 787 3284 animabus
805 3229 1036 3285 vestris.
1064 3228 1127 3288 γ.
1149 3229 1357 3285 Audite
1371 3229 1498 3285 haec
1516 3245 1724 3285 omnes
1743 3245 1882 3299 gen-

219 3325 301 3376 tes
331 3337 343 3374 :
381 3318 639 3374 auribus
678 3317 978 3390 percipite,
1012 3317 1116 3389 qui
1145 3317 1419 3374 habitatis
1470 3317 1698 3373 orbem.
1729 3320 1883 3375 Psal-

220 3425 348 3464 mus
377 3423 583 3463 XLVIII.

288 3497 525 3553 Oratio.
565 3494 1096 3551 Audiantsimulte
1128 3495 1377 3551 Domine
1407 3509 1618 3550 omnes
1643 3499 1878 3566 gentes;

220 3585 452 3641 etdives
466 3599 539 3639 ac
565 3598 798 3655 pauper
809 3599 1016 3639 aurem
1029 3583 1135 3640 tibi
1159 3583 1356 3640 cordis
1377 3583 1839 3640 accommodent
1865 3601 1878 3637 :

218 3673 424 3746 ibique
455 3672 734 3728 omnium
765 3670 841 3726 ad
866 3671 1048 3728 fidem
1074 3677 1445 3744 praeparetur
1479 3671 1728 3737 auditio,
1759 3688 1882 3744 quo

224 3760 528 3818 salvandis
563 3760 924 3831 promittitur
952 3759 1154 3829 gratim
1197 3759 1524 3832 plenitudo.
1548 3771 1608 3829 ne.
1671 3765 1876 3816 Amen.

291 3850 396 3905 Per
418 3848 900 3904 misericordiam
950 3853 1137 3906 tuam.

289 3938 650 4008 Antiphona
692 3940 744 3992 2.
774 3937 953 3993 Nobis
997 3937 1301 3993 adhaerere
1335 3941 1454 3993 Deo
1489 3938 1708 3993 bonum
1735 3943 1820 3994 est
1861 3958 1873 3996 :

220 4042 446 4098 ponere
477 4028 536 4082 in
556 4027 809 4081 Domino
843 4041 1012 4098 spem
1062 4032 1352 4082 nostram.
1396 4026 1666 4081 Psalmus
1706 4043 1875 4082 Lxxn.

296 4115 522 4170 Oratio.
540 4115 718 4171 Nobis
735 4113 1045 4170 adhzerere
1065 4114 1167 4170 tibi
1206 4113 1479 4180 Domino,
1501 4113 1729 4169 bonum
1743 4120 1831 4170 est
1861 4133 1873 4170 :

226 4202 340 4257 sed
358 4207 422 4257 tu
447 4203 801 4260 desiderium
833 4203 974 4259 boni
1007 4204 1090 4259 sic
1128 4204 1188 4258 in
1217 4202 1393 4258 nobis
1422 4203 1771 4266 accumula;
1815 4207 1879 4259 ut

218 4305 386 4362 spes,
419 4305 551 4361 quae
580 4307 692 4348 nos
727 4291 828 4348 tibi
856 4291 1132 4357 associat,
1172 4290 1336 4346 nulla
1359 4290 1496 4346 ﬁdei
1529 4291 1876 4348 titubatione

214 4380 493 4441 vacillet:
529 4382 633 4439 sed
673 4382 977 4439 charitatis
1002 4381 1312 4438 stabilitate
1342 4381 1641 4453 perduret.
1668 4393 1728 4442 Ριι.

216 4474 433 4525 Amen.

290 4559 404 4613 Per
434 4556 908 4613 misericordiam
945 4564 1131 4613 tuam.

286 4647 646 4715 Antz'phona
672 4651 723 4703 3.
752 4649 1040 4702 Memento
1071 4646 1546 4715 congregationis
1572 4650 1706 4710 tuae,
1768 4648 1876 4702 Do-

211 4737 401 4801 mine,
431 4751 620 4806 quam
653 4736 866 4792 creasti
906 4735 983 4791 ab
1026 4735 1217 4793 initio.
1264 4736 1530 4791 Psalmus
1572 4751 1767 4790 LXXIII.

285 4835 357 4892 ﬁ.
400 4825 724 4890 Miserator,
788 4828 843 4879 et
881 4823 1218 4879 misericors
1284 4824 1578 4879 Dominus.
1635 4824 1698 4878 P.
1760 4823 1874 4880 Pa-

210 4913 467 4976 tiens,et
483 4910 742 4967 multum
771 4910 1128 4977 misericors,
1153 4917 1210 4966 et
1251 4910 1606 4966 obliviscens
1637 4916 1874 4981 peccata

206 4999 536 5055 hominum
569 5016 582 5054 :
619 5014 741 5055 non
768 4999 1017 5069 posuisti
1066 4999 1473 5070 paenitentiam
1505 4999 1705 5053 electis
1735 5002 1868 5054 tuis.

207 5087 265 5147 ῒ.
299 5090 451 5144 Ecce
472 5087 789 5159 sequimur
819 5088 877 5141 in
906 5091 1025 5142 toto
1058 5086 1234 5143 corde
1248 5091 1450 5142 nostro
1482 5106 1493 5144 :
1521 5091 1573 5141 et
1594 5086 1871 5142 timemus

202 5180 282 5244 te,
317 5183 374 5234 et
413 5175 750 5250 querimus
775 5175 988 5232 faciem
1037 5182 1222 5243 tuam,
1267 5190 1341 5230 ne
1364 5174 1699 5231 confundas
1743 5191 1872 5231 nos.

198 5265 287 5323 P.
320 5267 581 5336 Patiens,
610 5268 666 5320 et
686 5263 964 5322 multum.
994 5263 1062 5325 ἡ.
1102 5263 1319 5332 Gloria,
1364 5268 1420 5320 et
1445 5263 1661 5320 honor.
1699 5265 1880 5322 Reite‘

196 5359 378 5411 retur
410 5365 476 5424 ἢ.

271 5441 507 5500 Preces.
523 5440 946 5497 Paenitentiam
964 5445 1204 5512 agimus
1225 5456 1331 5513 pro
1346 5440 1522 5497 malis
1535 5440 1776 5497 nostris.
1804 5443 1866 5495 P.

191 5533 284 5588 Tu
315 5531 572 5598 Christe,
603 5529 887 5588 miserere
917 5547 928 5584 :
961 5529 1362 5604 peccavimus.
1390 5529 1449 5591 ἵ.
1510 5530 1693 5588 Patris
1734 5529 1874 5585 dex-

2011 495 2248 567 Christe,
2286 500 2589 560 miserere.
2619 501 2680 560 )7.
2716 503 2974 559 Gemitus
3006 505 3181 577 234
3241 508 3512 564 omnium
3563 513 3646 566 at-

2009 584 2201 648 tende,
2226 586 2491 644 Domine:
2517 605 2652 661 quae
2674 591 2930 662 petimus
2953 593 3158 648 tribue.
3188 594 3250 649 P.
3279 595 3364 650 Tu
3399 596 3644 660 Christe,

2008 672 2305 730 miserere.
2330 677 2389 735 V.
2416 680 2530 733 Nos
2556 679 2954 750 peccavimus,
3013 697 3123 736 nos
3152 681 3352 753 inique
3392 685 3642 753 egimus,

2007 775 2116 815 nos
2145 762 2325 834 impie
2373 768 2689 836 gessimus.
2723 771 2801 824 P.
2831 772 2913 824 Tu
2971 769 3210 834 Christe,
3270 770 3569 826 miserere.
3600 771 3643 830 V

2007 849 2214 914 Vitam,
2248 857 2303 907 et
2331 855 2551 910 veniam
2585 856 2746 912 dona
2796 858 3088 929 propitius
3127 861 3222 914 :et
3245 873 3421 930 parce
3452 859 3641 930 poeni-

2006 938 2289 996 tentibus.
2311 943 2394 999 P.
2433 946 2516 998 Tu
2543 943 2784 1008 Christe,
2809 946 3097 1001 Miserere.

2073 1028 2364 1097 Hymnus.
2389 1033 2431 1086 0
2462 1035 2774 1100 Nazarene,
2803 1033 2922 1089 lux.
2972 1035 3228 1105 Requz‘re
3243 1036 3354 1104 fol.
3380 1051 3570 1092 cxuv.

2076 1115 2299 1171 Oratio.
2350 1121 2634 1175 Memento
2666 1122 3140 1192 congregationis
3199 1126 3318 1177 tuae
3368 1124 3638 1190 Domine,

2005 1217 2182 1272 quam
2204 1205 2413 1260 creasti
2431 1205 2507 1261 ab
2524 1207 2686 1262 initio
2718 1224 2730 1263 :
2757 1213 2818 1263 tu
2838 1209 3106 1277 Domine,
3131 1208 3232 1280 qui
3255 1224 3376 1264 non
3398 1209 3639 1264 oblivis-

2003 1290 2151 1344 caris
2183 1291 2471 1358 Ecclesiae,
2527 1310 2709 1364 quam
2737 1311 2773 1350 a
2837 1296 3053 1351 saeculo
3098 1296 3532 1366 praadestinasti
3583 1297 3643 1352 in

2002 1377 2231 1432 Christo
2266 1394 2276 1433 :
2311 1383 2483 1450 atque
2505 1382 2582 1435 ad
2609 1387 3026 1438 testamentum
3049 1388 3238 1452 tuum,
3266 1400 3495 1440 memor
3525 1393 3642 1440 tua)

2000 1467 2440 1533 misericordiae,
2465 1471 2691 1540 respice
2719 1488 2730 1525 :
2761 1475 2815 1527 et
2843 1472 3140 1542 promissa
3161 1487 3272 1527 nos
3322 1473 3544 1542 jugiter
3579 1473 3644 1527 li~

1997 1553 2222 1610 bertate
2245 1557 2652 1628 complectere.

2073 1642 2244 1699 Pater
2259 1651 2479 1700 noster.

2637 1736 2734 1790 Ad
2747 1735 3001 1791 Sextum.

2139 1818 2333 1872 Lectio
2355 1819 2501 1874 libri
2526 1821 2794 1877 Danietis
2846 1822 3148 1892 Propheta
3177 1822 3337 1893 (Cap.
3374 1825 3488 1894 Ill).

2071 1916 2134 1975 Br.
2172 1907 2286 1960 Deo
2309 1906 2549 1975 gratias.

2071 1992 2412 2048 Benedictus
2437 2011 2500 2049 es
2523 1996 2768 2053 Domine
2801 1998 2953 2052 Deus
2979 2005 3207 2069 patrum
3221 2001 3643 2064 nostrorum,et

1997 2079 2316 2147 laudabile,
2341 2086 2395 2138 et
2425 2083 2747 2152 gloriosum
2795 2101 3016 2141 nomen
3069 2091 3240 2142 tuum
3282 2086 3341 2140 in
3387 2086 3640 2141 saecula:

1997 2169 2143 2240 quia
2153 2170 2351 2241 justus
2368 2187 2429 2225 es
2449 2172 2510 2226 in
2523 2172 2805 2228 omnibus
2827 2189 2961 2245 qum
3001 2173 3185 2229 fecisti
3211 2173 3403 2239 nobis,
3437 2179 3492 2229 et
3515 2173 3644 2229 uni-

2004 2274 2171 2316 versa
2199 2275 2382 2331 opera
2408 2264 2509 2316 tua
2534 2277 2695 2331 vera,
2723 2267 2780 2318 et
2808 2263 2914 2317 viae
2939 2269 3054 2318 tuae
3098 2267 3290 2328 rectas,
3351 2269 3407 2318 et
3437 2263 3642 2320 omnia

1995 2347 2225 2418 Judicia
2244 2351 2346 2405 tua
2361 2365 2525 2406 vera.
2559 2351 2586 2404 J
2597 2350 2791 2406 udicia
2807 2350 2967 2407 enim
2996 2367 3136 2408 vera
3147 2351 3332 2408 fecisti
3340 2353 3510 2422 juxta
3526 2368 3641 2407 om-

1998 2437 2101 2492 nia
2129 2454 2263 2509 quae
2302 2438 2588 2494 induxisti
2638 2455 2816 2510 super
2855 2455 2966 2495 nos
3008 2444 3065 2497 et
3112 2456 3290 2512 super
3341 2440 3640 2496 civitatem

1999 2530 2272 2579 sanctam
2289 2530 2524 2596 patrum
2539 2530 2880 2582 nostrorum
2897 2527 3279 2584 Hierusalem:
3313 2529 3456 2599 quia
3469 2528 3530 2583 in
3541 2544 3643 2583 ve-

1993 2611 2181 2677 ritate,
2215 2616 2271 2666 et
2293 2611 2520 2680 judicio
2540 2613 2827 2667 induxisti
2855 2616 3059 2670 omnia
3077 2616 3206 2669 haec
3237 2622 3480 2686 pr0pter
3496 2631 3638 2687 pec-

1993 2703 2125 2755 cata
2139 2707 2364 2755 nostra.
2386 2701 2767 2756 Peccavimus
2787 2700 2967 2765 enim,
2989 2706 3043 2756 et
3062 2702 3264 2772 inique
3289 2703 3518 2770 egimus
3547 2720 3639 2758 re-

1991 2787 2266 2843 cedentes
2295 2803 2331 2842 a
2362 2792 2415 2842 te
2442 2805 2454 2842 :
2489 2792 2545 2843 et
2564 2787 2925 2859 deliquimus
2953 2788 3015 2842 in
3045 2787 3331 2843 omnibus
3364 2805 3376 2842 :
3411 2794 3467 2843 et
3491 2805 3638 2859 prm-

1991 2879 2161 2947 cepta
2177 2881 2278 2930 tua
2296 2891 2415 2930 non
2432 2875 2789 2940 audivimus,
2813 2876 3214 2944 nec'fecimus,
3250 2876 3401 2931 sicut
3422 2891 3639 2947 praece-

1990 2979 2166 3036 peras
2197 2963 2372 3019 nobis
2399 2967 2463 3020 ut
2481 2964 2634 3020 bene
2654 2964 2830 3020 nobis
2857 2968 3014 3020 esset
3043 2982 3060 3017 ι
3093 2965 3297 3021 omnia
3326 2980 3637 3037 ergo,qute

1992 3052 2275 3108 induxisti
2302 3068 2627 3124 supernos,
2653 3058 2710 3109 et
2740 3054 3036 3124 universa,
3069 3069 3205 3126 quae
3235 3053 3420 3110 fecisti
3440 3053 3636 3119 nobis,

1991 3141 2050 3196 in
2080 3156 2220 3197 vero
2233 3141 2460 3211 judicio
2481 3142 2662 3197 fecisti
2689 3161 2706 3195 :
2733 3147 2787 3198 et
2808 3142 3096 3198 tradidisti
3113 3159 3224 3198 nos
3247 3143 3307 3198 in
3332 3158 3513 3198 manu
3534 3142 3639 3198 ini-

1993 3230 2274 3285 micorum
2301 3230 2665 3302 iniquorum,
2709 3235 2766 3286 et
2830 3231 3253 3302 pessimorum,
3284 3230 3638 3300 praevarica-

1992 3323 2328 3390 torumque,
2362 3324 2418 3373 et
2441 3319 2563 3386 regi
2588 3319 2826 3388 injusto,
2849 3322 2904 3372 et
2929 3319 3189 3388 pessimo
3213 3322 3366 3372 ultra
3394 3332 3636 3372 omnem

1991 3412 2228 3463 terram.
2254 3410 2318 3462 Et
2347 3421 2508 3461 nunc
2537 3421 2659 3461 non
2689 3421 3015 3476 possumus
3047 3405 3274 3475 aperire
3297 3419 3363 3458 os
3389 3421 3401 3458 :
3436 3405 3638 3459 confu-

1993 3495 2079 3550 sio
2092 3499 2148 3550 et
2168 3494 2559 3566 obprobrium
2591 3493 2729 3549 facti
2760 3508 2968 3547 sumus
2989 3491 3174 3547 servis
3193 3490 3327 3558 tuis,
3349 3496 3402 3546 et
3422 3491 3514 3546 his
3531 3492 3635 3563 qui

1992 3584 2266 3640 colebant
2281 3579 3045 3653 te.Ne,qumsumus,tradas
3071 3595 3182 3635 nos
3195 3579 3254 3634 in
3275 3583 3633 3650 perpetuum

1989 3676 2232 3744 propter
2252 3687 2472 3727 nomen
2505 3677 2695 3739 tuum,
2724 3675 2779 3726 et
2830 3685 2904 3724 ne
2936 3670 3187 3741 dissipes
3215 3673 3636 3725 testamentum

1990 3765 2159 3816 tuum
2192 3778 2204 3816 :
2230 3775 2418 3831 neque
2443 3759 2679 3815 auferas
2700 3758 3161 3814 misericordiam
3208 3761 3376 3812 tuam
3399 3772 3435 3812 a
3462 3757 3637 3812 nobis

1988 3853 2231 3922 propter
2260 3848 2567 3903 Abraham
2593 3847 2873 3904 dilectum
2907 3851 3094 3908 tuum,
3127 3849 3364 3902 etlsaac
3396 3860 3638 3901 servum

1990 3947 2179 4003 tuum,
2213 3942 2268 3992 et
2305 3937 2485 3993 Israel
2507 3941 2780 3991 sanctum
2810 3940 2980 3991 tuum
3011 3952 3021 3989 :
3055 3935 3275 4006 quibus
3307 3935 3544 3991 locutus
3572 3949 3634 3988 es

1986 4027 2271 4099 pollicens
2304 4025 2468 4097 quod
2493 4025 2920 4096 multiplicares
2977 4039 3179 4079 semen
3232 4039 3438 4079 eorum
3487 4023 3638 4078 sicut

1988 4114 2184 4171 stellas
2210 4114 2354 4179 caeli,
2381 4119 2435 4170 et
2462 4115 2612 4169 sicut
2631 4129 2878 4170 arenam
2909 4129 3044 4184 quae
3074 4117 3162 4167 est
3189 4113 3248 4167 in
3277 4112 3466 4167 littore
3513 4126 3638 4166 ma-

1985 4204 2064 4260 ris
2085 4221 2098 4258 :
2118 4203 2260 4275 quia
2276 4203 2521 4258 Domine
2548 4203 3068 4257 imminutisumus
3092 4201 3409 4273 plusquam
3436 4215 3638 4256 omnes

1986 4297 2208 4363 gentes,
2243 4307 2570 4362 sumusque
2600 4291 2853 4346 humiles
2874 4291 2936 4345 in
2966 4290 3244 4346 universa
3279 4295 3430 4344 terra
3457 4289 3636 4344 hodie

1907 4423 1951 4476 D
1985 4386 2214 4453 propter
2227 4384 2464 4451 peccata
2476 4384 2697 4436 nostra.
2709 4382 2905 4434 Etnon
2919 4380 3079 4434 estin
3091 4379 3204 4434 hoc
3220 4383 3471 4450 tempore
3486 4378 3635 4448 prin-

1987 4485 2144 4541 ceps,
2177 4484 2371 4540 neque
2394 4469 2702 4540 propheta,
2737 4473 2793 4522 et
2818 4467 2960 4534 dux,
2982 4483 3176 4539 neque
3202 4467 3632 4531 holocaustum,

1985 4574 2179 4629 neque
2211 4556 2588 4620 sacriﬁcium,
2611 4571 2802 4627 neque
2820 4555 3061 4620 oblatio,
3083 4571 3277 4626 neque
3300 4555 3628 4617 incensum,

1986 4662 2180 4718 neque
2205 4646 2372 4700 locus
2403 4645 2797 4715 primitiarum
2846 4660 3049 4699 coram
3103 4649 3175 4708 te,
3209 4647 3272 4697 ut
3331 4640 3634 4712 possimus

1989 4735 2253 4790 invenire
2281 4731 2749 4788 misericordiam
2782 4747 2793 4784 :
2825 4731 2928 4786 sed
2952 4732 3009 4786 in
3063 4730 3268 4786 anima
3293 4728 3554 4793 contrita,
3580 4736 3635 4783 et

1987 4823 2194 4895 spiritu
2220 4820 2574 4877 humilitatis
2606 4820 3019 4890 suscipiamur.
3056 4819 3216 4875 Sicut
3237 4818 3296 4872 in
3315 4815 3633 4873 holocaus-

1987 4916 2045 4967 to
2072 4910 2352 4975 arietum,
2378 4914 2782 4972 ettaurorum,
2816 4921 2872 4963 et
2899 4908 3044 4962 sicut
3067 4907 3126 4961 in
3155 4905 3421 4962 millibus
3450 4923 3634 4977 agno-

1987 5016 2122 5055 rum
2148 4999 2459 5071 pinguium
2503 5016 2514 5052 :
2569 4998 2648 5051 sic
2697 4998 2800 5052 fiat
2845 4996 3202 5051 sacrificium
3259 5004 3536 5053 nostrum
3570 4999 3631 5053 in

1989 5092 2313 5159 conspectu
2347 5093 2444 5140 tuo
2466 5085 2664 5152 hodie,
2689 5084 2997 5155 utplaceat
3022 5083 3150 5152 tibi,
3179 5090 3233 5141 et
3256 5087 3472 5158 perfice
3493 5085 3629 5140 sub-

1989 5179 2302 5247 sequentes
2324 5179 2396 5241 te,
2438 5173 2721 5244 quoniam
2754 5189 2874 5228 non
2907 5179 2996 5230 est
3025 5175 3300 5232 confusio
3332 5172 3630 5230 conﬁden-

1987 5262 2143 5318 tibus
2167 5261 2226 5316 in
2244 5265 2319 5317 te.
2344 5263 2409 5315 Et
2433 5275 2590 5314 nunc
2610 5260 2915 5331 sequimur
2941 5265 2994 5318 te
3023 5262 3084 5318 in
3111 5267 3230 5319 toto
3258 5261 3456 5321 corde,
3480 5261 3534 5311 et
3561 5257 3625 5310 ti-

1986 5365 2220 5406 memus
2249 5353 2322 5416 te,
2355 5347 2674 5420 quaerimus
2701 5347 2914 5407 faciem
2963 5354 3148 5408 tuam.
3183 5351 3262 5404 Ne
3294 5342 3628 5402 confundas

1985 5455 2116 5497 nos.
2146 5450 2209 5509 ﬂ.
2265 5437 2470 5492 Amen.

2055 5526 2404 5597 Antiphona
2431 5529 2478 5582 1.
2508 5526 2930 5585 Conﬁtebimur
2959 5522 3061 5580 tibi
3090 5522 3246 5577 Deus
3281 5540 3294 5576 :
3328 5517 3630 5578 confitebi-
