4094 6164
438 289 540 350 li!

1685 264 2143 335 BBEYIARIUM
2182 263 2572 326 GOTHIGUM.

3730 262 3842 323 ιω

447 427 586 473 mur
608 411 714 470 tibi
740 412 797 468 et
826 407 1244 467 invocabimus
1286 417 1510 464 nomen
1561 405 1753 470 tuum,
1811 395 2079 456 Domine.
2107 391 2156 451 Α
2194 394 2316 452 tere
2331 391 2709 453 adversarios
2753 394 3018 458 nostros,
3047 385 3158 460 qui
3185 399 3299 445 nos
3322 399 3362 444 a
3390 387 3496 444 tuo
3538 395 3845 458 precepts)

446 504 734 562 Psatmus
768 515 960 558 Lmv.

514 591 738 648 Oratio.
770 586 1124 644 Conﬁtentes
1144 583 1250 640 tibi
1281 581 1528 638 Domine
1562 576 1878 652 placabilis
1895 574 2084 631 intue-

444 695 508 738 re
539 683 633 735 :et
649 692 793 748 quos
813 674 1092 731 contritos
1143 671 1322 728 efﬁcit
1341 671 1517 725 timor
1563 681 1756 738 poenis
1792 680 1804 719 :
1831 667 1888 719 et
1916 674 2086 718 amor

443 765 821 836 indulgentias
860 761 1131 827 laetiﬁcat,
1158 765 1215 817 et
1241 757 1550 832 plenitudo
1604 751 1973 812 remissionis
1999 749 2084 806 in-

448 855 666 927 deptae.
704 864 770 924 ne.
792 852 1001 907 Amen.

515 947 621 999 Per
643 938 1117 997 misericordiam
1135 941 1324 1003 tuam,
1347 937 1525 1001 Deus,
1583 935 1694 989 etc.

511 1029 867 1098 Antiphone
894 1031 947 1081 2.
974 1025 1180 1082 Salvos
1232 1024 1326 1082 fac
1370 1021 1639 1086 Domine,
1667 1018 1900 1092 quietos
1921 1019 2088 1074 terras

443 1119 556 1174 Psa
564 1120 714 1172 imus
742 1131 915 1176 Lxxv.

517 1204 749 1261 Oratio.
783 1202 908 1258 Tibi
940 1201 1190 1258 Domino
1244 1200 1401 1257 Patri
1461 1197 1737 1268 cogitatio
1779 1194 2092 1251 conﬁtetur

445 1290 740 1362 Unigeniti
755 1291 838 1346 tui
871 1307 882 1344 :
913 1290 1061 1345 dum
1080 1289 1248 1360 quod
1266 1288 1457 1343 Adam
1469 1301 1573 1358 per
1594 1283 1936 1355 superbiam
1963 1297 2092 1353 per-

444 1379 595 1436 didit
625 1397 638 1433 :
667 1379 848 1448 hujus
895 1377 972 1432 ad
1012 1380 1066 1432 te
1104 1376 1445 1431 humanitas
1497 1372 1827 1428 humilitate
1866 1369 2092 1425 reducit

444 1466 831 1523 obedientiae:
869 1467 1024 1533 Ergo
1052 1469 1259 1519 nostra
1289 1462 1459 1518 stude
1499 1465 1739 1532 pectora
1777 1472 2087 1524 exercere;

445 1569 564 1625 quo
584 1551 858 1608 exercitio
883 1552 1031 1608 festa
1059 1551 1169 1607 tibi
1205 1551 1334 1606 haec
1371 1549 1738 1606 celebremus
1777 1546 2086 1602 solemnia.

444 1654 509 1714 Βι.
535 1647 749 1697 Amen.

513 1731 619 1784 Per
638 1726 1132 1783 misericordiam.

515 1817 861 1886 Antiphona
875 1819 926 1872 3.
958 1815 1100 1880 Quis
1123 1815 1277 1870 Deus
1301 1828 1582 1882 magnus,
1612 1812 1764 1868 sicut
1783 1813 1938 1866 Deus
1956 1824 2094 1864 nos-

444 1909 531 1962 ter
553 1907 580 1960 ?
600 1908 664 1960 tu
693 1919 755 1959 es
771 1906 929 1960 Deus
957 1903 1066 1975 qui
1095 1902 1244 1959 facis
1264 1901 1564 1959 mirabilia
1582 1900 1764 1957 solus.
1825 1899 2094 1954 Psalmus

444 2007 549 2050 ιιι
554 2007 610 2046 VI
618 2032 630 2045 .

516 2091 580 2149 ﬁ.
613 2078 910 2149 Propitius
937 2081 1063 2133 esto
1091 2076 1504 2150 iniquitatibus
1555 2075 1795 2141 nostris,
1825 2073 2094 2141 Domine,

443 2171 503 2224 et
531 2181 680 2222 sane.
703 2181 915 2222 omnes
935 2166 1254 2237 languores
1276 2171 1519 2221 nostros
1543 2185 1554 2222 :
1574 2165 1642 2219 P.
1683 2167 1749 2218 Et
1766 2162 1989 2224 redime
2023 2160 2098 2215 de

445 2255 685 2312 interitu
714 2254 948 2309 animas
987 2257 1246 2309 nostras.
1266 2253 1329 2313 ἡ.
1354 2256 1483 2308 Non
1499 2251 1831 2308 secundum
1854 2253 2098 2321 peccata

446 2346 658 2400 nostra
678 2341 866 2398 facias
891 2341 1066 2396 nobis
1095 2358 1107 2392 :
1138 2356 1339 2412 neque
1394 2339 1733 2395 secundum
1757 2337 2098 2410 iniquitates

444 2435 675 2487 nostras
726 2429 1015 2486 retribuas
1062 2429 1257 2484 nobis.
1287 2429 1331 2484 P
1380 2431 1445 2484 Et
1474 2428 1717 2484 redime.
1765 2427 1828 2488 il.
1878 2425 2096 2494 Gloria,

446 2524 506 2576 et
531 2519 726 2574 honor
776 2519 948 2574 Patri.
1009 2517 1340 2573 Reiteretur
1364 2529 1430 2585 BI.

518 2608 737 2663 Preces.
793 2608 978 2660 Verus
1024 2605 1180 2658 Deus
1245 2604 1603 2659 misericors.
1637 2603 1698 2660 P.
1731 2601 2098 2672 Supplicanti

443 2693 692 2766 populo,
714 2692 956 2759 Christe,
983 2691 1279 2746 miserere.
1311 2690 1373 2751 ἵ.
1392 2693 1485 2756 Te,
1506 2692 1696 2753 Pater,
1726 2704 2094 2760 quaesumus,

443 2778 682 2835 ﬂetibus
711 2778 1070 2845 invocamus,
1096 2776 1314 2833 adsiste
1333 2792 1596 2832 oramus.
1616 2777 1678 2831 P.
1706 2775 2095 2846 Supplicanti.

443 2867 506 2928 ππ.
539 2865 788 2933 Exaudi,
846 2863 1119 2929 Domine,
1167 2863 1701 2934 placare:intende
1729 2863 2006 2932 clemens,
2040 2867 2098 2920 et

442 2955 575 3027 pius
603 2952 867 3023 indulge.
905 2953 969 3007 P.
1002 2951 1394 3022 Supplicanti.
1434 2952 1495 3012 il.
1518 2954 1869 3007 Cunctorum
1903 2950 2096 3006 cordi-

2192 479 2413 538 dolosis
2445 480 2968 553 promissionibus,
2996 481 3053 535 et
3081 475 3298 548 apertis
3314 473 3644 530 terroribus
3682 489 3848 534 aver-

2192 572 2310 625 tere
2340 569 2699 630 moliuntur:
2729 571 2790 626 in
2816 567 2979 624 nullo
3012 565 3171 622 enim
3189 563 3506 635 proﬁcient
3519 577 3730 620 eorum
3762 564 3850 620 in-

2193 657 2382 726 sidiae,
2410 659 2458 714 si
2496 664 2593 716 tuo
2624 658 2968 718 muniamur
3014 667 3250 725 semper
3281 651 3583 724 adiutorio
3607 652 3843 726 gratiae.

2195 756 2258 818 ῆι.
2291 751 2498 804 Amen.

2263 835 2373 891 Per
2402 835 2872 893 misericordiam
2915 837 3108 890 tuam.

2263 924 2611 993 Antiphona
2642 929 2692 982 ί.
2723 923 3008 981 Inclinato
3054 934 3264 978 aurem
3291 923 3551 976 vestram
3575 918 3640 976 in
3664 919 3856 978 verbo

2194 1011 2315 1068 oris
2330 1013 2466 1070 mei.
2485 1013 2703 1084 Popule
2734 1027 2904 1070 meus
2946 1009 3205 1069 adtende
3220 1008 3416 1080 legem
3440 1023 3668 1066 meam.
3691 1010 3859 1066 Psal-

2195 1115 2326 1156 mus
2357 1117 2563 1158 LXXVII.

2271 1188 2485 1244 Oratio.
2515 1190 2806 1246 Ponentes
2832 1203 3008 1260 spem
3050 1190 3318 1244 nostram
3372 1185 3436 1242 in
3464 1189 3520 1242 te
3573 1185 3856 1251 Domine,

2198 1291 2319 1332 non
2349 1276 2759 1334 obliviscimus
2795 1292 3049 1348 operum
3078 1279 3353 1341 tuorum;
3387 1289 3527 1330 cum
3551 1290 3662 1345 per
3687 1273 3861 1344 justi-

2199 1363 2346 1420 tiam
2369 1369 2541 1436 atque
2570 1364 2946 1422 clementiam
2967 1362 3260 1420 mirabilis
3293 1362 3356 1417 in
3384 1362 3635 1426 Sanctis,
3667 1368 3725 1418 et
3755 1370 3867 1418 ter-

2197 1451 2381 1508 ribilis
2400 1453 2730 1510 ostenderis
2744 1453 2806 1508 in
2845 1452 3068 1524 impiis,
3101 1453 3205 1524 qui
3230 1456 3570 1522 opportuna
3590 1450 3866 1508 remedia

2195 1539 2396 1609 justis,
2421 1556 2491 1598 ac
2507 1541 2710 1598 debita
2768 1540 3062 1611 supplicia
3117 1553 3538 1610 recompensas
3575 1537 3805 1610 iniquis
3841 1554 3860 1590 :

2201 1642 2556 1697 quaesumus
2585 1628 2786 1700 itaque
2816 1628 3083 1700 piissime
3127 1629 3321 1690 Deus;
3355 1631 3420 1682 ut
3443 1641 3596 1696 quos
3617 1641 3655 1682 a
3688 1624 3864 1681 tetris

2121 1731 2167 1788 Β
2207 1714 2476 1772 hostibus
2499 1716 2678 1780 eruis,
2714 1720 3148 1787 praeceptorum
3193 1714 3325 1770 luce
3353 1712 3636 1770 clariﬁcas
3655 1717 3859 1771 tenta-

2207 1803 2436 1862 tionum
2451 1804 2670 1860 ﬂuctus
2697 1819 2970 1870 movens,
3010 1803 3118 1860 iter
3163 1801 3540 1859 salutiferam
3564 1800 3808 1873 pandas
3842 1815 3860 1857 ε

2204 1891 2411 1948 Christi
2428 1892 2509 1948 tui
2538 1906 2786 1964 corpore
2839 1897 3130 1963 tanquam
3172 1889 3397 1947 ccelesti
3452 1905 3611 1960 pane
3652 1888 3718 1948 in
3753 1888 3864 1946 hu-

2199 1979 2298 2050 jus
2326 1979 2526 2038 saeculi
2573 1981 2805 2039 deserto
2835 1980 3090 2037 reﬁcias.
3127 1989 3198 2048 1}.
3237 1984 3452 2036 Amen.

2273 2068 2624 2136 Antiphone
2651 2073 2704 2127 2.
2734 2073 2955 2126 Panem
2985 2067 3120 2124 cceli
3151 2067 3311 2124 dona
3342 2065 3540 2132 nobis,
3583 2065 3859 2131 Domine,

2205 2156 2485 2212 Psalmus
2507 2173 2717 2234 Lsxvn.

2277 2244 2503 2301 Oratio.
2529 2247 2705 2311 Deus,
2748 2246 2852 2317 qui
2872 2259 3096 2318 panem
3111 2244 3244 2302 coeli
3269 2243 3405 2302 ﬁliis
3422 2243 3735 2300 hominum
3767 2241 3866 2298 tri-

2203 2330 2361 2395 buis,
2394 2337 2816 2406 terrenumque
2835 2333 3061 2390 animal
3108 2333 3474 2402 Angelorum
3517 2332 3694 2402 adipe
3721 2345 3869 2401 pas-

2205 2419 2286 2476 cis
2311 2435 2323 2485 ;
2346 2420 2869 2480 frumentationem
2898 2422 3060 2478 verbi
3082 2423 3165 2478 tui
3187 2421 3361 2477 nobis
3386 2422 3448 2476 in
3478 2419 3864 2478 abundantia

2204 2508 2427 2564 tribues
2453 2526 2465 2564 :
2485 2522 2678 2584 eoque
2693 2527 2799 2566 nos
2814 2510 3100 2582 spirituali
3119 2510 3293 2567 reﬁce
3343 2510 3496 2575 cibo,
3522 2523 3646 2581 quo
3665 2512 3877 2580 patres

2203 2602 2443 2654 nostros
2469 2597 2738 2656 allevasti
2767 2600 2830 2655 in
2885 2615 3106 2656 eremo.
3135 2611 3198 2671 ἢ.
3222 2603 3433 2656 Amen.

2275 2685 2380 2740 Per
2409 2686 2886 2744 misericordiam
2924 2692 3099 2745 tuam.

2273 2773 2602 2842 Antiphona
2633 2780 2682 2831 3.
2711 2777 2996 2832 Dominus
3058 2775 3264 2846 adjuto
3285 2780 3534 2832 rnoster
3561 2792 3575 2830 :
3606 2778 3666 2831 et
3703 2773 3872 2832 Deus

2202 2861 2490 2926 excelsus,
2515 2862 2793 2918 liberator
2818 2869 3021 2920 noster
3049 2869 3152 2920 est.
3201 2864 3473 2920 Psalmus
3508 2877 3712 2919 LXXVII.

2275 2947 2500 3008 Oratio.
2527 2950 2763 3006 Excelsa
2788 2951 3035 3007 Domine
3055 2957 3181 3007 esto
3242 2951 3483 3021 adjutor
3504 2956 3710 3006 noster
3745 2966 3760 3006 :
3796 2955 3872 3006 ut

448 3041 568 3102 bus
587 3040 802 3132 largire
821 3039 1214 3132 studia‘pacis,
1249 3044 1305 3132 et
1325 3055 1501 3132 parce
1530 3039 1817 3132 placatus,
1948 3040 2096 3109 Sup-
2123 3073 2167 3132 ο
2202 3034 2278 3090 de
2292 3036 2678 3132 abundantia
2707 3043 2821 3094 tuas
2839 3040 3070 3096 virtutis
3108 3040 3448 3111 repleamur
3464 3038 3676 3096 solatio
3698 3037 3876 3094 forti-

443 3128 707 3200 plicanti.
739 3127 802 3189 Ψ.
837 3127 1213 3186 Fertilitatem
1245 3126 1478 3197 pluvias,
1519 3142 1588 3184 ac
1617 3126 1800 3184 vitam
1827 3126 2007 3191 dona,
2041 3130 2096 3184 et
2130 3124 2167 3132 “
2205 3124 2430 3181 tudinis
2454 3143 2466 3190 ;
2487 3131 2543 3182 et
2557 3142 2628 3182 ex
2654 3128 3130 3184 redundantibus
3157 3129 3360 3198 gratias
3387 3134 3499 3184 tua:
3526 3126 3876 3185 donisdite-

445 3217 690 3274 veniam
708 3216 960 3285 largam.
997 3216 1069 3271 P.
1103 3215 1488 3286 Supplicanti.

514 3304 810 3373 Hymnus.
839 3303 882 3358 Ο
905 3306 1221 3367 Nazarene,
1249 3303 1366 3359 lux.
1407 3303 1525 3372 fol.
1562 3317 1748 3360 cxuv.

518 3393 696 3464 235
722 3392 947 3450 Oratio.
973 3392 1301 3450 Precamur
1322 3391 1590 3454 Domine,
1621 3395 1682 3448 ut
1711 3395 1811 3447 tua
1838 3405 1947 3446 nos
1971 3403 2094 3446 non

441 3479 694 3552 repellas
713 3496 750 3536 a
770 3479 1182 3552 propitiatione
1207 3495 1220 3543 ;
1252 3479 1358 3534 sed
1402 3477 1740 3536 obtinendae
1770 3477 2095 3533 misericor.

444 3569 562 3627 dim
583 3572 822 3636 tempus
847 3583 1084 3638 appone
1114 3587 1127 3635 ;
1160 3572 1223 3628 ut
1247 3567 1509 3628 dextera,
1531 3583 1666 3637 quas
1719 3565 1825 3621 fuit
1874 3566 2093 3622 vindex

443 3655 734 3712 inultione
764 3655 1128 3714 facinorum:
1157 3657 1291 3728 ipsa
1316 3657 1388 3713 sit
1417 3657 1591 3716 nobis
1620 3655 1882 3716 contritis
1923 3656 1983 3712 in
2007 3671 2094 3710 re-

444 3743 715 3800 medium
754 3744 1202 3814 sempiternum.

515 3833 684 3890 Pater
706 3834 926 3888 noster.

1043 3918 1141 3978 Ad
1163 3919 1489 3986 Vesperum.

515 4005 743 4064 Lauda.
775 4005 1048 4076 Vespere,
1078 4020 1277 4068 mane,
1301 4009 1356 4060 et
1379 4005 1624 4059 meridie
1655 4009 1711 4061 te
1748 4005 2087 4072 laudamus,

445 4091 716 4150 Domine.
747 4093 1035 4149 Dominus
1066 4092 1143 4150 sit
1173 4107 1420 4162 semper.
1451 4103 1513 4160 ἢ.
1553 4095 1620 4148 Et
1647 4107 1806 4148 cum.

511 4179 878 4249 Antiphona.
896 4182 1088 4245 Quam
1103 4180 1302 4236 bonus
1332 4180 1484 4235 Deus
1512 4179 1691 4236 Israel
1707 4181 1790 4235 eis
1809 4181 1914 4252 qui
1931 4185 2092 4238 recto

444 4267 658 4325 corde!
692 4269 969 4326 Psalmus
990 4284 1164 4326 Lxxu.

512 4357 752 4415 Lauda.
788 4356 1103 4422 Quomodo
1132 4356 1314 4412 dilexi
1341 4355 1535 4425 legem
1561 4361 1747 4424 tuam,
1803 4357 2092 4415 Domine?

442 4445 508 4504 P.
539 4447 681 4500 Tota
701 4443 796 4500 die
820 4445 1131 4500 meditatio
1189 4460 1326 4502 mea
1368 4448 1472 4499 est.
1498 4444 1558 4505 ἵ.
1615 4444 1890 4500 Retribue
1923 4461 2092 4500 servo

443 4536 566 4598 tuo,
607 4532 808 4590 vivam
838 4549 849 4588 :
883 4537 940 4591 et
967 4532 1302 4588 custodiam
1330 4548 1638 4588 sermones
1664 4537 1816 4588 tuos.
1849 4534 1908 4586 P.
1928 4536 2087 4590 Tota.

391 4635 396 4640 '
442 4620 508 4683 γ.
539 4620 752 4692 Gloria,
785 4626 843 4686 et
874 4621 1086 4678 honor.
1127 4623 1192 4676 P.
1219 4624 1382 4678 Tota.

512 4711 811 4779 Hymnus.
857 4709 1077 4768 Adesto
1106 4711 1324 4766 nostris
1374 4709 1804 4782 precibus/‘01.
1829 4711 1945 4765 160.

517 4797 824 4866 Capitula.
858 4799 938 4856 Sit
968 4799 1184 4856 festum
1210 4799 1527 4870 jejunium.
1570 4799 1682 4868 fol.
1719 4800 1842 4855 149.

515 4885 742 4942 Lauda.
765 4887 1047 4944 Fundasti
1058 4891 1299 4944 terram.
1319 4888 1397 4943 Et
1423 4887 1652 4943 Oratio.
1691 4886 1750 4941 In
1780 4890 2088 4956 aeternum,

446 4970 719 5032 Domine.
749 4973 1001 5044 Require
1023 4977 1132 5046 [οι.
1163 4979 1287 5030 232.

1045 5078 1211 5116 FERIA
1261 5077 1485 5124 QUINTA.

1015 5149 1113 5205 Ad
1143 5151 1528 5205 Matutmam.

516 5236 876 5307 Antiphona.
892 5239 975 5294 Tu
992 5243 1192 5296 autem
1209 5238 1456 5293 Domine
1491 5241 1797 5309 susceptor
1816 5255 1984 5294 meus
2011 5255 2095 5296 es.

442 5326 714 5380 Psalmus
741 5341 821 5381 Ill.

518 5413 750 5470 Oratio.
797 5416 1027 5483 Exurge
1058 5412 1303 5468 Domine
1338 5414 1487 5466 Deus
1508 5415 1785 5470 nosterin
1809 5415 2097 5484 auxilium

449 5498 800 5572 humilium.
824 5499 1384 5571 etinsxtarmininm
1417 5503 1904 5588 persequentium
1927 5523 1940 5562 :
1962 5518 2098 5572 con-

2200 3227 2337 3266 mur
2364 3215 2712 3270 muneribus
2741 3216 3020 3273 liberatis.
3053 3216 3117 3278 ir.
3147 3218 3356 3273 Amen.

2272 3301 2382 3356 Per
2404 3302 2874 3361 misericordiam
2907 3310 3091 3361 tuam.

2270 3399 2333 3457 Βι.
2365 3392 2606 3461 Propter
2653 3400 2896 3462 peccata
2948 3397 3150 3449 nostra
3197 3396 3482 3450 venerunt
3513 3407 3699 3464 super
3745 3406 3871 3450 nos

2199 3477 2404 3541 omnia
2434 3478 2596 3536 mala
2628 3495 2639 3536 :
2673 3481 3056 3551 peccavimus
3086 3481 3210 3547 tibi,
3248 3481 3516 3538 Domine.
3577 3483 3641 3536 P.
3683 3483 3871 3537 Bece-

2199 3563 2479 3620 dentibus
2509 3582 2546 3625 a
2574 3571 2632 3621 te
2657 3584 2731 3624 ne
2745 3568 2982 3624 auferas
2999 3569 3469 3626 misericordiam
3488 3573 3656 3626 tuam
3685 3584 3724 3624 a
3753 3583 3870 3626 no-

2199 3650 2310 3708 bis.
2336 3651 2395 3712 v.
2425 3653 2629 3710 Justus
2657 3672 2740 3722 es,
2762 3657 3011 3716 Domine
3038 3659 3194 3714 Deus
3223 3663 3441 3721 noster,
3469 3657 3531 3714 in
3569 3656 3871 3714 omnibus

2199 3740 2484 3810 operibus
2557 3743 2698 3810 tuis;
2731 3749 2788 3801 et
2827 3760 2950 3800 non
3000 3744 3346 3805 audivimus
3387 3761 3600 3802 vocem
3654 3749 3867 3804 tuam.

2198 3829 2578 3897 peccavimus
2599 3832 3125 3903 enim,iniquitates
3146 3832 3414 3889 fecimus.
3445 3832 3871 3890 P.Becedenti-

2197 3912 2312 3971 bus
2342 3933 2378 3972 a
2412 3923 2484 3974 te.
2517 3919 2581 3980 tr.
2616 3919 2830 3988 Gloria,
2851 3927 2908 3976 et
2944 3922 3156 3976 honor.
3192 3922 3258 3974 P.
3297 3920 3753 3981 Hecedentibus.

2811 4010 2881 4064 In
2931 4009 3253 4066 Laudibus.

2267 4097 2630 4164 Antiphona.
2655 4100 2860 4154 Averte
2877 4097 3087 4154 faciem
3112 4101 3300 4162 tuam,
3339 4099 3508 4162 Deus,
3535 4113 3570 4152 a
3598 4099 3873 4168 peccatis

2195 4187 2414 4246 nostris
2446 4202 2459 4239 :
2502 4189 2559 4240 et
2587 4199 2798 4240 omnes
2849 4185 3194 4258 iniquitates
3231 4190 3471 4242 nostras
3512 4184 3668 4242 dele.
3701 4186 3880 4244 Psal-

2200 4293 2333 4335 mus
2365 4291 2416 4331 Ι...

2271 4363 2487 4420 Oratio.
2516 4361 2723 4430 Averte
2741 4359 2955 4418 faciem
2986 4366 3151 4417 tuam
3165 4377 3202 4424 a
3234 4361 3492 4432 peccatis
3515 4362 3744 4418 nostris
3760 4363 3878 4417 Do-

2207 4453 2364 4508 mine
2392 4469 2406 4517 ;
2440 4448 3316 4520 etomnesiniquitatesnostras
3334 4449 3462 4504 dele
3498 4450 3878 4508 :removeab

2197 4539 2384 4597 oculis
2403 4537 2517 4593 tuis
2531 4536 2825 4591 malarum
2843 4542 3187 4594 nostrarum
3206 4538 3439 4596 facinus
3454 4537 3870 4610 voluptatum;

2197 4634 2526 4698 nostraque
2543 4625 2900 4688 confessioni
2913 4626 3233 4684 clementer
3254 4631 3426 4688 tuum
3439 4641 3683 4697 appone
3701 4626 3880 4684 audi-

2199 4716 2977 4785 tum.Miserere,qumsumus
2989 4714 3336 4784 rogantibus
3353 4713 3525 4772 nobis
3543 4716 3644 4786 qui
3676 4715 3882 4786 propi-

2199 4806 2314 4862 tius
2338 4803 2581 4874 respicis
2613 4802 2674 4856 in
2703 4801 3002 4858 adversis:
3027 4807 3086 4858 et
3112 4802 3215 4873 qui
3242 4802 3582 4874 desperatis
3609 4819 3716 4863 cor
3746 4818 3880 4876 pm-

2199 4889 2638 4958 nitenstribuis;
2662 4889 3537 4952 aconfessionibusnullatenus
3549 4891 3878 4952 avertatis.

2200 4984 2351 5052 Ergo
2380 4979 2528 5050 quia
2554 4977 2751 5034 cordis
2770 4978 3005 5034 contriti
3037 4978 3296 5049 placaris
3331 4977 3648 5038 sacriﬁciis
3669 4979 3878 5040 tribue

2198 5066 2498 5123 nobishoc
2514 5065 2614 5121 tibi
2635 5065 3030 5137 oiferri,quod
3074 5065 3394 5137 prcecipis;
3429 5072 3486 5126 et
3533 5067 3882 5137 promereri

2202 5153 2648 5222 indulgentiam,
2669 5169 2852 5224 quam
2867 5153 3162 5224 promittis
3179 5153 3382 5223 gratias
3414 5153 3691 5216 tuae.Sed
3722 5154 3886 5226 quia

2202 5241 2563 5296 Publicanus
2579 5241 2800 5312 alonge
2817 5247 3005 5306 stans,
3038 5246 3093 5296 et
3107 5242 3441 5312 percutiens
3456 5247 3665 5312 pectus
3688 5258 3880 5308 suum

2205 5331 2336 5384 sola
2355 5331 2726 5385 confessione
2747 5337 3038 5401 purgatus
3054 5336 3179 5385 est:
3211 5331 3475 5385 similiter
3492 5336 3546 5384 et
3587 5346 3705 5390 nos
3733 5346 3883 5401 pec-

2205 5420 2436 5472 catores
2466 5418 2682 5473 exaudi
2710 5435 2722 5472 :
2749 5424 2812 5474 ut
2838 5419 2990 5473 sicut
3014 5418 3092 5472 illi
3158 5417 3368 5478 merito
3395 5417 3700 5489 petitionis
3736 5433 3875 5483 sua:

2207 5505 2471 5572 fructum
2511 5505 2751 5573 donasti
2787 5506 2906 5575 :ita
2921 5511 2978 5563 et
3006 5506 3183 5574 nobis
3213 5504 3694 5578 supplicantibus
3713 5504 3880 5574 indi:
