4094 6164
274 246 366 307 413
1406 260 1757 323 DOMINICA
1792 263 1868 321 Ill

2008 265 2510 332 ADRAGESIMB.

3558 279 3665 349 ut

274 372 448 485 servis
475 374 591 432 tuis
620 376 861 436 veniam
899 380 1161 451 digneris
1200 385 1469 459 impendi
1510 389 1586 448 de
1616 390 1900 461 peccatis.
1932 390 1977 449 A
2021 391 2078 449 Si
2093 392 2548 485 inveni,iniquit,
2566 403 2821 471 gratiam
2842 419 3045 463 coram
3058 411 3132 474 te,
3161 410 3241 467 ad
3259 410 3663 485 mihisignnm

273 472 330 532 It.
363 464 567 520 Amen.

331 553 435 606 Per
460 552 965 616 misericordiam.

328 640 426 695 Ad
447 640 792 703 Canticum.
822 648 1494 718 Antiphona.Levemus
1509 657 1693 716 corda
1712 664 1911 719 nostra

269 743 395 785 cum
426 731 725 789 manibus
748 735 826 791 ad
857 737 1179 795 Dominum
1217 742 1277 798 in
1304 743 1482 800 caelis.

334 819 659 878 Canticum.
694 823 851 889 Quid
883 830 1277 888 murmuravit
1309 832 1511 891 homo.
1533 835 1641 905 fol.
1670 852 1752 893 cs.

744 934 923 1005 236
947 936 1429 997 Matutinarium.

334 1034 426 1090 Ad
456 1034 825 1097 Benedictus.
850 1040 1226 1113 Antiphona.
1260 1045 1343 1103 Sit
1372 1047 1654 1119 splendor
1674 1050 1909 1110 Domini

264 1122 357 1177 Dei
377 1124 560 1179 nostri
590 1141 773 1199 super
811 1143 940 1185 nos.
973 1130 1041 1189 P.
1080 1133 1316 1204 Respice
1346 1136 1407 1192 in
1438 1153 1638 1195 servos
1666 1144 1819 1207 tuos,
1852 1144 1908 1199 et

254 1209 312 1265 in
339 1225 528 1281 opera
554 1214 695 1270 tua:
726 1219 780 1271 et
805 1216 990 1287 dirige
1020 1219 1180 1276 ﬁlios
1211 1238 1441 1279 eorum.

319 1297 669 1357 Canticum.
710 1304 1056 1361 Benedictus
1087 1322 1149 1362 es
1180 1307 1449 1367 Domine.
1478 1314 1594 1382 fol.
1623 1318 1680 1371 6.

314 1388 544 1444 Lauda.
592 1391 854 1448 Laudate
886 1395 1204 1451 Dominum
1227 1398 1283 1453 in
1324 1402 1543 1457 sanctis
1576 1404 1703 1473 ejus
1738 1422 1749 1459 :
1779 1404 1902 1461 lau-

246 1473 372 1531 date
402 1492 548 1533 eum
581 1477 643 1534 in
675 1479 1055 1540 ﬁrmamento
1080 1486 1311 1544 virtutis
1340 1490 1488 1559 ejus.
1532 1492 1595 1547 P.
1640 1494 1897 1550 Laudate

243 1564 590 1622 Dominum.

552 1674 754 1731 Lectio
786 1676 929 1732 libri
938 1680 1220 1749 judicum
1259 1683 1440 1754 (Cap.
1478 1687 1587 1757 vr).

316 1789 383 1848 ἢ.
414 1778 538 1836 Deo
570 1782 813 1851 gratias.

321 1888 387 1940 In
414 1884 524 1943 illis
539 1885 752 1947 diebus
774 1906 787 1947 :
808 1892 1090 1949 Fecerunt
1106 1893 1204 1950 filii
1221 1895 1400 1953 Israel
1423 1898 1651 1955 malum
1672 1900 1733 1955 in
1754 1916 1899 1958 con-

246 1978 457 2045 spectu
480 1974 723 2033 Domini
750 1994 764 2034 :
796 1980 901 2050 qui
932 1981 1172 2038 tradidit
1200 1999 1303 2043 eos
1344 1986 1405 2041 in
1452 2002 1639 2045 manu
1666 1990 1900 2047 Madian

238 2067 475 2133 septem
507 2064 704 2132 annis,
732 2070 791 2121 et
818 2071 1092 2139 oppressi
1118 2077 1255 2128 sunt
1273 2073 1443 2130 valde
1481 2075 1560 2131 ab
1588 2076 1694 2134 eis.
1721 2080 1900 2135 Fece-

233 2155 501 2222 runtque
531 2151 649 2208 sibi
666 2158 841 2212 antra
864 2158 1243 2227 etspeluncas
1261 2162 1321 2217 in
1344 2163 1669 2228 montibus,
1691 2170 1748 2221 et
1769 2182 1901 2222 mu-

230 2238 542 2296 nitissima
580 2240 660 2297 ad
688 2246 1152 2313 repugnandum
1180 2248 1333 2305 loco.
1360 2252 1623 2323 Cumque
1649 2254 1898 2312 sevisset

229 2326 435 2393 Israel,
460 2328 833 2387 ascendebat
857 2332 918 2388 in
948 2335 1205 2403 Madian,
1233 2341 1289 2393 et
1309 2338 1568 2408 Amalec,
1591 2345 1648 2396 et
1667 2343 1896 2398 caeteris

227 2414 625 2473 orientalium
658 2419 969 2477 nationum
996 2439 1010 2479 :
1045 2424 1282 2496 etapud
1309 2441 1411 2482 eos
1440 2426 1687 2495 ﬁgentes
1710 2434 1895 2487 tento-

222 2504 331 2571 ria,
364 2504 709 2562 sieuterant
738 2507 800 2563 in
817 2508 891 2565 he
905 2509 1027 2566 rbis
1045 2518 1260 2570 cuncta
1281 2515 1597 2572 vastabant
1612 2533 1800 2589 usque
1813 2519 1893 2575 ad

220 2593 537 2649 introitum
568 2595 735 2651 Gazae
769 2614 782 2651 :
810 2596 1075 2669 nihilque
1104 2602 1350 2657 omnino
1383 2603 1460 2659 ad
1504 2605 1690 2661 vitam
1720 2608 1895 2676 perti-

220 2696 374 2736 nens
407 2680 844 2753 relinquebant
873 2685 935 2741 in
966 2687 1165 2752 Israel,
1200 2704 1325 2745 non
1355 2706 1514 2756 oves,
1533 2707 1656 2748 non
1680 2692 1888 2760 boves,

220 2783 347 2824 non
379 2767 616 2826 asinae.
651 2770 764 2841 Ipsi
792 2772 954 2828 enim
974 2779 1031 2829 et
1050 2776 1306 2832 universi
1336 2792 1546 2846 greges
1570 2794 1778 2835 eorum
1798 2796 1893 2837 ve-

222 2855 636 2914 niebantcum
653 2858 1079 2927 tabernaculis,
1102 2868 1157 2918 et
1176 2863 1363 2921 instar
1380 2864 1749 2923 locustarum
1764 2868 1893 2924 uni-

222 2959 405 3000 versa
434 2945 849 3016 complebant,
877 2947 1194 3007 innumera
1212 2951 1530 3011 multitudo
1553 2953 1889 3021 hominum,

222 3037 278 3090 et
294 3033 701 3136 camelorum,
724 3035 1758 3136 quidquid.tetigeruntdevastantes.
1778 3044 1893 3136 Hu-
1922 3078 1965 3136 ο

225 3124 631 3196 miliatusque
647 3130 735 3180 est
748 3126 926 3182 Israel
938 3127 1112 3184 valde
1126 3128 1187 3185 in
1201 3136 1523 3201 conspectu
1536 3132 1788 3192 Madian.
1826 3134 1895 3192 Et

225 3212 515 3271 clamavit
541 3213 623 3273 ad
648 3214 972 3275 Dominum
1002 3216 1317 3287 postulans
1350 3220 1637 3279 auxilium
1686 3229 1895 3283 contra

223 3302 611 3363 Madianitas.
628 3302 739 3367 Qui
751 3304 914 3362 misit
935 3304 1012 3361 ad
1025 3320 1127 3361 eos
1147 3305 1341 3365 virum
1358 3308 1728 3379 prephetam,
1742 3316 1799 3368 et
1811 3312 1893 3369 lo-

220 3396 398 3446 cutus
418 3396 517 3447 est
538 3406 552 3447 z
583 3393 716 3449 Baio
736 3390 876 3449 dicit
896 3393 1186 3450 Dominus
1203 3396 1358 3452 Deus
1381 3396 1559 3453 Israel
1581 3415 1594 3453 :
1620 3397 1769 3469 Ergo
1783 3415 1891 3457 vos

216 3477 329 3534 feci
352 3479 774 3537 conscendere
795 3480 870 3536 de
889 3480 1176 3553 IEgypto,
1202 3488 1259 3539 et
1278 3484 1456 3541 eduxi
1476 3485 1551 3541 de
1571 3486 1754 3543 domo
1774 3503 1896 3544 ser-

219 3567 369 3625 virtu
379 3571 481 3636 tis,
496 3566 905 3625 etliberavide
924 3585 1102 3626 manu
1130 3573 1552 3643 Egyptiorum,
1570 3576 1892 3632 etomnium

216 3656 640 3721 inimicorum,
663 3657 767 3727 qui
784 3655 1131 3726 aiﬂigebant
1146 3662 1549 3733 vos:ejecique
1579 3679 1682 3719 eos
1701 3664 1781 3721 ad
1804 3664 1891 3721 in-

218 3745 466 3801 troitum
492 3749 785 3809 vestrum,
814 3750 871 3801 et
898 3746 1113 3802 tradidi
1135 3748 1308 3804 vobis
1333 3753 1551 3807 terram
1576 3765 1803 3807 eorum.
1827 3752 1894 3810 Et

216 3831 341 3887 dixi
360 3850 382 3891 :
400 3836 565 3900 Ergo
583 3833 873 3889 Dominus
891 3835 1049 3890 Deus
1077 3839 1285 3899 vester,
1308 3852 1382 3892 ne
1406 3837 1657 3895 timeatis
1673 3843 1890 3896 terram

214 3920 741 3984 Amorrhteorum,
760 3920 823 3976 in
838 3936 1098 3991 quorum
1124 3928 1278 3980 terra
1294 3923 1595 3981 habitatis.
1616 3927 1679 3981 Et
1700 3926 1891 3983 nolui-

216 4007 331 4063 stis
355 4008 574 4064 audire
596 4023 807 4065 vocem
830 4025 1051 4067 meam.
1078 4011 1245 4067 Venit
1275 4017 1476 4068 autem
1501 4012 1761 4082 Angelus
1784 4016 1893 4071 llo-

216 4095 393 4162 mini,
423 4096 569 4152 sedit
592 4095 708 4152 sub
723 4112 971 4167 quercu,
995 4114 1131 4169 quae
1152 4103 1278 4159 erat
1295 4099 1355 4156 in
1378 4100 1615 4170 Ephrai,
1644 4106 1701 4157 et
1725 4102 1891 4173 perti-

219 4181 415 4237 nebat
436 4183 512 4239 ad
530 4184 672 4240 Joas
693 4184 1177 4255 patremfamilias
1198 4187 1341 4243 Ezri.
1364 4191 1639 4260 Aumque
1659 4190 1890 4247 Gedeon

210 4268 384 4327 ﬁlius
401 4271 529 4341 ejus
545 4276 845 4333 excuteret
860 4282 1038 4345 atque
1060 4280 1347 4345 purgaret
1375 4275 1680 4337 frumenta
1697 4278 1755 4335 in
1773 4283 1889 4335 tor-

206 4358 424 4423 culari,
449 4365 513 4415 ut
532 4360 762 4430 fugeret
776 4361 1007 4421 Madian
1023 4364 1301 4434 apparuit
1322 4364 1377 4420 ei
1412 4364 1693 4434 Angelus,
1708 4369 1765 4420 et
1776 4367 1885 4425 ait:

203 4445 516 4503 Dominus
559 4450 777 4513 tecum,
810 4449 1077 4507 virorum
1128 4450 1475 4508 fortissime.
1533 4452 1805 4525 Dixitque
1834 4456 1886 4510 ei

206 4532 463 4589 Gedeon
482 4553 493 4590 :
510 4536 791 4603 Obsecro,
809 4538 1074 4601 Domine,
1101 4539 1149 4595 si
1164 4538 1479 4597 nobiscum
1494 4545 1581 4596 est
1594 4541 1887 4605 Dominus

204 4636 320 4678 cur
336 4623 872 4695 adprehenderunt
892 4640 1002 4687 nos
1022 4625 1153 4682 haec
1171 4628 1377 4689 omnia
1393 4632 1421 4685 ?
1442 4628 1543 4689 ubi
1562 4630 1890 4689 suntmira-

201 4710 339 4768 rilia
352 4713 515 4782 ejus,
530 4727 671 4783 qu
685 4719 1079 4770 narraverunt
1096 4719 1299 4784 patres
1314 4715 1521 4781 nostri,
1539 4721 1719 4787 atque
1734 4717 1889 4775 dixe-

201 4805 383 4857 runt:
414 4802 498 4854 De
539 4802 799 4872 Egypto
814 4800 1146 4865 eduxitnos
1171 4802 1449 4861 Dominus
1476 4802 1504 4858 Ἰ
1522 4806 1679 4859 Nunc
1696 4810 1887 4861 autem

205 4885 535 4959 dereliquit
565 4904 702 4955 nos,
735 4893 792 4946 et
832 4888 1067 4949 tradidit
1100 4890 1161 4951 in
1191 4890 1474 4955 manibus
1500 4891 1731 4948 Madian
1762 4894 1886 4949 Rei-

202 4978 501 5049 pexitque
527 4975 609 5032 ad
631 4992 772 5043 eum
802 4976 1111 5043 Dominus,
1141 4976 1225 5037 ait
1262 4998 1273 5037 :
1304 4978 1459 5039 Vade
1484 4979 1548 5035 in
1585 4978 1699 5035 hac
1728 4980 1885 5036 forti-

200 5065 411 5123 tudine
435 5071 567 5128 tua,
585 5072 644 5120 et
665 5064 949 5123 liberabis
976 5065 1159 5124 Israel
1175 5067 1247 5122 de
1269 5082 1455 5124 manu
1478 5066 1708 5125 Madian
1734 5081 1746 5121 :
1773 5068 1885 5124 sci-

196 5156 255 5209 to
277 5155 458 5226 quod
478 5152 763 5219 miserim
794 5159 867 5209 te.
901 5153 1019 5220 Qui
1041 5153 1415 5226 respondens
1440 5154 1519 5212 ait
1551 5172 1564 5212 :
1600 5153 1877 5221 Obsecro,

190 5242 472 5311 Domine,
500 5243 567 5300 in
599 5257 726 5314 quo
758 5241 1029 5299 liberabo
1086 5242 1261 5299 Israel
1291 5257 1425 5299 ecce
1472 5242 1700 5298 familia
1747 5259 1883 5300 mea

184 5328 609 5390 inﬁrmaestin
624 5332 1103 5402 Manasse,etego
1117 5346 1219 5387 ero
1232 5330 1504 5386 minimus
1519 5330 1578 5385 in
1590 5330 1765 5387 domo
1778 5347 1882 5403 pa,

180 5418 291 5475 tris
314 5420 454 5476 mei.
484 5418 766 5491 Dixitque
788 5417 867 5474 ad
889 5433 1027 5474 eum
1046 5418 1339 5475 Dominus
1364 5436 1377 5475 :
1400 5420 1522 5487 Ego
1536 5432 1637 5473 ero
1660 5423 1876 5482 tecum;

177 5511 237 5561 et
265 5508 579 5580 percuties
615 5504 856 5564 Madian
887 5504 1057 5577 quasi
1117 5520 1305 5575 unum
1340 5503 1562 5571 virum.
1614 5506 1680 5562 Et
1728 5504 1825 5563 ille
1860 5524 1874 5563 :

2016 481 2182 550 quod
2205 488 2267 539 tu
2282 485 2361 540 sis
2386 489 2768 561 quiloquaris
2790 492 2868 549 ad
2887 498 3346 557 me.Nerecedas
3371 481 3529 566 hinc,
3553 503 3661 560 do-

2016 583 2125 624 nec
2150 578 2408 630 revertar
2438 577 2517 633 ad
2537 584 2613 646 te,
2646 585 2891 650 portans
2925 583 3297 651 sacriﬁcium.
3329 595 3384 645 et
3405 590 3661 648 otferens

2017 656 2143 712 tibi.
2188 661 2296 725 Qui
2346 667 2651 736 respondit
2704 686 2717 728 :
2752 672 2870 738 Ego
2908 672 3294 741 praestolabor
3337 679 3655 737 adventum

2019 749 2536 818 tuum.lngressus
2559 760 2645 812 est
2664 756 2865 829 itaque
2887 760 3128 816 Gedeon
3153 767 3209 817 et
3237 765 3394 821 coxit
3417 766 3659 825 haedum

2020 840 2075 892 et
2089 837 2161 892 de
2180 837 2382 896 farinae
2398 844 2592 900 modio
2605 861 2837 916 azymos
2862 864 3043 919 panes
3066 866 3078 906 :
3099 866 3420 924 carnesque
3436 868 3661 925 ponens

2017 923 2081 979 in
2103 926 2379 996 canistro,
2412 937 2470 987 et
2493 932 2594 1001 jus
2626 937 2896 992 carnium
2926 938 3163 994 mittens
3194 940 3255 995 in
3282 923 3486 1007 ollam,
3534 943 3663 1001 tulit

2018 1016 2220 1102 pmnia
2246 1018 2359 1073 sub
2376 1034 2665 1089 quercum
2689 1028 2747 1079 et
2767 1024 2980 1081 obtulit
2995 1026 3065 1082 ei.
3099 1028 3203 1083 Cui
3232 1027 3376 1085 dixit
3399 1031 3660 1102 Angelus

2016 1100 2251 1160 Domini
2279 1122 2291 1159 :
2314 1106 2467 1162 Tolle
2492 1125 2678 1179 panes
2706 1127 2947 1182 azymos
2973 1119 3029 1169 et
3058 1130 3267 1170 carnes
3291 1121 3347 1171 et
3366 1100 3523 1187 pone
3560 1135 3662 1174 su-

2014 1202 2121 1276 per
2150 1196 2377 1261 petram
2402 1195 2582 1261 illam,
2620 1203 2675 1254 et
2698 1199 2800 1268 jus
2849 1200 3107 1271 desuper
3136 1202 3341 1258 funde.
3392 1205 3657 1276 Cumque

2012 1275 2363 1344 fecissetita,
2405 1285 2664 1340 extendit
2690 1287 2949 1355 Angelus
2976 1289 3213 1344 Domini
3249 1275 3655 1349 summitatem

2010 1365 2209 1436 virgae,
2243 1384 2428 1439 quam
2460 1372 2696 1428 tenebat
2722 1375 2782 1429 in
2810 1391 3012 1441 manu,
3044 1382 3098 1432 et
3155 1378 3341 1446 tetigit
3369 1394 3578 1435 carnes
3600 1384 3658 1437 et

2009 1468 2253 1523 azymos
2281 1472 2463 1525 panes
2498 1478 2509 1517 :
2541 1461 2928 1533 ascenditque
2958 1464 3113 1530 ignis
3132 1465 3206 1519 de
3238 1471 3487 1535 petra,et
3515 1482 3656 1521 con—

2009 1544 2263 1613 sumpsit
2287 1560 2301 1598 :
2329 1546 2588 1615 Angelus
2614 1554 2814 1604 autem
2842 1552 3077 1606 Domini
3105 1556 3346 1610 evanuit
3375 1570 3448 1609 ex
3468 1554 3657 1611 oculis

2009 1629 2157 1699 ejus.
2174 1631 2509 1704 Vidensque
2524 1635 2765 1692 Gedeon
2778 1638 2943 1709 quod
2957 1645 3109 1697 esset
3121 1641 3382 1708 Angelus
3400 1643 3651 1698 Domini.

1922 1733 1971 1793 Β
2009 1717 2090 1773 ait
2114 1735 2127 1772 :
2164 1722 2285 1775 Heu
2304 1722 2547 1777 Domine
2574 1725 2729 1779 Deus
2757 1743 2771 1781 :
2801 1726 2946 1795 quia
2962 1726 3077 1782 vidi
3100 1728 3393 1797 Angelum
3416 1729 3653 1785 Domini

2006 1805 2156 1862 facie
2183 1807 2260 1861 ad
2288 1806 2521 1864 faciem.
2553 1812 2827 1882 Dixitque
2843 1814 2897 1868 ei
2928 1814 3248 1871 Dominus:
3280 1816 3396 1873 Pax
3426 1821 3647 1873 tecum:

2006 1909 2082 1951 ne
2131 1894 2357 1960 timeas,
2402 1912 2523 1952 non
2561 1900 2851 1957 morieris.
2891 1901 3218 1959 rEdiﬁcavit
3255 1918 3397 1971 ergo
3423 1904 3508 1961 ibi
3546 1906 3653 1960 Ge-

2008 1982 2164 2039 deon
2182 1983 2363 2039 altare
2389 1987 2657 2055 Domino,
2684 1989 3037 2060 vocavitque
3063 1990 3229 2056 illud,
3254 1992 3489 2048 Domini
3509 2007 3649 2063 pax:

2007 2087 2199 2143 usque
2226 2072 2286 2127 in
2310 2080 2664 2144 praesentem
2685 2076 2862 2134 diem.
2888 2090 2949 2149 ﬂ.
2980 2084 3187 2136 Amen.

2076 2162 2361 2230 Hymnus.
2396 2164 2458 2217 In
2489 2165 2780 2220 Matutinis
2810 2168 3132 2235 surgimus.
3172 2170 3282 2237 fol.
3315 2169 3434 2225 103.

2080 2248 2385 2316 Capitula.
2418 2250 2501 2305 Sit
2527 2252 2810 2322 splendor
2844 2258 3009 2309 tuus.
3036 2257 3149 2324 fol.
3181 2261 3304 2313 2H.

2072 2337 2305 2393 Lauda.
2325 2338 2625 2403 Quomodo
2643 2341 2819 2397 dilexi
2848 2341 3033 2413 legem
3046 2350 3217 2407 tuam,
3235 2344 3647 2403 Domine‘iTota

2002 2423 2097 2480 die
2114 2425 2423 2483 meditatio
2447 2444 2581 2485 mea
2599 2435 2706 2487 est.
2739 2429 2800 2489 ἲν.
2833 2432 3015 2501 Super
3034 2433 3306 2489 inimicos
3327 2450 3493 2490 meos
3512 2450 3651 2505 pru-

2000 2512 2241 2570 dentem
2268 2531 2361 2571 me
2392 2516 2585 2573 fecisti
2607 2519 2896 2576 mandato
2924 2524 3027 2576 tuo
3056 2536 3068 2577 :
3102 2522 3245 2591 quia
3271 2522 3333 2577 in
3361 2529 3649 2579 internum

1999 2602 2148 2657 mihi
2190 2606 2302 2657 est.

2074 2688 2299 2744 Oratio.
2334 2691 2417 2745 Da
2464 2689 2661 2754 nobis,
2719 2691 2986 2759 Domine,
3044 2691 3125 2748 sic
3178 2694 3420 2762 diligere
3454 2697 3646 2763 legem

2000 2779 2165 2832 tuam
2184 2794 2197 2841 ;
2216 2779 2279 2831 ut
2295 2777 2458 2846 eamj
2470 2779 2655 2844 ugiter
2668 2778 3024 2833 meditemur
3045 2778 3105 2837 in
3121 2780 3318 2844 corde,
3336 2786 3646 2851 etaccepto

2000 2863 2104 2918 tibi
2134 2862 2515 2935 perﬁciamur
2541 2864 2603 2919 in
2644 2879 2823 2935 opere
2846 2882 2862 2923 ;
2886 2875 2952 2935 Βι.
2977 2866 3184 2921 Amen.

2000 2952 2109 3007 Per
2150 2950 2641 3009 misericordiam.

2644 3077 2743 3133 Ad
2766 3077 3044 3136 Tertiam.

2319 3199 2628 3270 Sapientia
2659 3202 2994 3261 Salomonis
3023 3203 3195 3277 (Cap.
3227 3204 3390 3274 xvii).

2070 3304 2131 3366 γ.
2164 3304 2282 3360 Deo
2320 3307 2559 3375 gratias.

2073 3392 2190 3461 Fili,
2216 3408 2439 3463 magna
2468 3399 2600 3449 sunt
2620 3394 2844 3463 judicia
2870 3395 3103 3451 Domini
3132 3392 3643 3458 et,inenarrabilia

2001 3495 2185 3551 opera
2222 3481 2350 3551 ejus
2382 3498 2394 3536 :
2423 3486 2480 3536 et
2512 3486 2744 3551 propter
2772 3482 2884 3537 hoc
2921 3481 3375 3553 indisciplinataa
3424 3480 3639 3539 animae

2000 3573 2351 3624 erraverunt.
2385 3569 2529 3624 Dum
2546 3569 2691 3624 enim
2718 3585 3050 3638 persuasum
3074 3569 3292 3624 habent
3308 3568 3485 3639 iniqui
3504 3583 3642 3639 pos-

2000 3672 2063 3712 se
2079 3657 2372 3712 dominari
2394 3658 2618 3712 nationi
2641 3662 2889 3713 sanctae:
2909 3658 3161 3715 vinculis
3182 3657 3568 3713 tanebrarum
3586 3662 3641 3712 et

1999 3745 2195 3811 longas
2224 3744 2415 3800 noctis
2446 3746 2786 3816 compediti,
2820 3746 3030 3803 inclusi
3058 3746 3169 3801 sub
3192 3746 3377 3809 tectis,
3410 3745 3640 3813 fugitivi

2001 3837 2302 3903 perpetuae
2322 3832 2710 3902 providentiae
2722 3834 3056 3902 jacuerunt.
3080 3835 3147 3887 Et
3170 3832 3316 3888 dum
3338 3837 3550 3903 putant
3579 3848 3641 3887 se

1999 3920 2177 3976 latere
2194 3919 2256 3973 in
2275 3919 2543 3975 obscuris
2569 3922 2845 3991 peccatis,
2876 3923 3185 3976 tenebroso
3206 3921 3519 3979 oblivionis
3545 3934 3638 3974 ve-

1999 4008 2262 4064 lamento
2282 4008 2534 4078 dispersi
2554 4013 2708 4077 sunt,
2742 4014 3026 4079 paventes
3050 4010 3218 4079 237
3246 4009 3559 4076 horrende,
3585 4012 3642 4063 et

1999 4112 2137 4151 cum
2154 4095 2546 4152 admiratione
2563 4098 2748 4152 nimia
2760 4096 3305 4167 perturbatLNeque
3328 4096 3485 4153 enim
3504 4110 3638 4167 qum

1999 4183 2343 4240 continebat
2371 4183 2501 4239 illos
2525 4184 2827 4255 spelunca,
2863 4185 2987 4240 sine
3028 4185 3240 4240 timore
3272 4183 3641 4243 custodiebat

1997 4287 2097 4335 eos
2132 4289 2143 4325 :
2177 4288 2313 4326 cum
2341 4273 2566 4329 sonitus
2600 4272 2972 4329 descendens
3001 4272 3391 4345 perturbabat
3406 4272 3557 4339 illos,
3584 4275 3640 4326 et

1998 4376 2262 4432 personis
2278 4362 2466 4416 tristes
2481 4367 2827 4432 apparentes
2841 4378 3113 4432 pavorem
3127 4361 3239 4416 illis
3252 4362 3636 4432 praestabant-

1998 4452 2063 4504 Et
2084 4449 2234 4518 ignis
2260 4448 2506 4520 quidem
2531 4450 2761 4505 nullum
2785 4456 3013 4521 poterat
3034 4450 3113 4504 illi
3136 4450 3338 4505 lumen
3367 4449 3634 4519 prebere,

1996 4553 2105 4592 nec
2136 4537 2391 4592 siderum
2413 4537 2674 4608 limpidus
2697 4538 2957 4593 ﬂammis
2982 4538 3339 4593 inluminare
3365 4540 3637 4606 poterant

1994 4626 2159 4683 illam
2176 4631 2409 4682 noctem
2426 4625 2806 4682 horrendam.
2829 4626 3169 4697 Apparebat
3191 4631 3391 4680 autem
3413 4621 3525 4676 illis
3543 4637 3636 4674 su-

1993 4713 2270 4770 bitaneus
2301 4714 2481 4783 ignis,
2515 4713 2723 4771 timore
2754 4714 2965 4783 plenus
3000 4733 3011 4769 :
3050 4721 3105 4769 et
3136 4714 3343 4771 timore
3378 4708 3634 4779 perculsi

1994 4800 2173 4868 illius,
2199 4817 2335 4871 quae
2366 4816 2487 4857 non
2513 4800 2843 4865 videbatur,
2878 4798 3456 4865 faciei,aestimabant
3480 4796 3639 4853 dete-

1991 4889 2151 4945 riora
2177 4904 2304 4944 esse
2319 4903 2453 4959 quae
2475 4888 2914 4945 videbanturzet
2938 4889 3187 4959 magicae
3213 4887 3353 4942 artis
3377 4886 3633 4958 appositi

1992 4982 2157 5033 erant
2186 4976 2439 5041 derisus,
2482 4982 2537 5031 et
2588 4976 2889 5047 sapientiae
2919 4975 3118 5044 glorite
3174 4975 3467 5045 correptio
3497 4990 3635 5031 cum

1989 5064 2365 5121 contumelia.
2391 5064 2537 5120 Solis
2555 5069 2752 5137 autem
2765 5064 2875 5120 illis
2893 5065 3268 5135 superposita
3280 5070 3405 5121 erat
3436 5062 3632 5132 gravis

1988 5168 2128 5216 nox,
2146 5153 2348 5221 imago
2361 5151 2900 5224 tenebrarum,quae
2917 5160 3349 5224 superventura
3362 5152 3473 5210 illis
3486 5153 3628 5210 erat,

1986 5240 2104 5310 lpsi
2131 5255 2270 5305 ergo
2301 5238 2413 5293 sibi
2444 5247 2610 5295 erant
2631 5243 2929 5310 graviores
2955 5244 3213 5300 tenebrae
3243 5259 3255 5307 ;
3285 5236 3500 5296 sanctis
3527 5249 3627 5288 au-

1988 5331 2106 5383 tem
2132 5328 2246 5382 tuis
2262 5342 2486 5398 magna
2515 5333 2639 5384 erat
2668 5330 2781 5386 lux.
2817 5343 2878 5399 it.
2907 5334 3114 5386 Amen.

2268 5416 2467 5472 Lectio
2501 5418 2640 5474 libri
2665 5419 2991 5479 Jerusalem
3019 5420 3181 5487 (Cap-
3217 5416 3323 5482 Vl)-

2055 5516 2119 5577 ἢ.
2154 5505 2269 5564 Deo
2299 5505 2537 5576 gratias.
