4094 6164
230 237 323 291 417

1392 236 1742 294 DOMINICA
1782 236 1856 291 III
1901 235 2514 304 QUADRAGESIMXE.

3526 267 3634 321 418

299 358 653 455 Antiphpna
753 358 1016 455 Eﬁxultate
1035 360 1154 416 Deo
1172 361 1427 432 adjutori
1449 367 1650 418 nostro
1683 379 1694 415 :
1721 361 1873 432 jubi—
1909 361 1956 415 A
1980 361 2513 455 ustiﬁcationibus
2534 374 2749 428 nostris
2779 379 3206 446 prosternimus
3234 398 3440 455 preces
3495 392 3630 445 ante

230 449 338 503 late
371 448 492 501 Deo
522 445 730 500 Jacob.
761 448 1037 502 Psatmus
1067 465 1234 504 Lxxx.

298 537 528 591 Oratio.
558 533 1020 590 Exultemustibi
1046 538 1313 601 Domine,
1336 553 1516 610 quem
1539 538 1872 608 adjutorem

230 628 494 679 nostrum
531 624 977 692 cognoscimus,
1012 630 1067 678 et
1108 625 1361 681 fatemur
1390 643 1400 681 :
1430 631 1670 698 propter
1708 625 1873 696 quod

228 713 394 768 etiam
425 711 531 766 tibi
554 711 828 781 jubilain
851 711 1158 768 desideriis
1177 713 1491 784 sumimus,
1516 714 1576 769 in
1604 714 1874 769 doctrina

228 800 614 872 psalmum,in
630 800 1084 856 mortiﬁcatione
1099 801 1402 857 reddimus
1417 806 1771 874 tympanum
1789 823 1804 856 :
1819 806 1871 857 te

228 891 374 944 enim
392 887 704 944 laudando
721 887 864 943 festa
878 890 1584 962 peragimus,tuorumque
1603 890 1872 946 recorda-

228 977 376 1032 tione
393 975 1157 1046 mirabiliumjocundamur
1177 995 1187 1030 :
1206 979 1682 1051 Concedeitaque
1698 979 1870 1034 nobis

231 1066 488 1135 Domine,
520 1070 582 1118 ut
604 1065 708 1136 qui
745 1070 844 1119 tua
873 1065 1186 1120 recolimus
1219 1066 1528 1137 beneﬁcia,
1562 1072 1663 1124 tua
1687 1069 1869 1139 perci-

221 1155 458 1225 piamus
489 1157 546 1208 et
585 1154 854 1225 praemia.
883 1165 948 1213 Βρ.
982 1155 1185 1210 Amen.

287 1242 398 1296 Per
427 1241 924 1296 misericordiam.

281 1331 646 1398 Antiphona
660 1334 710 1385 3.
730 1333 910 1399 Surge
927 1331 1120 1402 Deus,j
1133 1331 1304 1388 udica
1319 1336 1534 1388 terram
1550 1353 1565 1388 :
1579 1333 1868 1406 quoniam

219 1423 276 1474 tu
301 1419 646 1474 dominaris
670 1420 727 1473 in
756 1418 1035 1474 omnibus
1058 1421 1350 1491 gentibus.
1383 1421 1654 1477 Psalmus
1675 1428 1864 1478 LXXXI.

289 1521 348 1569 κ.
381 1508 692 1578 Numquid
724 1508 782 1562 in
816 1512 1100 1563 aeternum
1126 1509 1363 1580 repellet
1393 1512 1563 1577 Deus,
1605 1517 1707 1567 aut
1747 1528 1868 1567 non

217 1603 511 1668 apponat,
535 1603 602 1652 ut
629 1595 962 1652 benefaciat
979 1596 1209 1662 adhuc;
1239 1603 1339 1654 aut
1363 1599 1421 1655 in
1448 1602 1626 1655 ﬁnem
1649 1601 1871 1656 miseri-

215 1685 491 1741 cordiam
508 1702 672 1741 suam
689 1684 953 1741 abscidet
970 1685 1070 1740 ?P.
1089 1690 1130 1740 A
1143 1689 1422 1757 progenie
1436 1689 1495 1743 in
1509 1689 1866 1761 progeniem.
1910 1703 1953 1757 Β

213 1777 326 1829 Aut
373 1773 677 1845 numquid
710 1773 1088 1829 obliviscetur
1117 1774 1380 1831 misereri
1408 1776 1604 1832 Deus?
1625 1778 1688 1837 ἲν.
1723 1781 1869 1834 Con—

218 1869 380 1917 verte
401 1880 510 1918 nos
538 1866 691 1917 Deus
729 1861 1004 1918 salutaris
1034 1867 1235 1919 noster
1267 1881 1279 1918 :
1305 1869 1359 1920 et
1389 1880 1462 1920 ne
1493 1865 1552 1920 in
1582 1870 1872 1922 aeternum

218 1951 496 2006 irascaris
510 1950 708 2015 nobis,
726 1966 917 2022 neque
932 1953 1210 2007 extendas
1225 1951 1394 2007 iram.
1411 1953 1487 2008 P.
1511 1955 1554 2007 A
1569 1955 1870 2026 progenie.

216 2039 277 2098 ῒ.
311 2039 535 2102 Gloria,
564 2044 674 2095 etc.
715 2039 1042 2095 Reiteretur
1063 2052 1124 2108 Βι.

283 2129 519 2184 Preces.
549 2127 791 2199 Respice
809 2127 1120 2198 placabilis
1146 2128 1389 2184 Domine
1413 2129 1876 2187 salvatoromni-

213 2222 454 2288 potens.
492 2215 558 2269 P.
595 2215 878 2278 Miserere,
914 2219 969 2270 et
997 2215 1213 2270 exaudi
1243 2231 1376 2272 nos.
1405 2217 1468 2277 διν.
1510 2219 1773 2274 Extensis
1799 2219 1877 2275 ad

214 2309 268 2359 te
298 2303 615 2370 manibus,
643 2303 814 2358 Pater
827 2318 1078 2370 summe,
1099 2303 1478 2373 confugimus
1505 2325 1514 2363 :
1537 2312 1877 2362 convertere

215 2392 295 2449 ad
327 2409 443 2448 nos
470 2392 645 2464 pium
669 2390 963 2447 intuitum.
997 2392 1060 2446 P.
1095 2392 1376 2448 Miserere.
1405 2392 1465 2454 γ.
1495 2394 1743 2451 Eﬁ‘unde
1774 2413 1877 2452 su-

218 2500 321 2555 per
353 2481 581 2536 faciem
623 2485 788 2535 terraa
827 2480 1229 2550 largissimam
1255 2481 1540 2552 pluviam,
1575 2489 1630 2540 et
1659 2489 1879 2554 praesta

215 2571 476 2636 cunctis,
522 2586 658 2641 quae
690 2568 1010 2641 postulant.
1056 2571 1116 2623 P.
1158 2571 1442 2626 Miserere.
1486 2571 1545 2631 Ψ.
1589 2575 1877 2630 Memento

213 2660 405 2717 nostri
429 2658 684 2714 Domine
705 2657 1033 2722 miserator,
1064 2663 1120 2712 et
1144 2659 1371 2729 patiens
1392 2660 1523 2731 :qui
1546 2666 1678 2717 ante
1696 2678 1879 2718 saecu-

211 2747 269 2805 la
292 2749 450 2804 vivis
485 2746 769 2818 perennis
789 2745 930 2803 Rex.
961 2747 1023 2799 P.
1056 2745 1338 2802 Miserere.
1373 2746 1434 2806 ἰν.
1468 2749 1719 2804 Peccata
1755 2765 1879 2820 pos-

209 2835 550 2893 nitentibus
580 2839 643 2890 tu
664 2834 930 2904 ignosce,
951 2838 1008 2890 et
1024 2834 1223 2891 debita
1240 2834 1466 2892 dimitte
1488 2856 1507 2892 :
1527 2837 1655 2908 jam
1675 2842 1878 2895 nostra

211 2926 462 2995 indulge
496 2924 770 2979 crimina.
799 2923 862 2977 P.
893 2922 1176 2980 Miserere.

279 3015 589 3085 Hymnus.
635 3015 676 3069 Ο
711 3013 1024 3071 Nazarene.
1058 3014 1171 3082 fol.
1199 3017 1323 3069 144.

283 3104 519 3159 Oratio.
556 3105 787 3170 Exurge
819 3101 1086 3165 Domine,
1116 3101 1217 3172 qui
1245 3101 1483 3171 judicas
1533 3106 1748 3160 terram
1782 3123 1794 3161 :
1823 3112 1878 3163 et

215 3193 319 3265 qui
344 3191 538 3246 ﬁdem
578 3188 850 3245 omnium
865 3189 1132 3258 gentium
1155 3191 1288 3260 pius
1318 3205 1625 3262 possessor
1645 3192 1878 3251 inhabi-

219 3289 326 3348 tas,
364 3297 441 3336 ne
471 3277 720 3352 patiaris
750 3292 861 3333 nos
892 3278 952 3332 in
992 3278 1248 3334 tenebris
1278 3295 1622 3349 remanere;
1653 3281 1758 3337 sed
1785 3283 1880 3340 fac

217 3388 329 3426 nos
355 3370 570 3425 lumen
604 3372 717 3423 tute
747 3366 1006 3422 veritatis
1044 3366 1307 3438 aspicere
1342 3384 1353 3422 :
1384 3372 1448 3423 ut
1491 3367 1882 3429 funda-menta

217 3460 357 3515 ﬁdei
375 3462 604 3514 nostrae
619 3472 740 3512 non
756 3472 934 3528 super
951 3471 1216 3520 arenam,
1237 3473 1414 3528 quam
1431 3457 1604 3512 turbo
1621 3457 1879 3529 dejiciat,

218 3548 604 3604 :ediﬁcemus
631 3562 644 3609 ;
667 3544 771 3600 sed
795 3560 978 3616 supra
999 3548 1249 3616 petram,
1265 3545 1436 3616 cujus
1461 3550 1520 3601 tu
1546 3562 1607 3602 es
1632 3547 1884 3606 ﬁrmitas

219 3636 642 3693 conlocemur.

293 3727 475 3782 Pater
514 3726 736 3779 noster.

868 3810 953 3866 Ad
971 3809 1233 3867 Sextum.

364 3903 573 3959 Lectio
603 3901 748 3956 libri
779 3900 1040 3957 Danielz's
1076 3900 1396 3970 Prophetas
1426 3900 1593 3970 (Cap.
1627 3903 1728 3972 Ix).

295 4004 363 4052 ἢ.
407 3990 537 4046 Deo
567 3990 806 4059 gratias.

299 4081 514 4134 Justus
536 4078 825 4134 Dominus
845 4077 1000 4132 Deus
1016 4075 1287 4133 nosterin
1304 4077 1586 4133 omnibus
1607 4077 1887 4150 operibus

230 4168 390 4234 suis,
409 4183 542 4237 quae
562 4166 734 4222 fecit:
759 4181 879 4222 non
894 4165 1054 4222 enim
1074 4164 1406 4220 audivimus
1430 4181 1637 4222 vocem
1651 4167 1798 4237 ejus.
1826 4170 1891 4224 Et

231 4271 404 4313 nunc
420 4256 654 4311 Domine
669 4255 824 4310 Deus
840 4259 1056 4320 noster,
1073 4253 1169 4325 qui
1182 4255 1432 4310 eduxisti
1446 4255 1716 4327 populum
1732 4261 1888 4312 tuum

225 4343 306 4402 de
331 4350 492 4400 terra
509 4342 742 4415 .Egypti
758 4343 818 4398 in
836 4359 1021 4399 manu
1044 4341 1249 4414 Moysi,
1269 4342 1527 4399 etfecisti
1548 4344 1647 4400 tibi
1670 4359 1890 4401 nomen

227 4432 572 4492 secundum
587 4431 744 4488 diem
757 4432 912 4489 hanc
927 4429 1697 4504 :peccavimus,iniquitates
1714 4434 1890 4505 239

227 4521 753 4586 fecimus,Domine
770 4521 830 4576 in
849 4536 1072 4577 omnem
1084 4519 1364 4590 justitiam
1387 4525 1540 4576 tuam
1566 4538 1579 4576 :
1600 4528 1893 4578 avertatur

229 4613 497 4668 obsecro
541 4609 631 4666 ira
660 4615 779 4673 tua,
811 4614 868 4666 et
896 4609 1060 4666 furor
1085 4613 1224 4665 tuus
1271 4613 1306 4665 ὁ.
1336 4609 1564 4666 civitate
1609 4615 1728 4679 tua,
1771 4612 1895 4668 Hie-

227 4701 532 4766 rusalem,
573 4705 626 4756 et
655 4715 689 4755 a
713 4705 916 4756 monte
952 4703 1155 4754 sancto
1183 4703 1302 4754 tuo.
1354 4701 1594 4771 Propter
1647 4706 1896 4772 peccata

227 4792 396 4848 enim
429 4793 658 4852 nostra,
679 4793 734 4844 et
754 4787 1098 4860 iniquitates
1119 4791 1356 4859 patrum
1379 4793 1744 4856 nostrorum,
1771 4789 1895 4845 Hie-

228 4879 492 4937 rusalem
507 4883 567 4934 et
580 4876 828 4950 populus
851 4881 985 4934 tuus
999 4876 1058 4932 in
1084 4875 1460 4947 obprobrium
1475 4877 1893 4934 suntomnibus

229 4985 339 5040 per
357 4966 685 5024 circuitum
707 4971 996 5021 nostrum.
1028 4968 1190 5020 Nunc
1214 4967 1410 5020 autem
1435 4966 1722 5021 Dominus
1740 4967 1893 5023 Deus

229 5062 438 5113 noster
457 5053 682 5112 exaudi
697 5054 1025 5110 orationem
1045 5053 1197 5109 servi
1217 5053 1318 5119 tui,
1343 5059 1397 5109 et
1417 5069 1621 5125 preces
1645 5055 1776 5126 ejus
1802 5073 1813 5110 :
1839 5058 1894 5111 et

229 5145 485 5202 ostende
512 5143 722 5200 faciem
741 5147 893 5198 tuam
912 5143 1500 5214 supersanctuarium
1523 5147 1704 5213 tuum,
1728 5143 1894 5215 quod

227 5233 545 5291 desertum
559 5231 1304 5304 estproptertemetipsum.
1318 5231 1543 5288 lnclina
1562 5234 1713 5287 Deus
1731 5248 1892 5289 meus

228 5340 443 5382 aurem
467 5330 660 5385 tuam,
689 5325 746 5376 et
773 5320 980 5376 exaudi
1008 5341 1020 5376 :
1050 5319 1215 5392 aperi
1244 5321 1448 5376 oculos
1484 5325 1637 5389 tuos,
1665 5326 1720 5378 et
1761 5322 1894 5378 vide

225 5411 681 5468 desolationem
698 5412 986 5474 nostram,
1007 5408 1390 5477 etcivitatem,
1411 5423 1588 5479 super
1608 5425 1794 5482 quam
1811 5409 1896 5466 in-

225 5507 522 5560 vocatum
541 5502 636 5560 est
656 5513 880 5556 nomen
906 5501 1180 5556 sanctum
1201 5500 1370 5554 tuum
1393 5519 1405 5554 :
1429 5512 1626 5570 neque
1645 5498 1808 5555 enim
1835 5497 1896 5555 in

1985 451 2187 507 faciem
2219 460 2403 522 tuam,
2437 459 2542 514 sed
2564 461 2621 514 in
2647 461 3130 522 miserationibus
3154 451 3266 526 tuis
3293 475 3630 532 multis.Ex-

1984 541 2124 630 audi
2158 544 2670 618 Domine,placare
2700 551 2982 607 Domine:
3009 559 3244 613 attende
3274 562 3539 630 Domine,
3573 569 3631 620 et

1983 627 2111 686 fac:
2145 635 2469 689 nemoreris
2507 643 2748 708 propter
2789 641 3172 712 temetipsum
3204 646 3355 701 Deus
3412 627 3578 706 meus
3613 669 3623 705 :

1980 717 2122 787 quia
2151 734 2372 775 nomen
2405 729 2569 778 tuum
2611 725 2955 783 invocatum
2986 735 3072 784 est
3103 747 3281 803 super
3310 737 3626 801 civitatem,

1981 809 2066 860 est
2096 823 2274 878 super
2299 811 2592 882 populum
2617 818 2805 870 tuum.
2835 828 2896 882 Br.
2923 823 3132 874 Amen.

2052 895 2389 967 Antiphona
2426 904 2470 952 t.
2499 903 2650 956 Deus
2677 904 2811 974 quis
2863 906 3074 961 similis
3116 909 3268 965 tibi?
3307 927 3377 967 ne
3409 917 3628 980 taceas,

1979 997 2172 1054 neque
2204 986 2401 1042 sileas.
2434 989 2705 1046 Psalmus
2737 1009 2938 1049 Lxxxu.

2050 1072 2272 1130 Oratio.
2303 1079 2548 1145 Exurge,
2604 1095 2675 1134 ne
2712 1085 2934 1150 taceas,
2989 1099 3183 1155 neque
3234 1091 3633 1158 compescaris

1977 1160 2127 1215 Deus
2161 1178 2173 1227 ;
2203 1163 2307 1219 sed
2335 1165 2477 1235 quia
2508 1167 2772 1222 odientes
2794 1175 2868 1234 te,
2903 1172 3236 1230 extulerunt
3266 1181 3450 1246 caput
3477 1193 3489 1242 ;
3523 1179 3632 1233 im-

1975 1249 2069 1319 ple
2088 1249 2267 1306 facies
2299 1268 2506 1308 eorum
2526 1254 2886 1327 ignominia;
2912 1263 2974 1314 ut
3000 1275 3222 1316 nomen
3243 1267 3410 1318 tuum
3431 1266 3634 1333 cogni-

1975 1341 2038 1393 ta
2067 1339 2412 1395 confusione
2432 1343 2775 1413 pcrquirant
2803 1363 2816 1410 ;
2851 1348 3216 1418 etpopulum
3244 1353 3410 1406 tuum
3442 1352 3631 1418 salva,

1973 1428 2040 1480 ut
2067 1425 2474 1482 testimonium
2530 1433 2642 1484 tuae
2675 1430 2900 1487 virtutis
2939 1433 3299 1504 intelligant:
3341 1442 3462 1493 esto
3501 1455 3632 1509 pro-

1975 1513 2152 1586 pitius
2179 1530 2358 1585 super
2387 1516 2767 1574 hereditatem
2793 1524 2957 1576 tuam
2993 1539 3004 1586 ;
3039 1523 3140 1593 qui
3173 1524 3332 1578 solus
3370 1541 3434 1580 es
3463 1526 3632 1580 Altis-

1982 1603 2172 1658 simus
2202 1619 2381 1674 super
2411 1620 2653 1660 omnem
2684 1613 2920 1662 terram.
2962 1609 3025 1663 P.
3072 1611 3275 1665 Amen.

2081 1695 2184 1746 Per
2215 1692 2704 1748 misericordiam.

2051 1781 2402 1848 Antiphona
2424 1783 2864 1851 2.Cognoscant
2881 1787 3405 1857 gentes,quoniam
3420 1804 3634 1845 nomen

1981 1869 2088 1924 tibi
2120 1869 2441 1927 Dominus:
2479 1875 2539 1924 tu
2569 1870 2732 1925 solus
2762 1871 3098 1928 Altissimus
3149 1891 3328 1947 super
3392 1893 3634 1934 omnem

1981 1959 2220 2013 terram.
2257 1958 2540 2013 Psalmus
2575 1975 2779 2014 Lxxxn.

2055 2047 2278 2101 Oratio.
2314 2047 2688 2115 Cognoscant
2716 2052 2921 2117 gentes
2954 2048 3196 2114 Christe,
3240 2053 3636 2123 quodnomen

1983 2134 2088 2191 tibi
2134 2135 2205 2189 sit
2238 2135 2556 2203 Dominus;
2589 2151 2696 2207 pro
2722 2137 3018 2208 quibusjes
3035 2139 3305 2209 patibulo
3327 2142 3516 2196 crucis
3533 2142 3637 2198 ad-

1983 2239 2208 2296 pensus
2238 2240 2250 2277 :
2284 2239 2558 2295 quosque
2589 2225 2829 2294 ignavia
2855 2225 3204 2295 ignorantiae
3237 2227 3418 2296 dedit,
3448 2230 3636 2285 scien-

1985 2313 2064 2370 tia
2091 2313 2360 2368 restituat
2389 2314 2680 2369 conditori
2711 2331 2723 2368 :
2761 2318 2824 2370 ut
2866 2314 2984 2370 ﬁde
3035 2322 3415 2374 convertatur
3470 2335 3639 2375 cons-

1986 2402 2199 2458 cientia
2233 2420 2245 2468 ;
2279 2406 2335 2456 et
2365 2417 2468 2472 spe
2509 2401 2738 2458 laetetur
2763 2402 2823 2457 in
2854 2403 3063 2472 gloria.
3098 2416 3162 2473 ﬁ.
3202 2407 3408 2462 Amen.

2057 2494 2161 2545 Per
2193 2490 2686 2545 misericordiam.

2056 2577 2392 2645 Antiphona
2419 2577 2630 2641 3.0uia
2652 2583 2713 2633 tu
2735 2578 2983 2634 Domine
3006 2582 3206 2636 suavis
3233 2598 3301 2636 ac
3320 2584 3476 2638 mitis
3501 2601 3563 2640 es
3585 2587 3642 2640 et

1985 2666 2240 2723 multum
2263 2665 2596 2720 misericors
2617 2666 3034 2721 invocantibus
3049 2673 3120 2722 te.
3145 2669 3416 2726 Psalmus
3433 2689 3638 2728 Lxxxv.

2058 2766 2120 2823 ἢ.
2147 2756 2273 2808 Non
2301 2751 2651 2808 secundum'
2694 2758 2937 2823 peccata
2999 2759 3204 2810 nostra
3227 2755 3413 2812 facias
3438 2760 3636 2828 nobis,

1987 2847 2140 2899 Deus
2172 2859 2182 2896 :
2213 2857 2408 2912 neque
2432 2841 2767 2896 secundum
2795 2840 3131 2912 iniquitates
3162 2850 3394 2898 nostras
3423 2846 3640 2903 reddas

1985 2930 2177 2988 nobis.
2213 2933 2269 2985 P.
2305 2929 2884 2994 Mcmento,Domine,
2920 2930 3082 3001 quod
3106 2937 3258 2986 terra
3290 2948 3519 2988 sumus.
3560 2935 3628 2989 P.

1917 3048 1958 3106 ο
1988 3021 2144 3077 Sicut
2182 3018 2491 3072 miseretur
2530 3024 2696 3088 pater
2760 3016 2917 3083 ﬁliis,
2969 3017 3046 3074 ita
3096 3018 3376 3076 miserere
3414 3022 3588 3077 nobis
3621 3020 3638 3066 ε

1985 3109 2128 3181 quia
2146 3114 2205 3162 tu
2235 3106 2349 3161 scis
2382 3106 2734 3175 ﬁgmentum
2781 3113 3070 3164 nostrum.
3111 3108 3168 3162 P.
3220 3111 3530 3166 Memento.
3564 3112 3628 3165 P.

1987 3196 2199 3262 Gloria,
2237 3202 2344 3250 etc.
2379 3196 2710 3252 Reiteretur
2742 3206 2806 3260 8;.

2058 3283 2511 3342 Preces.Christe
2532 3284 2871 3354 Redemptor
2902 3284 3035 3353 pius
3053 3284 3394 3354 animarum,
3427 3288 3641 3342 exaudi

1989 3377 2242 3447 gemitus
2273 3372 2703 3428 ﬂentium.P.Et
2731 3371 3028 3425 miserere.
3060 3371 3123 3427 P.
3155 3372 3415 3435 Attende,
3466 3373 3637 3439 Deus,

1992 3461 2314 3517 Ecclesiam
2338 3466 2533 3514 tuam:
2564 3465 2618 3513 et
2640 3458 2862 3512 cunctis
2890 3457 3051 3512 dona
3076 3457 3641 3532 indulgentiam,pro

1992 3549 2206 3621 quibus
2262 3549 2532 3619 pietatem
2585 3545 2976 3617 postulamus.
3022 3545 3083 3599 P.
3119 3548 3182 3600 Et
3207 3546 3513 3603 miserere.
3563 3549 3631 3604 P.

1993 3642 2278 3695 Memento
2304 3636 2511 3702 nostri,
2539 3635 2684 3706 quia
2705 3634 2900 3706 pulvis
2933 3649 3141 3691 sumus
3166 3651 3177 3690 :
3204 3636 3414 3692 iterum
3445 3636 3505 3692 in
3533 3645 3642 3692 ter-

1991 3741 2122 3781 ram
2151 3723 2479 3792 redigimur
2504 3741 2522 3793 ;
2544 3730 2606 3777 tu
2635 3737 2747 3778 nos
2774 3722 3034 3778 reforma
3081 3723 3141 3778 in
3200 3723 3429 3779 melius.
3468 3727 3531 3780 P.
3581 3727 3645 3780 Et

1993 3811 2610 3880 miserereﬂJgnosce
2640 3810 2808 3874 vivis,
2842 3812 3084 3879 ignosce
3123 3811 3430 3880 defunctis,
3467 3814 3646 3884 capti-

1992 3905 2082 3960 vis
2111 3909 2375 3958 restaura
2401 3899 2978 3972 patriam,etcunctis
2998 3900 3320 3972 dona,quae
3350 3900 3646 3971 postulant

1995 3996 2053 4048 P.
2084 3994 2148 4047 Et
2176 3990 2473 4045 miserere.
2507 3989 2813 4046 P.Dimitte
2844 4005 3088 4056 noxam,
3117 3989 3342 4046 dimitte
3379 3997 3640 4062 peccata,

1996 4080 2222 4136 dimitte
2253 4084 2604 4134 cunctorum
2625 4077 2842 4142 debita,
2869 4077 3152 4134 omnibus
3173 4079 3362 4134 tribue
3383 4078 3645 4134 veniam.

1999 4168 2062 4222 P.
2089 4171 2153 4222 Et
2180 4166 2474 4222 miserere.

2070 4258 2343 4326 Hymnus.
2373 4257 2415 4312 Ο
2439 4254 2758 4321 Nazarene,
2791 4254 3039 4324 lux.fol.
3098 4256 3220 4312 144.

2075 4346 2370 4415 Capitula.
2390 4343 2658 4399 Miserere
2681 4343 2916 4399 Domine
2942 4345 3018 4399 ad
3037 4351 3089 4399 te
3121 4351 3240 4400 tota
3267 4344 3362 4400 die
3389 4344 3650 4400 claman-

2003 4434 2191 4499 tibus;
2216 4432 2460 4504 tequein
2479 4431 2858 4488 tribulatione
2885 4432 3294 4489 invocantibus
3315 4433 3495 4489 existe
3517 4447 3648 4503 pro-

2000 4521 2179 4596 pitius
2201 4539 2214 4576 :
2232 4521 2368 4576 utin
2385 4519 2605 4593 quibus
2625 4521 2995 4591 majestatem
3014 4529 3179 4577 tuam
3201 4521 3506 4577 adorando
3523 4520 3648 4574 lau-

2001 4613 2239 4676 damus,
2260 4609 2437 4679 digne
2451 4609 2741 4680 suscipias
2769 4628 2785 4680 ;
2831 4618 3004 4682 etpro
3034 4609 3255 4682 quibus
3276 4614 3330 4664 te
3349 4609 3642 4669 timemus,

2002 4701 2138 4772 pius
2166 4703 2467 4770 ignoscas.
2498 4697 2749 4753 Timoris
2772 4697 2948 4767 igitur
2989 4698 3068 4752 tui
3097 4696 3433 4754 obedientia
3463 4693 3648 4749 corda

2001 4796 2206 4845 nostra
2230 4787 2464 4843 laetifica
2497 4804 2508 4840 :
2534 4793 2588 4841 et
2617 4785 3040 4842 consolationis
3062 4784 3370 4840 dulcedine
3383 4781 3648 4839 dubieta-

2004 4886 2120 4933 tem
2142 4883 2355 4933 nostrm
2387 4875 2601 4930 mentis
2645 4875 2914 4930 conforta
2939 4895 2950 4933 :
2971 4873 3076 4930 sed
3105 4873 3246 4944 quia
3267 4879 3326 4928 tu
3351 4871 3554 4927 suavis
3578 4888 3648 4928 ac

2000 4966 2157 5022 mitis
2179 4980 2262 5030 es,
2289 4963 2636 5019 suavitatem
2666 4979 2735 5018 ex
2761 4959 3243 5031 tuaindulgentia
3257 4959 3642 5025 hauriamus;

2000 5059 2056 5110 et
2083 5054 2145 5109 in
2169 5051 2554 5109 retribuendo
2579 5051 2744 5123 pium
2770 5058 2822 5106 te
2845 5051 3172 5122 mitemque
3202 5050 3539 5107 sentiamus.

2073 5141 2241 5196 Pater
2271 5146 2486 5195 noster.

2639 5229 2736 5285 Ad
2756 5231 3011 5288 Nonam.

2319 5315 2630 5385 Sapientiae
2659 5319 2987 5376 Salomonis
3026 5319 3192 5390 (Cap.
3226 5314 3322 5381 Vl)-

2075 5417 2136 5467 n-.
2172 5406 2290 5460 Deo
2323 5405 2562 5475 gratias.

2080 5494 2209 5567 Fili,
2235 5494 2446 5554 melior
2467 5503 2554 5556 est
2569 5495 2857 5568 sapientia
2883 5506 3062 5564 quam
3087 5488 3238 5544 vires
3271 5500 3285 5540 :
3315 5488 3371 5540 et
3392 5481 3480 5541 vir
3507 5498 3643 5556 pru-
