4094 6164
449 225 556 284 419

1709 205 2162 269 BREVIARIUM
2203 207 2595 270 GOTHICUM.

3743 211 3842 265 420

451 352 602 408 dens
622 361 808 420 quam
829 341 1229 400 fortis.Audite
1254 355 1394 410 ergo
1423 355 1611 409 reges,
1631 345 1685 395 et
1715 337 2102 404 intelligite,et
2139 335 2184 389 A
2213 339 2415 393 matris
2444 354 2612 393 meae.
2639 337 2787 392 Vivit
2809 335 3114 394 Dominus,
3143 334 3188 388 si
3214 332 3557 388 servassetis
3580 348 3849 402 eos,non

451 437 661 494 discite
682 434 915 506 judices
943 431 1153 485 ﬁnium
1175 429 1634 485 terras.Praabete
1661 443 1835 483 aures
1869 440 2105 497 vos,qui

452 523 760 582 continetis
789 517 1314 583 multitudinem,et
1341 518 1583 588 placetis
1612 515 1782 571 vobis
1814 513 1868 567 in
1918 513 2104 567 turbis

450 613 763 670 nationum
799 628 813 660 :
844 607 1130 679 quoniam
1161 605 1302 661 data
1325 612 1411 660 est
1456 622 1492 661 a
1534 605 1784 660 Domino
1843 607 2104 674 potestas

450 703 649 768 vobis,
679 705 733 754 et
761 699 944 754 virtus
973 695 1051 750 ab
1071 694 1496 765 Altissimo,qui
1516 690 1899 759 interrogabit
1922 703 2105 761 opera

451 797 666 858 vestra,
707 794 762 841 et
787 784 1172 852 cogitationes
1204 781 1560 837 scrutabitur
1598 797 1609 835 :
1641 779 1931 850 quoniam
1967 792 2102 832 cum

453 877 656 934 essetis
675 871 926 930 ministri
954 870 1119 940 regni
1144 869 1321 939 illius,
1356 885 1476 924 non
1516 876 1669 923 recte
1693 865 1973 938 judicatis
2000 880 2106 920 ne-

453 981 572 1037 que
600 959 937 1018 custodistis
966 958 1158 1025 legem
1182 957 1640 1027 justitiae,neque
1658 954 1989 1010 secundum
2006 968 2108 1007 vo-

452 1052 743 1108 luntatem
775 1046 873 1100 Dei
899 1044 1591 1100 ambulastis.Horrendee
1617 1050 1672 1098 et
1701 1043 1814 1098 cito
1855 1056 2106 1113 appare-

452 1139 539 1194 bit
567 1135 773 1190 vobis:
805 1132 1090 1204 quoniam
1115 1132 1407 1202 judicium
1473 1132 1862 1186 durissimum
1897 1131 1957 1185 in
1987 1128 2103 1184 his;

453 1225 554 1297 qui
577 1227 857 1295 praesunt,
889 1219 1012 1280 ﬁct.
1055 1220 1278 1290 Exiguo
1305 1221 1464 1274 enim
1491 1219 1832 1275 conceditur
1884 1218 2109 1273 miseri-

453 1312 658 1369 cordia
691 1327 702 1365 :
725 1313 988 1381 potentes
1009 1313 1197 1362 autem
1220 1315 1482 1377 potenter
1501 1313 1783 1362 tormenta
1799 1307 2103 1378 patientur.

455 1403 582 1456 Non
598 1399 748 1454 enim
773 1396 1068 1450 subtrahet
1091 1411 1397 1465 personam
1416 1396 1703 1466 cujusque
1731 1394 2008 1464 Deus,qui
2023 1397 2109 1448 est

454 1485 727 1542 omnium
747 1482 1220 1548 dominator,nec
1246 1483 1611 1538 reverebitur
1629 1482 2108 1551 magnitudinem

454 1574 814 1642 cujusquam
840 1587 852 1626 :
881 1570 1167 1639 quoniam
1195 1569 1479 1639 pusillum
1504 1576 1858 1639 etmagnum
1885 1571 2010 1640 ipse
2031 1569 2108 1623 fe-

2212 441 2318 481 vos
2348 426 2700 482 occiderem.
2739 426 3008 496 Dixitque
3037 422 3233 478 Jether
3263 422 3680 494 promogenito
3706 439 3812 478 suo
3833 443 3850 478 :

2215 515 2416 581 Surge,
2453 520 2508 569 et
2542 514 2803 570 interﬁce
2833 528 2953 568 eos.
2989 511 3097 576 Qui
3147 525 3272 566 non
3302 509 3506 565 eduxit
3536 509 3804 579 gladium
3837 528 3851 567 :

2210 601 2456 657 timebat
2484 603 2662 666 enim,
2691 602 2832 675 quia
2861 600 3058 656 adhuc
3099 615 3250 671 puer
3278 603 3420 655 erat.
3453 597 3855 671 Dixeruntque

2210 689 2393 744 Zebee
2423 695 2480 745 et
2505 691 2804 746 Salmana.
2833 691 2915 744 Tu
2945 702 3143 758 surge,
3175 691 3232 742 et
3252 687 3406 743 irrue
3428 686 3491 741 in
3521 702 3634 742 nos
3666 705 3678 741 :
3715 687 3858 758 quia

2206 775 2374 846 juxta
2392 782 2615 834 aetatem
2628 778 2806 833 robur
2817 781 2903 832 est
2914 776 3185 831 hominis.
3204 775 3578 848 Surrexitque
3592 774 3856 842 Gedeon,

2213 869 2266 921 et
2290 866 2575 922 interfecit
2604 866 2789 923 Zebee
2820 870 2877 922 et
2902 865 3181 920 Selmana
3210 881 3222 917 :
3249 868 3306 919 et
3338 863 3469 919 tulit
3499 869 3860 922 ornamenta

2213 968 2282 1008 ac
2312 953 2526 1020 bullas,
2559 955 2780 1027 quibus
2812 953 2963 1010 colla
2985 951 3277 1022 regalium
3299 951 3665 1008 camelorum
3688 952 3863 1009 deco-

2212 1043 2331 1097 rari
2343 1043 2954 1116 solent.Dixeruntque
2966 1057 3176 1098 omnes
3187 1041 3293 1096 viri
3306 1040 3482 1096 Israel
3499 1041 3575 1098 ad
3590 1041 3861 1098 Gedeon:

2215 1132 2530 1187 Dominare
2583 1132 2764 1187 nostri
2819 1136 2900 1197 tu,
2960 1135 3015 1186 et
3065 1129 3220 1184 ﬁlius
3265 1133 3425 1194 tuus,
3477 1134 3533 1185 et
3571 1129 3730 1185 ﬁlius
3759 1131 3862 1187 ﬁlii

2215 1220 2297 1276 tui
2321 1238 2334 1273 :
2368 1220 2512 1291 quia
2531 1219 2913 1275 liberastinos
2933 1219 3006 1275 de
3025 1235 3210 1274 manu
3232 1218 3486 1274 Madian.
3517 1218 3749 1283 Quibus
3768 1219 3862 1276 ille

2216 1309 2298 1364 ait
2331 1326 2343 1360 :
2385 1311 2509 1363 Non
2535 1307 2892 1364 dominabor
2906 1307 3102 1374 vestri,
3135 1321 3332 1379 neque
3363 1305 3778 1361 dominabitur
3801 1306 3864 1361 in

2214 1411 2319 1451 vos
2344 1395 2500 1451 ﬁlius
2538 1412 2728 1461 meus,
2762 1397 2866 1452 sed
2905 1394 3310 1451 dominabitur
3338 1393 3513 1449 vobis
3543 1393 3859 1449 Dominus.

2217 1483 2490 1554 Dixitque
2503 1483 2578 1538 ad
2601 1499 2702 1540 eos
2726 1501 2738 1538 :
2768 1485 2955 1539 Unam
2977 1483 3321 1556 petitionem
3340 1481 3618 1554 postuloa
3643 1481 3858 1537 vobis:

2214 1572 2356 1626 Date
2382 1571 2523 1626 mihi
2550 1572 2786 1628 inaures
2819 1587 2891 1628 ex
2924 1571 3130 1644 praeda
3157 1573 3372 1626 vestra.
3407 1571 3642 1625 Inaures
3689 1569 3858 1625 enim

455 1660 610 1726 cit,et
637 1655 943 1728 aequaliter
961 1672 1106 1711 cura
1133 1663 1221 1710 est
1242 1656 1319 1711 illi
1347 1658 1416 1712 de
1436 1658 1735 1712 omnibus.
1771 1667 1841 1726 R.
1882 1661 2092 1712 Amen.
2140 1675 2186 1732 Β
2216 1673 2428 1714 aureas
2475 1659 2779 1715 lsmaelitae
2817 1659 3036 1715 habere
3082 1662 3543 1716 consueverant.
3582 1657 3690 1722 Qui
3737 1673 3864 1713 res-

734 1745 932 1800 Lectio
985 1743 1126 1798 libri
1166 1745 1447 1801 Judicum
1476 1746 1642 1815 (Cap.
1675 1746 1822 1815 vui).

524 1845 593 1904 ni.
633 1835 750 1888 Deo
782 1833 1020 1901 gratias.

528 1923 592 1976 In
613 1921 722 1975 illis
743 1920 954 1975 diebus
982 1938 994 1974 :
1029 1919 1176 1976 Cum
1209 1923 1461 1977 venisset
1513 1922 1747 1978 Gedeon
1799 1923 1877 1977 ad
1901 1921 2109 1976 Jorda-

453 2008 883 2075 nem,transivit
906 2023 1045 2063 eum
1107 2025 1244 2064 cum
1289 2011 1561 2066 trecentis
1590 2011 1750 2077 viris,
1787 2009 1964 2081 240
2002 2010 2104 2081 qui

457 2113 660 2153 secum
682 2103 885 2151 erant:
911 2102 966 2150 et
983 2111 1102 2166 prie
1125 2097 1495 2165 lassitudine,
1525 2098 1808 2166 fugientes
1833 2097 2106 2169 persequi

455 2199 580 2240 non
608 2184 1176 2255 poterant.Dixitque
1197 2185 1275 2240 ad
1302 2187 1454 2240 viros
1487 2187 1736 2241 Soccoth
1756 2201 1781 2243 .'
1811 2189 1967 2255 Date,
2003 2185 2109 2240 ob-

457 2271 876 2343 secro,populo
895 2272 997 2343 qui
1029 2286 1267 2327 mecum
1297 2279 1614 2344 est,panes,
1642 2275 1786 2346 quia
1808 2273 1984 2330 valde
2014 2274 2105 2329 de-

456 2360 762 2416 fecerunt:
796 2366 859 2414 ut
882 2361 1179 2431 possimus
1211 2362 1484 2433 persequi
1529 2363 1714 2418 Zebee
1738 2369 1794 2416 et
1824 2362 2108 2418 Salmana

456 2464 625 2519 reges
645 2449 1355 2520 Madian.Besponderunt
1368 2451 1666 2521 principes
1683 2451 1931 2506 Soccoth
1944 2470 1966 2504 .·
1978 2453 2108 2506 For-

457 2538 610 2592 sitan
629 2536 847 2608 palmas
872 2552 1164 2591 manuum
1208 2538 1390 2592 Zebee
1425 2545 1480 2593 et
1512 2538 1793 2594 Salmana
1829 2540 1888 2592 in
1920 2553 2107 2594 manu

457 2631 558 2681 tua
584 2631 739 2685 sunt,
765 2631 821 2678 et
845 2625 1066 2678 idcirco
1095 2625 1360 2693 postulas
1386 2627 1672 2681 utdemus
1699 2627 1974 2682 exercitui
2006 2633 2108 2682 tuo

456 2726 643 2784 panes
668 2713 696 2766 ?
725 2711 951 2776 Quibus
982 2711 1075 2766 ille
1105 2713 1186 2766 ait
1218 2729 1230 2766 :
1257 2713 1402 2768 Cum
1427 2729 1570 2782 ergo
1593 2715 1895 2769 tradiderit
1917 2715 2109 2770 Domi-

455 2814 572 2854 nus
593 2798 777 2854 Zebee
803 2805 859 2853 et
898 2799 1183 2855 Salmana
1213 2800 1271 2854 in
1305 2816 1526 2855 manus
1581 2817 1769 2870 meas,
1801 2808 2105 2858 conteram

456 2902 666 2942 carnes
688 2893 907 2941 vestras
923 2903 1061 2941 cum
1077 2888 1264 2957 spinis
1287 2889 1630 2960 tribulisque
1645 2890 1877 2945 deserti.
1899 2892 2108 2947 Etinde

2214 1747 2552 1819 ponderunt
2570 1766 2583 1802 :
2601 1748 3000 1804 Libentissime
3015 1747 3305 1804 dabimus.
3324 1745 3865 1818 Expandentesque

2215 1851 2393 1907 super
2417 1839 2633 1892 terram
2656 1835 2923 1907 pallium,
2948 1837 3324 1908 projecerunt
3346 1833 3406 1890 in
3433 1850 3503 1890 eo
3524 1833 3766 1890 inaures
3791 1833 3868 1889 de

2214 1924 2420 1994 prieda
2449 1929 2504 1979 et
2526 1924 2632 1979 fuit
2648 1925 2884 1996 pondus
2907 1921 3682 1995 postulataruminaurium,
3703 1922 3868 1978 mille

2216 2011 2577 2083 septingenti
2602 2011 2731 2068 auri
2761 2011 2904 2079 sicli,
2923 2011 3144 2082 absque
3172 2010 3563 2074 ornamentis,
3597 2015 3653 2066 et
3673 2010 3869 2066 moni-

2212 2099 2389 2166 libus,
2423 2104 2478 2155 et
2503 2103 2660 2156 veste
2691 2115 3011 2172 purpurea,
3044 2099 3264 2172 quibus
3295 2098 3529 2156 Madian
3561 2113 3734 2169 reges
3781 2099 3869 2155 tui

2215 2187 2366 2243 soliti
2391 2192 2576 2259 erant,
2610 2192 2666 2243 et
2694 2193 2904 2260 praeter
2932 2192 3174 2260 torques
3207 2203 3422 2244 aureas
3455 2186 3860 2243 camelorum.

2215 2276 2484 2348 Fecitque
2515 2275 2589 2331 de
2614 2291 2684 2332 eo
2717 2276 2953 2332 Gedeon
2976 2275 3205 2348 Ephod,
3239 2281 3295 2334 et
3314 2275 3514 2348 posuit
3535 2275 3680 2330 illud
3707 2276 3773 2330 in
3795 2275 3872 2331 ci-

2213 2363 2392 2419 vitate
2410 2380 2519 2419 sua
2540 2365 2758 2436 Ephra.
2787 2365 3250 2437 Fornicatusque
3267 2369 3356 2420 est
3377 2365 3574 2420 omnis
3596 2364 3783 2420 Israel
3809 2365 3867 2420 in

2215 2466 2305 2518 eo,
2340 2457 2394 2508 et
2421 2453 2644 2509 factum
2675 2458 2766 2508 est
2793 2453 3050 2509 Gedeoni
3084 2457 3139 2509 et
3171 2453 3336 2510 omni
3373 2453 3602 2509 domini
3632 2453 3768 2524 ejus
3809 2455 3868 2510 in

2213 2540 2471 2596 ruinam.
2505 2541 2859 2597 Humiliatus
2898 2547 2988 2597 est
3013 2546 3213 2598 autem
3234 2541 3464 2598 Madian
3487 2557 3693 2598 coram
3723 2542 3868 2598 ﬁliis

2216 2628 2413 2693 Israel,
2446 2643 2555 2683 nec
2584 2634 2862 2701 poterant
2896 2629 3050 2686 ultra
3101 2630 3331 2685 elevare
3391 2629 3724 2685 cervicem:
3760 2629 3871 2686 sed

2215 2716 2433 2788 quievit
2457 2721 2608 2773 terra
2639 2733 2745 2790 per
2771 2717 3174 2790 quadraginta
3204 2733 3418 2782 annos,
3450 2717 3675 2792 quibus
3710 2734 3866 2791 prae-

2213 2803 2323 2860 fuit
2346 2804 2604 2860 Gedeon.
2626 2805 2781 2860 Abiit
2801 2806 2998 2877 itaque
3017 2805 3294 2862 Jerobaal
3322 2805 3481 2861 ﬁlius
3501 2807 3661 2870 Joas,
3686 2811 3747 2862 et
3770 2807 3871 2864 ha-

2213 2893 2420 2949 bitavit
2443 2893 2504 2949 in
2534 2894 2718 2950 domo
2743 2911 2852 2951 sua
2884 2912 2897 2950 :
2921 2895 3250 2967 habuitque
3275 2895 3657 2968 septuaginta
3686 2895 3868 2962 ﬁlios,

457 2974 1047 3061 Conscendensﬁenit
1066 2975 1124 3028 in
1149 2976 1805 3049 Phanuel:locutusque
1832 2984 1916 3033 est
1937 2980 2008 3034 ad
2029 2979 2107 3034 vi-
2143 3003 2186 3061 ε
2213 2982 2317 3054 qui
2347 2982 2568 3052 egressi
2598 2987 2736 3038 sunt
2765 2984 2838 3038 de
2878 2982 3098 3039 femore
3132 2984 3260 3054 ejus
3302 3000 3315 3039 :
3348 3000 3418 3040 eo
3456 2984 3622 3057 quod
3667 2985 3874 3058 plures

453 3076 555 3117 ros
577 3061 687 3115 loci
711 3059 865 3114 illius
891 3060 1125 3115 similia.
1160 3062 1262 3116 Cui
1291 3071 1345 3116 et
1369 3064 1450 3117 illi
1476 3067 1928 3135 responderunt,
1961 3067 2109 3122 sicut

454 3147 886 3219 responderant
915 3148 1024 3203 viri
1047 3150 1318 3207 Soccoth.
1351 3150 1503 3206 Dixit
1540 3151 1736 3223 itaque
1800 3154 1883 3208 eis
1913 3173 1926 3207 :
1959 3157 2105 3210 Cum

453 3251 726 3292 reversus
743 3235 908 3291 fuero
927 3237 1113 3292 victor
1127 3237 1188 3292 in
1210 3239 1682 3308 pace,destruam
1705 3243 1910 3296 turrim
1925 3243 2100 3299 hanc.

453 3323 636 3380 Zebee
661 3329 860 3380 autem
886 3330 942 3378 et
966 3325 1244 3380 Salmana
1272 3327 1724 3398 requiescebant
1750 3346 1884 3384 cum
1939 3332 2104 3386 omni

451 3413 711 3468 exercitu
739 3413 1226 3478 suo.Quindecim
1253 3416 1412 3470 enim
1442 3417 1627 3472 millia
1657 3418 1762 3472 viri
1796 3434 2103 3474 remanse-

450 3508 590 3555 runt
603 3517 674 3554 ex
685 3501 968 3555 omnibus
982 3502 1193 3556 turmis
1205 3504 1582 3560 orientalium
1606 3506 2102 3577 populorum,caa-

451 3588 533 3642 sis
559 3593 796 3643 centum
823 3589 1019 3657 viginti
1043 3591 1296 3646 millibus
1317 3592 1670 3649 bellatorum
1719 3596 2101 3653 educentium

451 3674 738 3744 gladium.
776 3677 1233 3750 Ascendensque
1273 3681 1510 3737 Gedeon
1559 3683 1842 3754 perviam
1893 3700 2101 3740 eorum

451 3762 550 3833 qui
570 3763 630 3815 in
649 3762 1036 3818 tabernaculis
1059 3768 1429 3823 morabantur
1444 3771 1514 3825 ad
1528 3771 1858 3827 orientalem
1881 3771 2100 3843 plagam

450 3849 699 3916 Nobe,et
721 3852 1259 3925 Jacbaa,percussit
1277 3864 1471 3913 castra
1492 3857 1886 3932 hostium,qui
1909 3861 2100 3916 securi

453 3945 638 4004 erant,
668 3945 722 3994 et
749 3939 895 3994 nihil
916 3941 1149 3996 adversi
1169 3945 1649 4014 suspicabantur.
1677 3949 2100 4021 Fugeruntque

449 4026 634 4082 Zebee
662 4033 716 4082 et
747 4028 1046 4094 Salmana,
1078 4046 1232 4102 quos
1255 4048 1624 4104 persequens
1684 4037 1920 4092 Gedeon
1944 4053 2098 4093 com-

448 4115 778 4186 prehendit,
812 4116 1044 4172 turbato
1059 4119 1224 4173 omni
1239 4121 1494 4176 exercitu
1514 4138 1741 4178 eorum.
1761 4127 2100 4182 Revertens-

448 4217 566 4273 que
595 4203 669 4258 de
690 4202 842 4258 bello
864 4211 998 4260 ante
1029 4205 1168 4261 solis
1185 4215 1400 4275 ortum,
1418 4211 1807 4281 apprehendit
1844 4229 2097 4284 puerum

2213 3071 2461 3126 haberet
2480 3087 2710 3126 uxores.
2728 3072 3072 3128 Concubina
3089 3077 3289 3128 autem
3302 3073 3669 3146 illius,quam
3685 3075 3877 3131 habe-

2211 3159 2309 3216 bat
2326 3160 2386 3214 in
2401 3160 2850 3232 Sichem,genuit
2865 3162 2915 3217 ei
2933 3161 3114 3217 ﬁlium
3132 3163 3360 3218 nomine
3374 3160 3695 3218 Abimelech
3706 3166 3872 3220 .Mor-

2212 3254 2471 3321 tuusque
2490 3254 2580 3304 est
2622 3250 2857 3306 Gedeon
2891 3250 3047 3306 ﬁlius
3077 3253 3219 3307 Joas
3247 3252 3307 3307 in
3348 3254 3649 3307 senectute
3679 3253 3864 3323 bona,

2213 3341 2268 3393 et
2284 3337 2550 3409 sepultus
2569 3343 2657 3394 est
2672 3339 2732 3394 in
2755 3339 3070 3410 sepulchro
3092 3343 3231 3396 Joas
3246 3339 3427 3413 patris
3443 3342 3551 3396 sui.
3567 3351 3635 3408 ἢ.
3649 3345 3868 3398 Amen.

2278 3427 2621 3496 Antiphona
2652 3428 2702 3480 I.
2734 3427 3003 3494 Domine,
3026 3429 3322 3499 refugium
3355 3429 3548 3485 factus
3574 3445 3640 3484 es
3659 3431 3862 3499 nobis,

2209 3527 2246 3568 a
2284 3516 2661 3584 generatione
2682 3517 2742 3570 in
2764 3518 3066 3588 progenie.
3097 3518 3316 3574 Psalm.
3341 3533 3567 3573 Lxxxix.

2281 3603 2502 3658 Oratio.
2563 3606 2699 3660 Esto
2757 3603 3053 3675 refugium
3110 3611 3383 3661 nostrum
3423 3606 3865 3681 Domine;ple-

2207 3689 2467 3762 bemque
2489 3696 2656 3747 tuam
2680 3693 2872 3764 patrio
2896 3693 3302 3762 gubernaculo
3327 3709 3466 3763 rege
3499 3712 3511 3748 :
3546 3709 3617 3750 ac
3645 3695 3805 3750 sicut
3830 3711 3866 3751 a

2209 3779 2443 3834 saeculis
2484 3787 2722 3851 patrum
2753 3785 2854 3838 tua
2884 3787 3197 3838 senserunt
3215 3783 3520 3851 remedia;
3551 3784 3636 3839 ita
3655 3790 3866 3841 nostra

2205 3866 2267 3922 in
2300 3866 2517 3924 saecula
2543 3873 2644 3924 tua
2675 3869 3007 3940 intelligant
3042 3870 3358 3928 beneﬁcia.
3400 3882 3464 3931 Rv.
3504 3874 3719 3928 Amen.

2280 3958 2384 4011 Per
2421 3957 2892 4014 misericordiam
2923 3964 3106 4014 tuam.

2277 4044 2627 4113 Antiphona
2660 4050 2713 4100 2.
2767 4048 2995 4102 Bonum
3042 4050 3128 4104 est
3178 4047 3447 4104 conﬁteri
3492 4047 3777 4119 Domino,
3810 4052 3867 4104 et

2205 4135 2461 4205 psallere
2493 4135 2724 4191 nomini
2750 4139 2852 4192 tuo
2885 4137 3200 4192 Altissime.
3230 4137 3444 4194 Psalm.
3477 4155 3597 4196 xor.

2279 4223 2502 4278 Oratio.
2522 4225 2753 4278 Bonum
2771 4230 2859 4280 est
2887 4240 2997 4281 nos
3023 4225 3126 4281 tibi
3142 4227 3392 4282 Domino
3421 4225 3714 4293 conﬁteri,
3739 4231 3866 4283 tuo-

448 4289 523 4388 de
543 4289 686 4346 viris
703 4293 986 4395 ‘Soccoth:
1007 4293 1505 4395 interrogavitque
1519 4314 1656 4354 eum
1671 4301 1918 4357 nomina
1938 4302 2098 4372 prin-
2131 4337 2176 4395 Β
2205 4325 2322 4386 que
2343 4311 2630 4367 altissimo
2655 4313 2884 4368 nomini
2909 4313 3163 4386 psallere
3197 4331 3209 4368 ε
3242 4319 3307 4370 ut
3343 4329 3454 4370 nos
3475 4319 3532 4372 et
3558 4315 3863 4371 confessio

449 4379 656 4450 cipum
666 4385 721 4435 et
733 4381 1035 4438 seniorum
1051 4385 1704 4460 Soccoth,etdescripsit
1718 4391 2098 4462 septuaginta

446 4473 504 4523 et
530 4474 754 4540 septem
780 4471 963 4526 viros.
1008 4473 1286 4545 Venitque
1309 4475 1386 4530 ad
1412 4477 1683 4546 Soccoth,
1704 4483 1761 4534 et
1785 4478 1930 4533 dixit
1958 4481 2040 4533 eis
2078 4497 2094 4536 :

446 4557 531 4612 En
550 4559 731 4614 Zebee
756 4565 812 4613 et
843 4559 1147 4629 Salmana,
1180 4579 1361 4634 super
1410 4565 1629 4636 quibus
1687 4567 2095 4637 exprobrastis

443 4643 608 4708 mihi,
633 4645 898 4703 dicentes
931 4664 944 4702 :
975 4650 1237 4706 Forsitan
1272 4668 1493 4708 manus
1524 4654 1707 4710 Zebee
1730 4662 1784 4710 et
1812 4655 2094 4712 Salmana

445 4731 507 4787 in
530 4733 810 4790 manibus
839 4737 954 4792 tuis
983 4740 1170 4793 sunt?
1216 4739 1439 4798 idcirco
1492 4744 1758 4815 postulas
1790 4751 1853 4799 ut
1882 4745 2097 4801 demus

444 4817 606 4883 viris,
632 4823 736 4892 qui
765 4823 907 4879 lassi
945 4833 1083 4880 sunt
1110 4833 1167 4882 et
1190 4829 1549 4900 defecerunt,
1569 4833 2096 4903 panes.Tulitergo

445 4907 706 4964 seniores
734 4911 980 4970 civitatis
1011 4921 1069 4971 et
1099 4916 1304 4986 spinas
1361 4919 1574 4975 deserti
1632 4935 1702 4975 ac
1746 4919 2012 4985 tribulos,
2042 4927 2098 4976 et

445 4994 718 5051 contrivit
742 5014 879 5056 cum
917 5002 1021 5066 eis,
1049 5011 1228 5074 atque
1248 5008 1602 5062 comminuit
1631 5009 1787 5064 viros
1828 5009 2096 5064 Soccoth.

443 5083 672 5140 Turrim
701 5102 940 5160 quoque
961 5089 1229 5146 Phanuel
1256 5094 1783 5159 subvertit,occisis
1806 5097 2098 5153 habitato-

442 5172 608 5228 ribus
633 5174 903 5231 civitatis.
927 5178 1198 5249 Dixitque
1211 5181 1288 5234 ad
1307 5181 1490 5237 Zebee
1516 5191 1571 5238 et
1599 5185 1882 5240 Salmana
1915 5187 2098 5252 :Qua-

441 5259 526 5316 les
551 5261 788 5320 fuerunt
811 5266 939 5331 viri,
969 5282 1115 5337 quos
1137 5267 1427 5322 occidistis
1459 5272 1516 5325 in
1552 5273 1787 5330 Thabor
1809 5278 1824 5329 ι
1849 5276 1956 5340 Qui
2004 5289 2097 5330 re-

442 5352 811 5419 sponderunt
839 5370 851 5410 :
887 5354 1117 5410 Similes
1146 5356 1247 5420 tui,
1273 5363 1328 5410 et
1357 5373 1511 5413 unus
1531 5375 1607 5415 ex
1628 5362 1711 5417 eis
1737 5364 1909 5436 quasi
1938 5362 2096 5418 ﬁlius

442 5437 619 5504 παῦε.
652 5441 889 5505 Ουὼιιι
928 5441 1026 5500 ille
1065 5444 1178 5500 ait:
1231 5446 1464 5506 France,
1517 5450 1636 5504 mei
1692 5449 1947 5517 fuerunt,
1990 5449 2093 5504 ﬁlii

2205 4413 2242 4454 a
2271 4399 2548 4471 periculis
2576 4405 2782 4467 eruat;
2811 4405 2868 4458 et
2901 4402 3195 4475 psallendi
3225 4403 3526 4460 industria
3573 4419 3780 4460 coram
3810 4408 3863 4460 te

2204 4488 2488 4558 gratiores
2519 4488 2819 4547 exhibeat.
2854 4501 2922 4560 ἢ.
2963 4492 3171 4547 Amen.

2278 4580 2398 4633 Per.

2274 4670 2310 4720 A
2322 4667 2612 4735 ntiphona
2626 4672 2678 4725 3.
2692 4667 2821 4724 Non
2834 4668 3076 4742 repellet
3087 4669 3374 4726 Dominus
3385 4668 3628 4742 plebem
3644 4686 3856 4727 suam:

2202 4758 2259 4810 et
2315 4754 2704 4812 hereditatem
2761 4773 2932 4814 suam
2981 4773 3104 4814 non
3161 4757 3547 4832 derelinquet.
3595 4759 3862 4815 Psalmus

2201 4858 2360 4899 XCIII.

2273 4928 2564 4997 Hymnus.
2600 4930 2644 4985 Ο
2671 4929 2987 5000 Nazarene,
3028 4929 3150 4986 lux.
3171 4931 3284 5000 fol.
3321 4933 3437 4986 144.

2278 5015 2393 5088 24
2407 5019 2448 5087 ι
2471 5018 2699 5075 Oratio.
2717 5022 2843 5074 Non
2862 5019 3133 5091 repellas,
3149 5019 3405 5084 Domine,
3426 5015 3675 5090 plebem,
3691 5035 3869 5092 quam

2203 5112 2492 5160 mercatus
2505 5121 2568 5160 es
2586 5124 2598 5171 ;
2616 5121 2722 5162 nec
2737 5106 3110 5178 derelinquas
3120 5107 3518 5172 hereditatem,
3535 5122 3646 5178 pro
3661 5122 3792 5180 qua
3807 5107 3874 5163 in

2204 5207 2373 5247 cruce
2386 5209 2668 5263 appensus
2685 5211 2747 5250 es
2765 5214 2776 5251 :
2799 5194 2896 5250 sed
2913 5211 3202 5267 quousque
3211 5194 3608 5266 justitia,nunc
3620 5194 3870 5256 occulta,

2203 5279 2506 5334 manifesto
2521 5281 2802 5339 clareatin
2816 5283 3040 5354 judicio
3051 5284 3263 5357 pietate
3276 5289 3542 5357 porrecta
3555 5298 3668 5340 nos
3684 5298 3830 5354 rege
3849 5300 3868 5338 :

2203 5372 2259 5422 et
2273 5367 2579 5423 secundum
2597 5371 3008 5430 multitudinem
3023 5373 3285 5429 dolorum
3299 5378 3621 5430 nostrorum
3635 5377 3735 5428 tua
3749 5387 3865 5428 nos

2201 5453 2433 5512 laniﬁca
2445 5456 2851 5518 exhortatione
2872 5479 2885 5517 :
2907 5462 3085 5534 utqui
3097 5462 3362 5520 dolorem
3391 5475 3553 5519 nunc
3585 5459 3770 5531 ﬁngis
3793 5459 3859 5516 in
