4094 6164
473 211 576 269 423

1743 185 2188 253 BREVIARIUM
2227 188 2614 247 GOTHICUM.

3759 188 3856 246 424

469 351 600 393 ram
623 348 741 390 non
759 330 944 398 bibat,
968 328 1132 387 nullo
1152 333 1420 385 vescatur
1436 323 1749 381 immundo
1770 342 1781 381 :
1803 329 1858 378 et
1873 318 2038 393 quod
2054 317 2110 374 ei
2147 316 2192 370 A
2223 314 2449 372 homini
2462 315 2679 388 quiete.
2695 313 2894 371 Mulier
2905 307 3291 398 siprimatum
3307 303 3551 398 habeat,
3573 311 3865 370 contraria

467 423 746 497 praecepi,
759 420 1003 492 impleat
1018 424 1195 490 atque
1212 413 1792 484 custodiat.Dixitque
1806 412 2014 497 Manue
2032 405 2113 462 ad

469 495 761 582 Angelum
778 508 1010 564 Domini
1029 527 1041 565 ;
1061 506 1317 563 Obsecro
1330 510 1383 559 te
1402 509 1464 558 ut
1475 502 1818 575 acquiescas
1833 495 2110 571 precibus

471 601 640 665 meis,
664 597 1014 664 etfaciemus
1039 593 1388 650 tibihaedum
1399 592 1472 647 de
1502 590 1699 663 capris
1721 609 1731 647 :
1753 587 1854 660 qui
1869 598 2112 656 respon-

470 688 555 744 dit
581 686 838 757 Angelus
859 683 1090 740 Domini
1125 700 1137 734 :
1167 682 1222 739 Si
1255 696 1350 736 me
1383 679 1567 750 cogis,
1616 693 1738 734 non
1796 673 2110 731 comedam

468 792 658 848 panes
687 781 820 830 tuos
845 789 856 828 :
884 773 930 827 si
950 776 1147 828 autem
1177 769 1262 823 vis
1283 767 1704 824 holocaustum
1734 764 1945 829 facere,
1965 759 2111 816 offer

471 847 610 918 illud
630 863 769 917 Deo.
804 863 869 915 Et
889 857 1192 914 nesciebat
1215 859 1422 912 Manue
1442 853 1607 927 quod
1635 850 1892 922 Angelus
1919 847 2110 904 Domi-

469 951 531 1006 ni
552 955 721 1005 esset.
743 948 1012 1018 Dixitque
1029 945 1252 1001 adeum
1289 961 1300 997 :
1335 942 1507 1009 Quod
1545 939 1753 997 esttibi
1780 942 2106 1005 nomen,ut,

470 1038 519 1092 si
546 1051 739 1091 sermo
769 1041 906 1089 tuus
931 1033 1106 1088 fuerit
1160 1031 1448 1102 expletus,
1517 1027 1968 1085 honoriﬁcemus
2007 1031 2059 1078 te
2084 1024 2111 1078 ?

471 1124 571 1179 Cui
594 1123 686 1177 ille
720 1120 1063 1192 respondit:
1096 1122 1322 1175 Nomen
1353 1133 1557 1173 meum
1577 1122 1664 1172 est
1703 1113 2112 1170 mirabile.Tu-

469 1209 532 1265 lit
549 1211 746 1282 itaque
774 1211 983 1266 Manue
1008 1207 1253 1264 haedum
1281 1206 1355 1262 de
1380 1205 1594 1278 capris,
1617 1203 2034 1267 etlibamenta,
2058 1205 2114 1254 et

468 1298 666 1370 posuit
684 1312 862 1370 super
891 1295 1398 1367 petram,oﬂ‘erens
1423 1292 1696 1359 Domino,
1729 1291 1834 1362 qui
1857 1289 1991 1345 fecit
2006 1287 2114 1343 mi-

355 1436 362 1441 .
468 1386 680 1442 rabilia
712 1387 878 1456 :ipse
908 1391 1105 1440 autem
1135 1390 1189 1438 et
1207 1399 1354 1438 uxor
1367 1382 1496 1452 ejns
1518 1378 1914 1436 intuebantur.
1938 1377 2111 1432 Cum-

469 1490 586 1547 que
619 1473 965 1531 ascenderet
988 1472 1236 1527 ﬂamma
1266 1471 1467 1526 altaris
1492 1469 1550 1524 in
1582 1468 1817 1538 coelum,
1851 1465 2110 1535 Angelus

468 1562 693 1618 Domini
710 1561 929 1632 pariter
946 1560 1005 1614 in
1022 1559 1271 1615 ﬂamma
1290 1556 1577 1614 ascendit.
1595 1555 1767 1621 Quod
1785 1571 1920 1610 cum
1938 1552 2114 1609 vidis-

2223 409 2313 460 est
2338 405 2464 462 viro
2488 421 2614 461 suo.
2650 407 2759 460 Cor
2787 401 3034 465 humile,
3067 403 3122 454 et
3151 395 3332 452 facies
3361 395 3567 461 tristis,
3599 403 3657 453 et
3688 398 3864 471 plaga

2221 494 2445 559 mortis,
2473 492 2684 549 mulier
2731 505 3013 564 nequam.
3050 488 3255 542 Manus
3293 482 3542 556 debiles,
3589 489 3646 541 et
3674 502 3867 556 genua

2219 580 2530 648 dissoluta,
2555 581 2929 651 mulier,quse
2943 591 3066 632 non
3079 573 3377 630 beatiﬁcat
3387 571 3582 628 virum
3597 580 3868 632 suum.At

2221 669 2464 725 muliere
2479 668 2709 723 initium
2726 666 2950 723 factum
2972 668 3062 720 est
3081 659 3327 735 peccati,
3360 665 3536 733 etper
3561 661 3724 718 illam
3743 679 3867 720 om-

2217 774 2323 813 nes
2349 757 2658 813 morimur.
2684 755 2885 811 Mulier
2905 753 3070 810 fortis
3091 749 3346 808 oblectat
3369 749 3568 805 virum
3589 768 3790 818 suum,
3819 757 3870 809 et

2219 861 2410 904 annos
2439 845 2571 902 vitae
2593 843 2752 900 illius
2782 861 2841 899 1n
2873 856 3021 914 pace
3051 838 3338 912 implebit.
3379 849 3443 908 ﬁ.
3475 839 3686 896 Amen.

2514 933 2703 990 Lectio
2730 933 2873 989 libri
2901 930 3180 986 Judicum
3212 927 3384 999 (Cap.
3412 932 3556 995 XIV.)

2290 1033 2352 1092 13g.
2388 1023 2508 1078 Deo
2537 1021 2776 1091 gratias.

2293 1111 2360 1167 In
2375 1109 2486 1164 illis
2507 1109 2718 1165 diebus
2735 1126 2747 1164 :
2764 1105 3078 1164 Descendit
3101 1106 3353 1162 Samson
3375 1103 3831 1161 inThamnatha
3851 1127 3864 1158 :

2220 1197 2544 1270 vidensque
2589 1196 2706 1253 illic
2747 1195 3059 1252 mulierem
3097 1193 3172 1248 de
3214 1191 3456 1248 ﬁliabus
3489 1191 3869 1257 Philisthiim,

2221 1286 2503 1351 ascendit,
2538 1292 2594 1342 et
2627 1284 2922 1340 nuntiavit
2957 1281 3110 1356 patri
3142 1295 3274 1348 suo,
3317 1286 3374 1336 et
3397 1282 3592 1347 matri,
3622 1282 3869 1338 dicens:

2221 1374 2347 1430 Vidi
2376 1373 2684 1430 mulierem
2715 1373 2776 1428 in
2804 1370 3183 1428 Thamnatha
3208 1368 3282 1424 de
3311 1367 3548 1424 ﬁliabus
3579 1369 3875 1426 Philisthi-

2221 1477 2478 1518 norum:
2521 1477 2705 1534 quam
2735 1475 2940 1532 quaeso
2983 1463 3048 1514 ut
3085 1457 3230 1512 mihi
3263 1456 3568 1528 accipiatis
3603 1473 3873 1514 uxorem.

2224 1549 2328 1607 Cui
2373 1549 2649 1606 dixerunt
2677 1553 2845 1621 pater
2879 1552 2934 1603 et
2963 1549 3152 1602 mater
3206 1561 3357 1601 sua:
3404 1545 3698 1617 Numquid
3744 1561 3874 1602 non

469 1652 1050 1706 sentManueetuxor
1070 1645 1404 1717 ejus,proni
1435 1643 1772 1700 ceciderunt
1794 1643 1854 1698 in
1873 1649 2109 1707 terram,
2148 1660 2193 1717 Β
2224 1642 2310 1694 est
2338 1638 2550 1694 mulier
2573 1638 2647 1694 de
2684 1636 2926 1693 ﬁliabus
2959 1635 3208 1691 fratrum
3241 1639 3498 1698 tuorum,
3529 1638 3586 1690 et
3611 1633 3673 1690 in
3701 1634 3878 1690 omni

467 1744 522 1793 et
543 1737 693 1792 ultra
717 1751 841 1791 non
866 1736 949 1790 eis
979 1734 1252 1806 apparuit
1285 1731 1543 1802 Angelus
1570 1730 1828 1787 Domini.
1881 1729 2111 1786 Statim-

466 1840 585 1897 que
623 1823 902 1880 intellexit
920 1825 1128 1879 Manue
1159 1820 1450 1890 Angelum
1479 1834 1612 1875 esse
1655 1818 1906 1886 Domini,
1935 1822 1995 1873 et
2016 1816 2111 1882 .di-

467 1913 550 1968 xit
589 1912 667 1968 ad
693 1927 941 1967 uxorem
979 1927 1142 1966 suam
1167 1926 1182 1963 :
1207 1912 1382 1965 Morte
1426 1907 1772 1973 moriemur,
1803 1907 1946 1979 quia
1980 1904 2116 1959 vidi-

467 2016 604 2056 mus
630 2003 835 2055 Deum.
861 1997 963 2055 Cui
992 1997 1298 2070 respondit
1318 1997 1529 2051 mulier
1563 2015 1574 2053 :
1605 1996 1660 2052 Si
1687 1994 1974 2050 Dominus
2002 2009 2113 2049 nos

467 2088 642 2144 vellet
668 2086 955 2152 occidere,
986 2086 1062 2142 de
1107 2085 1390 2141 manibus
1434 2084 1655 2141 nostris
1697 2082 2115 2139 holocaustum

468 2175 862 2232 etlibamenta
881 2189 1002 2230 non
1055 2173 1431 2243 suscepisset,
1477 2187 1586 2226 nec
1623 2169 1976 2227 ostendisset
2012 2185 2115 2226 no-

465 2263 560 2319 bis
588 2263 715 2319 haac
737 2262 960 2332 omnia,
994 2276 1188 2332 neque
1213 2276 1284 2316 ea
1316 2275 1455 2332 quoe
1491 2266 1626 2315 sunt
1657 2265 1910 2314 ventura
1937 2257 2114 2313 dixis-

468 2359 572 2420 set.
608 2351 836 2422 Peperit
896 2350 1094 2421 itaque
1137 2348 1327 2404 ﬁlium
1353 2354 1408 2403 et
1458 2348 1690 2404 vocavit
1728 2361 1950 2403 nomen
1985 2349 2113 2418 ejus

468 2440 728 2496 Samson.
761 2438 1068 2510 Crevitque
1093 2453 1260 2509 puer,
1293 2442 1348 2493 et
1382 2435 1685 2492 benedixit
1703 2435 1754 2491 ei
1803 2435 2110 2502 Dominus,

469 2529 773 2600 Coepitque
805 2526 1054 2598 Spiritus
1080 2524 1314 2580 Domini
1353 2539 1485 2579 esse
1514 2540 1652 2579 cum
1691 2539 1781 2579 eo.
1804 2523 1868 2582 tif.

535 2617 833 2685 Hymnus.
865 2615 1094 2668 [Eterne
1126 2611 1275 2667 lucis
1329 2612 1618 2668 conditor.
1671 2612 1782 2680 fol.
1816 2614 1934 2666 170.

537 2703 815 2772 Capitula
832 2742 845 2756 .
867 2701 1140 2756 Paratum
1154 2715 1257 2756 cor
1271 2705 1562 2766 nostrum,
1581 2700 1850 2765 Domine,
1863 2714 1932 2754 eo
1949 2696 2114 2770 quod

462 2789 715 2862 placeris
738 2802 1006 2853 munere,
1027 2787 1261 2859 comple
1283 2804 1301 2854 ;
1325 2791 1390 2842 ut
1405 2793 1457 2843 te
1471 2787 1807 2856 cognitione
1836 2788 1956 2843 veri
1987 2787 2113 2842 lau-

463 2877 758 2943 demus,et
773 2876 1074 2932 reformati
1087 2875 1148 2931 in
1165 2875 1377 2931 melius
1403 2876 1460 2930 in
1475 2881 1575 2931 tuo
1592 2875 1819 2932 honore
1834 2875 2110 2947 laetemup

532 2965 704 3020 Pater
727 2968 948 3021 noster.

532 3053 761 3109 Lauda.
783 3051 1113 3107 Bonitatem
1143 3050 1327 3106 fecisti
1350 3067 1488 3107 cum
1514 3066 1686 3107 servo
1708 3055 1808 3108 tuo
1839 3053 2103 3109 Domine.

463 3141 526 3194 P.
557 3140 897 3196 Secundum
917 3139 1167 3195 verbum
1197 3138 1612 3198 tuumviviﬁca
1638 3155 1752 3194 me.
1773 3139 1832 3201 ir.
1866 3141 2109 3198 Bonita-

461 3231 598 3293 tem,
640 3233 696 3284 et
745 3226 1144 3299 disciplinam,
1175 3232 1232 3284 et
1256 3228 1565 3282 scientiam
1614 3227 1761 3283 doce
1791 3244 1887 3285 me
1914 3246 1930 3282 :
1953 3229 2109 3301 lquia

458 3316 760 3372 mandatis
785 3316 898 3371 tuis
917 3314 1159 3371 credidi.
1194 3315 1254 3368 P.
1282 3315 1644 3372 Secundum.
1681 3315 1757 3386 γ.
1782 3315 1998 3385 Gloria,
2053 3321 2110 3374 et

456 3404 649 3461 honor
676 3404 850 3461 Patri.
880 3403 940 3460 P.
970 3402 1313 3459 Secundum
1334 3403 1610 3460 verbum.

531 3494 753 3549 Oratio.
767 3492 1098 3548 Bonitatem
1113 3496 1168 3548 et
1179 3491 1558 3564 disciplinam
1572 3496 1628 3548 et
1641 3493 1944 3550 scientiam
1957 3493 2105 3550 doce

455 3594 569 3637 nos
591 3579 877 3635 Domine:
911 3585 975 3636 ut
1018 3597 1129 3637 nec
1160 3580 1385 3638 malitia
1411 3596 1688 3653 asperos;
1714 3597 1824 3638 nec
1877 3582 2106 3640 desidia

455 3667 908 3738 remissos;nec
934 3669 1178 3726 stultitia
1218 3669 1430 3727 reddat
1455 3671 1724 3742 ignavos.
1756 3682 1829 3741 13;.
1891 3676 2098 3729 Amen.

528 3757 636 3812 Per
665 3755 1140 3816 misericordiam
1176 3761 1362 3825 tuam,
1404 3762 1576 3815 Deus.

528 3844 813 3901 Dominus
831 3845 904 3901 sit
923 3861 1161 3918 semper
1175 3847 1501 3904 vobiscum.
1527 3859 1590 3918 Bt.
1616 3850 1679 3905 Et
1703 3863 1860 3906 cum.

1052 3934 1152 3990 Ad
1184 3936 1458 3990 Tertiam.

473 4076 481 4084 _
711 4022 1108 4080 Ecclesiastici
1149 4021 1461 4079 Salomonis
1493 4026 1652 4095 (Cap.
1684 4026 1851 4097 xxv).

523 4123 586 4182 Βι.
617 4113 736 4168 Deo
767 4111 1012 4182 gratias.

523 4200 645 4270 Fili,
676 4201 872 4257 omnis
901 4199 1100 4274 plaga,
1152 4199 1383 4256 tristitia
1409 4200 1604 4256 cordis
1649 4206 1773 4259 est:
1815 4206 1872 4260 et
1897 4204 2093 4260 omnis

447 4287 963 4361 malitia,nequitia
980 4288 1266 4344 mulieris.
1297 4291 1360 4344 Et
1378 4305 1614 4347 omnem
1634 4291 1951 4363 plagam,et
1973 4308 2095 4350 non

445 4377 691 4450 plagam
707 4356 929 4434 videbit
948 4377 1145 4434 cordis
1170 4395 1181 4433 :
1203 4382 1259 4434 et
1275 4393 1520 4434 omnem
1540 4356 1952 4452 nequitiam,et
1974 4398 2095 4439 non
2129 4356 2176 4410 Β

444 4465 774 4539 nequitiam
805 4466 1068 4523 mulieris
1103 4485 1121 4539 ς
1155 4472 1212 4524 et
1236 4483 1480 4524 omnem
1509 4467 1860 4535 obductum,
1893 4474 1949 4526 et
1973 4487 2096 4527 non

444 4555 774 4616 obductum
796 4555 1124 4613 odientium
1155 4577 1167 4617 :
1193 4562 1250 4614 et
1279 4573 1523 4614 omnem
1540 4557 1886 4629 vindictam,
1907 4564 2094 4616 etnon

442 4644 768 4701 vindictam
785 4645 1319 4704 inimicorum.Non
1341 4651 1429 4703 est
1448 4651 1628 4719 caput
1643 4647 1896 4719 nequius
1917 4663 2096 4720 super

443 4737 623 4803 caput
652 4733 882 4789 colubri
923 4739 1022 4796 :et
1050 4751 1173 4790 non
1221 4735 1414 4793 estira
1441 4750 1620 4806 super
1652 4734 1805 4790 iram
1853 4736 2092 4795 inimici.

443 4820 812 4878 Commorari
847 4822 1074 4879 leoniet
1089 4821 1819 4897 draconi,placebit,quam
1831 4823 2094 4883 habitare

442 4922 580 4964 cum
605 4909 852 4966 muliere
881 4927 1168 4984 nequam.
1205 4912 1477 4986 Nequitia
1515 4911 1778 4968 mulieris
1816 4913 2095 4971 immutat

439 4995 652 5052 faciem
683 4998 811 5068 ejus
831 5042 847 5068 ,
878 5004 936 5056 et
963 5004 1228 5057 obcaecat
1242 5001 1476 5057 vultum
1495 5017 1674 5057 suum
1689 5005 1979 5074 tanquam
1999 5019 2094 5059 ur-

439 5101 541 5141 sus
565 5087 831 5159 :etquasi
855 5103 1084 5144 saccum
1099 5089 1376 5146 ostendit.
1387 5093 1448 5144 ln
1465 5089 1666 5146 medio
1680 5089 2093 5162 proximorum

443 5174 618 5247 243
655 5175 1050 5247 ingemuitvir
1073 5177 1120 5248 ej
1133 5181 1282 5242 us,et
1298 5177 1550 5234 audiens
1579 5179 2091 5250 suspiravitmodi-

437 5279 595 5321 cum.
631 5266 822 5322 Brevis
848 5267 1044 5321 omnis
1066 5265 1292 5321 malitia
1308 5281 1481 5337 super
1497 5267 1788 5324 malitiam
1807 5269 2090 5334 mulieris,

440 5368 568 5409 sors
590 5360 977 5427 peccatorum
997 5352 1174 5410 cadat
1199 5367 1372 5423 super
1387 5352 1578 5411 illam.
1622 5355 1782 5413 Sicut
1805 5373 2090 5413 ascensus

434 5453 722 5501 arenosus
751 5443 813 5500 in
830 5441 1086 5515 pedibus
1137 5441 1419 5510 veterani,
1477 5442 1561 5499 sic
1582 5443 1797 5504 mulier
1819 5445 2086 5518 linguam

2224 1727 2451 1798 populo
2481 1741 2638 1795 meo,
2668 1726 2811 1798 quia
2848 1723 2934 1779 vis
2985 1724 3253 1794 accipere
3283 1737 3531 1779 uxorem
3561 1722 3636 1778 de
3665 1722 3878 1778 Philis-

2223 1815 2414 1878 thiim,
2436 1815 2540 1888 qui
2564 1811 2961 1870 incircumcisi
3001 1811 3186 1868 sunt?
3213 1810 3485 1883 Dixitque
3512 1812 3774 1868 Samson
3801 1812 3880 1868 ad

2222 1907 2453 1976 patrem
2483 1918 2659 1958 suum
2692 1917 2702 1954 :
2731 1903 2890 1957 Hanc
2902 1899 3107 1972 accipe
3129 1899 3270 1955 mihi
3295 1916 3307 1955 :
3332 1900 3476 1972 quia
3490 1898 3712 1970 placuit
3733 1916 3878 1956 ocu-

2223 1992 2296 2050 lis
2328 1992 2504 2048 meis.
2536 1994 2810 2046 Parentes
2835 1992 3034 2046 autem
3067 1988 3196 2059 ejus
3221 1987 3569 2044 nesciebant
3589 1989 3759 2061 quod
3788 2003 3880 2045 res

2223 2097 2260 2137 a
2297 2079 2544 2136 Domino
2564 2078 2750 2148 ﬁeret,
2784 2081 2838 2134 et
2857 2077 3505 2150 queereretoccasiones
3523 2083 3735 2133 contra
3752 2076 3883 2133 Phi-

2221 2168 2486 2240 listhiim,
2519 2166 2624 2239 qui
2649 2165 3038 2222 dominantur
3069 2165 3271 2222 Israel.
3315 2165 3631 2221 Descendit
3678 2165 3885 2238 itaque

2224 2258 2475 2313 Samson
2505 2271 2643 2311 cum
2672 2258 2842 2327 patre
2872 2269 3003 2324 suo,
3046 2257 3103 2309 et
3131 2259 3318 2310 matre
3375 2253 3438 2309 in
3483 2252 3884 2310 Thamnatha.

2225 2348 2483 2416 Cumque
2500 2343 2805 2400 venissent
2817 2341 2894 2398 ad
2906 2341 3116 2398 vineas
3133 2341 3342 2415 oppidi
3361 2342 3888 2415 apparuitcatulus

2223 2433 2413 2490 leonis
2445 2449 2658 2499 saevus,
2694 2431 2958 2502 rugiens,
2997 2436 3053 2487 et
3082 2430 3338 2487 occurrit
3367 2431 3438 2486 ei.
3481 2430 3655 2487 lrruit
3682 2436 3889 2488 autem

2224 2521 2471 2594 Spiritus
2493 2520 2727 2579 Domini
2756 2520 2814 2576 in
2848 2523 3118 2586 Samson,
3149 2524 3206 2576 et
3249 2519 3594 2577 dilaceravit
3617 2519 3885 2584 leonem,

2221 2610 2391 2682 quasi
2420 2609 2664 2666 haedum
2696 2609 2755 2664 in
2784 2607 3003 2665 frustra
3033 2614 3432 2681 concerperet,
3451 2608 3600 2664 nihil
3627 2609 3885 2665 omnino

2219 2697 2448 2754 habens
2490 2697 2553 2753 in
2599 2712 2830 2754 manu:
2884 2701 2940 2753 et
2993 2697 3108 2753 hoc
3164 2698 3318 2769 patri
3347 2696 3536 2753 noluit
3586 2697 3883 2755 indicare.

2226 2784 2678 2857 Descenditque,
2701 2790 2757 2841 et
2783 2784 3018 2841 locutus
3037 2790 3127 2841 est
3144 2785 3394 2851 mulieri,
3417 2801 3551 2858 quae
3565 2785 3883 2858 placuerat

2221 2874 2409 2932 oculis
2438 2875 2586 2947 ejus.
2615 2875 2711 2931 Est
2734 2879 2868 2948 post
2901 2873 3134 2947 aliquos
3162 2874 3289 2929 dies
3319 2878 3615 2930 revertens
3649 2880 3715 2931 ut
3732 2876 3884 2932 acci-

2149 3003 2190 3060 Ο
2221 2968 2386 3036 peret
2411 2979 2566 3029 eam,
2601 2963 2918 3060 declinavit
2938 2967 3001 3018 ut
3025 2962 3251 3060 videret
3274 2961 3786 3060 cadaverAIeonis,
3826 2968 3883 3060 et

2223 3067 2359 3108 ecce
2389 3067 2640 3108 examen
2666 3067 2851 3124 apum
2881 3049 2942 3105 in
2969 3067 3072 3106 ore
3098 3050 3288 3106 leonis
3307 3055 3434 3107 erat
3446 3067 3515 3107 ac
3531 3050 3711 3107 favus
3734 3051 3882 3109 mel-

2221 3140 2317 3195 lis.
2350 3142 2537 3206 Quem
2559 3156 2697 3196 cum
2733 3140 3087 3212 sumpsisset
3108 3139 3168 3195 in
3190 3139 3489 3212 manibus,
3518 3141 3883 3199 comedebat

2218 3228 2279 3284 in
2311 3228 2403 3284 via
2441 3245 2453 3283 :
2496 3227 2864 3300 veniensque
2915 3227 2992 3284 ad
3018 3233 3250 3299 patrem
3282 3244 3459 3284 suum
3503 3233 3560 3284 et
3587 3236 3878 3295 matrem,

2216 3317 2375 3373 dedit
2399 3315 2482 3372 eis
2507 3322 2738 3389 partem
2755 3317 2858 3389 qui
2873 3321 2927 3372 et
2942 3317 3056 3388 ipsi
3073 3317 3461 3373 comederunt
3487 3333 3501 3372 :
3527 3333 3638 3372 nec
3666 3323 3880 3375 tamen

2215 3406 2298 3462 eis
2323 3405 2503 3461 voluit
2533 3404 2796 3461 indicare
2826 3405 2992 3477 quod
3017 3405 3136 3461 mel
3166 3405 3240 3461 de
3269 3421 3514 3478 corpore
3549 3405 3751 3463 leonis
3782 3424 3879 3464 as-

2217 3498 2566 3566 sumpserat.
2585 3493 2889 3549 Descendit
2903 3495 3103 3565 itaque
3121 3498 3285 3565 pater
3294 3494 3345 3566 ej
3356 3511 3423 3550 us
3440 3494 3514 3550 ad
3529 3495 3876 3563 mulierem,

2214 3581 2545 3639 etfecitﬁlio
2565 3599 2672 3638 suo
2687 3584 2938 3639 Samson
2957 3581 3421 3639 convivium.Sic
3433 3583 3596 3639 enim
3612 3585 3878 3654 juvenes

2213 3671 2404 3728 facere
2429 3675 2880 3728 consueverant.
2916 3674 3064 3728 Cum
3087 3685 3227 3741 ergo
3255 3671 3414 3728 cives
3433 3670 3547 3728 loci
3579 3673 3881 3730 vidissent

2211 3760 2398 3827 illum,
2427 3760 2718 3816 dederunt
2746 3760 2799 3815 ei
2831 3759 3087 3830 sodales,
3128 3761 3233 3833 qui
3267 3769 3461 3817 essent
3497 3777 3638 3817 cum
3661 3777 3739 3819 eo
3773 3763 3879 3819 tri-

2212 3850 2395 3920 ginta.
2421 3848 2648 3915 Quibus
2664 3848 2895 3904 locutus
2917 3854 3008 3904 est
3021 3850 3275 3906 Samson
3299 3864 3310 3902 :
3328 3849 3674 3921 Proponam
3691 3851 3874 3907 vobis

2210 3938 2524 4012 problema
2552 3955 2565 3994 :
2585 3938 2751 4011 quod
2781 3938 2830 3994 si
2853 3937 3144 3995 solveritis
3157 3939 3303 3994 mihi
3327 3939 3480 3996 intra
3494 3943 3730 4012 septem
3743 3940 3876 3996 dies

2209 4027 2479 4093 convivii,
2513 4025 2668 4083 dabo
2693 4025 2865 4082 vobis
2893 4026 3134 4096 triginta
3163 4025 3465 4094 sindones,
3513 4032 3584 4082 tet
3614 4029 3876 4084 totidem

2207 4117 2441 4173 tunicas
2481 4116 2606 4171 :sin
2633 4119 2834 4172 autem
2857 4131 2966 4172 vos
2996 4131 3120 4171 non
3149 4116 3458 4188 potueritis
3473 4116 3731 4184 solvere,
3764 4133 3877 4174 vos

2207 4205 2427 4260 dabitis
2447 4204 2592 4260 mihi
2613 4204 2855 4274 triginta
2878 4204 3183 4274 sindones,
3217 4204 3612 4278 ejusdemque
3648 4206 3879 4265 nuneri

2206 4293 2459 4349 tunicas.
2490 4291 2600 4358 Qui
2632 4293 3071 4364 responderunt
3091 4294 3144 4349 ei
3173 4309 3184 4347 :
3221 4296 3490 4366 Propone
3519 4295 3873 4366 problema,

2207 4386 2269 4436 ut
2299 4380 2642 4436 audiamus.
2709 4379 2980 4453 Dixitque
3019 4381 3102 4437 eis
3135 4399 3146 4436 :
3178 4385 3256 4438 De
3303 4382 3657 4438 comedente
3688 4385 3879 4440 exivit

2205 4470 2392 4535 cibus,
2418 4475 2473 4526 et
2490 4469 2564 4525 de
2585 4469 2717 4525 forti
2730 4486 2967 4542 egressa
2997 4477 3086 4527 est
3108 4470 3363 4528 dulcedo
3389 4487 3527 4527 :nec
3541 4480 3879 4545 potuerunt

2205 4575 2309 4632 per
2326 4565 2440 4615 tres
2459 4558 2587 4614 dies
2604 4560 3073 4631 propositionem
3090 4559 3610 4634 solvere.Cumque
3625 4563 3878 4619 adesset

2204 4648 2330 4705 dies
2343 4647 2933 4721 septimus,dixerunt
2948 4649 3027 4705 ad
3050 4665 3296 4705 uxorem
3317 4651 3624 4706 Samsonis
3651 4669 3665 4707 :
3693 4652 3878 4708 Blan-

2204 4738 2329 4794 dire
2354 4738 2482 4795 viro
2515 4742 2635 4802 tuo,
2663 4742 2720 4794 et
2741 4738 2926 4794 suade
2951 4739 3024 4808 ei,
3056 4743 3119 4795 ut
3141 4739 3361 4795 indicet
3381 4739 3485 4795 tibi
3507 4739 3660 4812 quid
3677 4741 3876 4812 signi-

2203 4826 2661 4900 ﬁcetproblema
2685 4844 2697 4883 :
2719 4827 2887 4900 quod
2903 4826 3152 4884 sifacere
3169 4827 3429 4884 nolueris
3449 4870 3462 4895 ,
3481 4828 3880 4886 incendimus

2205 4924 2280 4988 te,
2310 4920 2366 4973 et
2397 4915 2647 4972 domum
2668 4916 2856 4989 patris
2874 4918 2990 4973 tui:
3021 4931 3098 4972 an
3119 4915 3340 4974 idcirco
3363 4917 3616 4974 vocastis
3642 4933 3761 4975 nos
3792 4919 3880 4976 ad

2202 5005 2442 5078 nuptias
2461 5009 2522 5061 ut
2539 5005 2871 5078 spoliaretis
2897 5006 2926 5062 ?
2948 5007 3090 5071 Quae
3112 5004 3403 5062 fundebat
3423 5006 3589 5079 apud
3600 5008 3883 5064 Samson

2201 5093 2565 5167 lachrymas,
2592 5099 2647 5151 et
2675 5094 3036 5167 querebatur
3060 5094 3296 5150 dicens:
3331 5093 3468 5151 Odis
3503 5111 3619 5160 me,
3653 5099 3714 5151 et
3741 5112 3881 5153 non

2203 5183 2402 5254 diligis
2429 5201 2440 5239 :
2464 5184 2682 5240 idcirco
2697 5184 3026 5256 problema,
3043 5183 3207 5256 quod
3223 5185 3588 5257 proposuisti
3602 5184 3751 5240 ﬁliis
3767 5203 3883 5259 po-

2203 5270 2326 5343 puli
2353 5272 2609 5329 meiuon
2639 5273 2727 5330 vis
2749 5272 2895 5329 mihi
2925 5287 3248 5346 exponere.
3281 5274 3351 5328 At
3377 5272 3471 5328 iile
3500 5274 3836 5344 respondit
3863 5291 3876 5326 :

2206 5358 2360 5414 Patri
2389 5375 2526 5416 meo
2557 5366 2612 5418 et
2642 5361 2818 5420 matri
2847 5361 3012 5418 nolui
3068 5360 3302 5416 dicere:
3336 5365 3394 5416 et
3432 5360 3538 5417 tibi
3590 5361 3882 5419 indicare

2205 5449 2404 5518 potero
2425 5446 2453 5502 ?
2493 5451 2727 5523 Septem
2757 5451 2937 5522 igitur
2960 5448 3171 5508 diebus
3191 5448 3447 5507 convivii
3476 5447 3660 5508 ﬂebat
3689 5451 3883 5523 apud
