4094 6164
465 206 568 263 427

464 333 521 386 et
539 328 754 385 veritas
774 329 877 383 tua
896 325 956 380 in
983 322 1228 379 circuitu
1246 326 1367 378 tuo.
1394 321 1663 376 Psalmus
1691 330 1964 372 Lxxxvm.

538 416 714 488 245
737 415 961 471 Oratio.
987 411 1208 468 Christe
1228 410 1256 464 J
1263 426 1387 475 esu,
1424 409 1517 464 Dei
1541 408 1696 497 ﬁlius
1715 400 2106 497 admirabilis,

463 505 558 562 cui
582 505 783 560 nullus
815 503 964 558 inter
981 500 1134 556 ﬁlios
1162 499 1265 554 Dei
1294 513 1404 553 nec
1425 495 1669 569 aequalis
1703 496 1878 556 extat,
1896 505 2002 545 nec
2033 495 2108 542 si-

460 593 622 651 milis
647 608 660 658 ;
688 591 765 648 ad
794 594 848 646 te
872 589 1120 645 Domine
1141 601 1380 659 precem
1405 588 1672 640 nostram
1689 580 2023 650 dirigimus,
2039 579 2112 676 out

461 679 1146 749 misericordiam,quam
1163 674 1458 747 pollicitus
1478 689 1540 729 es
1565 685 1803 727 servare
1862 670 2106 734 Sanctis,

460 769 721 839 digneris
736 781 1057 840 prorogare
1074 762 1371 819 conversis
1392 779 1404 816 :
1425 777 1494 818 ac
1511 760 2109 853 sic,quaasumus,nos

458 857 873 913 moderamine
892 853 1220 924 disciplinae
1243 850 1528 922 corrigas,
1554 851 1622 905 ut
1641 844 2012 902 clementiam
2047 844 2108 897 in

456 946 548 1002 ira
598 961 722 1002 non
787 942 1059 1000 auferas:
1090 956 1200 996 nec
1246 939 1654 1012 prophanetur
1684 937 2106 991 testamentum

458 1036 628 1090 tuum
653 1035 733 1089 ob
770 1030 1042 1088 admissa
1089 1027 1522 1094 facinora;sed
1567 1028 1926 1096 temperetur
1963 1019 2108 1075 ultio

455 1119 834 1176 miseratione
861 1131 1150 1190 superna:
1175 1121 1233 1172 et
1251 1115 1380 1188 ipse
1407 1118 1620 1184 totum,
1639 1111 1805 1185 quod
1817 1108 2105 1180 displicet,

455 1207 700 1275 abluas;
725 1207 829 1280 qui
858 1209 1201 1279 peccatores
1223 1204 1302 1262 ad
1327 1209 1383 1261 te
1411 1206 1769 1260 revertentes
1781 1197 2106 1270 justiﬁcan-

454 1297 534 1354 do
559 1295 886 1367 gloriﬁcas:
919 1295 1145 1368 quique
1176 1309 1298 1349 non
1320 1308 1451 1348 esse
1475 1289 1712 1347 voluisti
1742 1304 1812 1344 ex
1832 1285 2014 1342 nihilo
2045 1284 2106 1340 id

453 1385 619 1459 quod
645 1400 853 1440 sumus
880 1401 894 1452 ;
921 1384 1049 1455 ipse
1070 1380 1350 1452 concede,
1397 1384 1462 1436 ut
1513 1377 1850 1435 coelestibus
1905 1373 2105 1445 regnis

453 1475 596 1546 apti,
627 1479 826 1529 tecum
853 1471 981 1527 sine
1004 1470 1124 1526 ﬁne
1153 1470 1458 1526 vivamus.
1485 1478 1550 1538 1y.
1582 1467 1790 1522 Amen.

524 1562 635 1618 Per
664 1559 1140 1618 misericordiam
1179 1563 1347 1615 tuam
1374 1560 1530 1613 Deus
1561 1561 1780 1619 noster,
1811 1556 1922 1623 etc.

521 1650 873 1717 Antiphona
901 1653 956 1704 2.
987 1646 1338 1704 Laudamini
1357 1647 1417 1701 in
1441 1643 1686 1701 nomine
1711 1646 1920 1698 sancto
1936 1641 2096 1712 ejus:
2130 1649 2177 1706 Β
2199 1652 2202 1654 ⁷

449 1739 678 1796 laatetur
706 1753 806 1794 cor
824 1737 1220 1809 quaerentium
1247 1735 1592 1791 Dominum.
1614 1733 1883 1788 Psatmus
1917 1744 2028 1786 Civ.

521 1827 744 1884 Oratio.
777 1829 1094 1882 Narrantes
1120 1823 1417 1880 mirabilia
1446 1826 1568 1890 tua,
1600 1820 1870 1886 Domine,
1895 1820 2102 1874 sancto

448 1920 552 1973 tuo
580 1915 926 1972 laetemurin
948 1913 1225 1972 nomine:
1260 1912 1340 1968 da
1369 1910 1545 1967 nobis
1575 1915 1629 1966 te
1676 1905 1986 1981 quaerendi
2012 1921 2102 1961 so~

446 2004 678 2062 lertiam
703 2023 719 2074 ;
747 2008 803 2059 et
821 2002 1156 2059 inveniendi
1182 2001 1372 2056 tribue
1412 2000 1859 2055 efﬁcaciammt
1898 2001 1951 2050 te
1982 2010 2104 2050 me-

447 2108 689 2149 reamur
713 2092 996 2164 aspicere,
1023 2094 1082 2148 et
1107 2089 1308 2147 vultus
1366 2087 1452 2145 tui
1483 2102 1722 2160 semper
1764 2084 2102 2141 ostensione

450 2181 734 2253 gaudere.
757 2191 823 2251 13;.
851 2183 1062 2235 Amen.

521 2273 628 2326 Per
658 2267 1126 2326 misericordiam
1157 2269 1346 2322 tuam.

519 2358 868 2428 Antiphona
891 2355 1200 2422 3.0ua3rite
1221 2353 1627 2421 Dominum,et
1647 2347 2097 2407 confortamini:

447 2446 693 2520 quaerite
717 2445 930 2502 faciem
951 2445 1080 2514 ejus
1111 2457 1366 2514 semper.
1399 2441 1670 2535 Psalmas
1691 2455 1836 2535 ειν.-
1956 2525 1966 2535 .

517 2547 582 2606 Βτ.
606 2533 908 2606 Numquid
931 2532 990 2587 in
1020 2536 1307 2586 aaternum
1330 2527 1663 2585 continebis
1684 2532 1758 2594 te,
1803 2525 2047 2581 Domine
2072 2524 2101 2579 ?

446 2621 670 2679 tacebis
712 2625 769 2676 et
811 2619 1040 2689 afﬂiges
1077 2632 1188 2673 nos
1235 2615 1412 2671 nimis
1437 2617 1465 2672 ?
1493 2615 1729 2672 Utinam
1769 2613 2102 2683 disrumpe-

444 2725 540 2767 res
559 2709 826 2774 caalos,et
840 2704 1234 2763 descenderes
1256 2704 1334 2760 ad
1359 2703 1738 2760 liberandum
1757 2717 1886 2756 nos.
1905 2700 1966 2761 ἲν.
1999 2702 2100 2756 Fa-

447 2798 523 2855 cti
572 2812 783 2853 sumus
810 2795 986 2868 quasi
1003 2795 1062 2850 in
1079 2793 1540 2866 principio,cum
1559 2807 1679 2847 non
1703 2787 2098 2846 dominareris

446 2887 664 2944 nostri:
693 2900 887 2957 neque
913 2885 1290 2940 invocaretur
1308 2896 1530 2937 nomen
1561 2887 1731 2936 tuum
1749 2894 1923 2951 super
1951 2893 2089 2934 nos.

1725 181 2178 247 BREVIARIUM
2223 185 2612 246 GOTHICUM.
3768 202 3862 256 423

2137 307 2185 363 A
2221 313 2426 384 populi
2452 315 2650 380 mei,et
2680 317 2859 388 pelles
2885 334 3093 375 eorum
3108 323 3364 394 desuper
3384 324 3862 394 expoliaverunt:

2219 404 2274 454 et
2299 416 2434 457 ossa
2459 419 2664 459 eorum
2698 407 3610 476 confregerunt,etconciderunt
3639 413 3785 468 sicut
3809 418 3863 470 in

2216 486 2486 553 lebete,et
2507 493 2684 562 quasi
2711 510 2950 550 carnem
2982 496 3040 550 in
3058 497 3257 553 medio
3276 499 3426 554 ollae.
3465 500 3627 555 Tunc
3660 501 3868 559 clama-

2215 575 2365 631 bunt
2389 579 2467 633 ad
2495 581 2835 649 Dominum,
2859 590 2913 638 ct
2941 599 3060 639 non
3083 587 3358 642 exaudiet
3381 603 3483 643 eos
3514 604 3524 642 :
3552 594 3607 644 et
3629 591 3870 646 abscon-

2215 663 2315 719 det
2342 664 2550 722 faciem
2577 685 2749 724 suam
2774 671 2845 724 ab
2871 671 2955 725 eis
2983 671 3042 726 in
3087 676 3354 744 tempore
3408 674 3531 742 illo,
3568 675 3717 731 sicut
3778 694 3871 732 ne-

2214 752 2410 824 quiter
2430 762 2674 824 egerunt
2698 757 2758 812 in
2813 759 3340 816 adinventionibus
3372 763 3515 818 suis.
3573 767 3705 819 Haec
3735 765 3871 823 dicit

2215 840 2502 898 Dominus
2534 861 2711 916 super
2741 848 3086 918 prophetas,
3121 850 3226 920 qui
3257 851 3552 908 seducunt
3581 855 3869 925 populum

2213 944 2417 986 meum
2448 948 2459 986 :
2481 933 2583 1003 qui
2609 934 2884 991 mordent
2909 935 3184 991 dentibus
3205 939 3406 1003 suis,et
3428 941 3869 1014 prmdicantpa-

2213 1033 2373 1078 cem:
2403 1024 2459 1075 et
2485 1021 2682 1093 siquis
2713 1038 2835 1078 non
2849 1023 3150 1080 dederitin
3173 1042 3276 1081 ore
3294 1042 3502 1084 eorum
3527 1029 3868 1102 quippiam,

2214 1109 2584 1166 sanctificant
2609 1128 2786 1183 super
2814 1128 2950 1168 eum
2978 1115 3599 1190 praeliumPropterea
3626 1136 3747 1175 nox
3775 1137 3870 1176 vo-

2211 1193 2304 1250 bis
2335 1212 2443 1267 pro
2472 1197 2697 1253 visione
2727 1201 2856 1265 erit,
2889 1205 2942 1257 et
2981 1202 3243 1259 tenebrae
3297 1205 3470 1260 vobis
3503 1222 3612 1277 pro
3646 1208 3872 1264 divina-

2212 1282 2410 1338 tione:
2444 1286 2829 1342 etoccumbet
2853 1287 2943 1343 sol
2971 1305 3153 1360 super
3173 1292 3518 1363 prophetas,
3549 1300 3605 1350 et
3629 1295 3872 1352 obtene-

2211 1370 2481 1429 brabitur
2506 1391 2686 1447 super
2713 1391 2815 1432 eos
2835 1377 2979 1433 dies.
3003 1381 3065 1435 Et
3086 1381 3527 1438 confundentur
3547 1384 3647 1455 qui
3666 1385 3872 1442 vident

2210 1461 2489 1532 visiones,
2525 1468 2581 1518 et
2605 1464 3045 1522 confundentur
3073 1468 3289 1524 divini:
3313 1471 3648 1542 etoperient
3674 1474 3873 1529 vultus

2244 1565 2354 1604 uos
2382 1565 2611 1622 omnes,
2645 1553 2788 1624 quia
2813 1569 2935 1610 non
2967 1559 3052 1611 est
3070 1571 3417 1629 responsum
3446 1559 3544 1614 Dei
3570 1561 3629 1615 in
3649 1561 3872 1618 εἰς.ιέ-

2244 1565 2354 1604 uos
2382 1565 2611 1622 omnes,
2645 1568 2788 1624 quia
2813 1569 2935 1610 non
2967 1565 3052 1611 est
3070 1571 3417 1629 responsum
3446 1565 3544 1614 Dei
3570 1565 3629 1615 in
3649 1565 3871 1618 εἰς.ιέ-

2212 1565 2551 1695 ῖιιωιδωθη
2573 1655 2684 1710 ego
2734 1641 2994 1713 repletus
3050 1659 3183 1700 sum
3229 1645 3566 1702 fortitudine
3619 1649 3871 1720 spiritus

2211 1723 2466 1792 Domini,
2495 1727 2740 1797 judicio,
2771 1735 2827 1784 et
2853 1730 3123 1788 veritate.
3163 1743 3229 1804 ﬁ.
3257 1738 3470 1789 Amen.

2280 1813 2626 1882 Antiphona
2664 1819 2940 1874 LMemor
2968 1825 3092 1875 esto
3115 1822 3299 1877 nostri
3333 1822 3581 1880 Domine
3603 1824 3663 1880 in
3687 1825 3872 1881 benc-

2208 1900 2428 1972 placito
2457 1904 2663 1975 populi
2704 1907 2806 1961 tui.
2838 1906 3111 1964 Psalmus
3145 1925 3234 1965 cv.

2282 1990 2506 2048 Oratio.
2539 1993 2806 2060 Benedic,
2840 1996 3090 2052 Domine
3123 1999 3477 2062 Deus,[srael
3508 2016 3544 2056 a
3575 2001 3804 2058 saeculo
3820 2007 3874 2059 et

2208 2093 2399 2150 usque
2426 2079 2485 2134 in
2513 2081 2797 2137 saeculum
2825 2100 2837 2149 ;
2870 2099 3052 2154 quem
3084 2086 3391 2159 multiplex
3419 2093 3694 2144 creatura
3710 2090 3874 2146 mul-

2209 2166 2389 2238 tiplici
2406 2173 2754 2225 naturarum
2768 2171 3053 2228 varietate
3072 2173 3435 2232 conlaudant
3461 2193 3473 2231 :
3496 2191 3733 2234 memor
3745 2183 3875 2234 esto

2207 2257 2545 2311 testamenti
2567 2259 2752 2314 sancti
2784 2259 2866 2314 tui
2888 2278 2901 2328 ;
2929 2263 2986 2315 et
3001 2261 3284 2332 poeniteat
3300 2268 3351 2319 te
3368 2265 3705 2322 secundum
3721 2267 3874 2322 mul-

2208 2343 2522 2400 titudinem
2548 2347 2965 2403 misericordiae
2993 2355 3138 2408 tuae:
3175 2356 3240 2407 ut
3268 2352 3661 2424 iniquitatem,
3678 2371 3874 2426 quam

2207 2431 2478 2499 fecimus,
2504 2437 2559 2489 et
2579 2440 2914 2506 peccatum,
2941 2438 3105 2509 quod
3135 2455 3273 2495 cum
3315 2441 3588 2512 patribus
3619 2446 3872 2500 traduce

2207 2521 2435 2592 peccati
2468 2525 2895 2594 contraximus,
2924 2531 2973 2581 te
3004 2526 3877 2602 donante,lachrymarumﬂu-

2208 2609 2472 2664 minibus
2502 2612 2817 2684 cordisque
2843 2614 3162 2684 gemitibus
3187 2617 3748 2676 abluamus.Libera
3772 2621 3876 2690 igi-

2208 2701 2302 2752 tur
2330 2701 2818 2770 nos,Domine,de
2841 2719 3027 2759 manu
3078 2705 3394 2776 spirituum
3419 2708 3800 2777 odientium;
3825 2714 3880 2766 et

2206 2787 2434 2843 redime
2460 2789 2533 2844 de
2564 2789 2794 2845 insidiis
2844 2792 3256 2851 inimicorum:
3281 2796 3506 2868 quique
3545 2799 3742 2854 verbo
3775 2804 3874 2856 tuo

2208 2876 2896 2946 credimus,credulitatis
2916 2881 3098 2951 ipsius
3120 2883 3460 2940 fortitudine
3479 2887 3840 2943 muniamur
3861 2907 3874 2954 ;

445 2978 512 3030 P.
547 2950 1244 3044 Utinam-disrumpens.
1267 2969 1332 3031 ην.
1361 2969 1577 3036 Gloria,
1611 2975 1664 3024 et
1688 2950 1880 3023 honOr
1903 2967 2088 3023 Patri.
2127 2950 2172 3018 Ο
2198 2962 2386 3035 ’246
2411 2980 2478 3019 ac
2501 2965 2585 3020 sic
2610 2966 2900 3023 confessio
2923 2950 3556 3035 humilium,cmlorum
3580 2974 3707 3031 alta
3735 2950 3880 3032 con-

445 3066 512 3119 Ρ.
549 3062 807 3118 Utinam.

516 3150 744 3206 Preces.
776 3151 1076 3219 Rogamus
1101 3150 1174 3218 te,
1209 3149 1330 3202 Rex
1359 3144 1733 3212 saeculorum,
1765 3145 1922 3199 Deus
1967 3159 2100 3201 san-

448 3241 639 3296 cte.P.
671 3237 805 3294 Jam
853 3237 1130 3292 miserere
1166 3254 1180 3303 ;
1215 3234 1593 3307 precavimus
1647 3233 1772 3290 tibi.
1829 3233 1889 3293 73'.
1947 3233 2100 3289 Audi

447 3327 794 3383 clamantes.
837 3325 1007 3380 Pater
1026 3323 1334 3393 altissime,
1359 3329 1414 3378 et
1437 3337 1574 3394 quae
1608 3337 1948 3395 precamur,
1985 3320 2098 3376 cle-

447 3431 618 3472 mens
641 3412 912 3480 attribue,
959 3412 1177 3468 exaudi
1213 3427 1326 3468 nos
1348 3411 1613 3466 Domine.
1660 3412 1876 3466 P.1am
1921 3411 2096 3464 mise-

446 3519 595 3560 rere.
625 3501 690 3561 ν.
722 3501 967 3569 lndulge
992 3499 1199 3572 lapsis,
1249 3497 1493 3568 indulge
1545 3498 1809 3570 perditis,
1866 3497 2097 3553 dimitte

447 3605 692 3655 noxam,
725 3588 900 3644 ablue
925 3588 1193 3654 crimina,
1228 3587 1480 3644 acclives
1500 3591 1566 3643 tu
1595 3586 1860 3644 subleva.
1879 3587 1941 3641 P.
1965 3588 2098 3643 Jam

447 3677 749 3734 miserere.
776 3676 839 3737 Ψ.
867 3680 947 3733 Ne
973 3676 1303 3733 recorderis
1334 3681 1538 3732 nostra
1573 3676 1870 3747 facinora;
1891 3675 1990 3732 sed
2015 3676 2101 3730 in-

449 3765 755 3835 dulgendo
776 3780 886 3820 nos
902 3781 1110 3820 omnes
1122 3765 1220 3837 adj
1230 3781 1345 3821 uva
1364 3781 1376 3820 :
1391 3768 1720 3837 prostratos
1739 3769 1798 3819 tu
1812 3763 2024 3820 releva.
2037 3765 2094 3819 P.

447 3856 581 3910 Jam
603 3852 1194 3915 miserere.v.0mnes
1209 3854 1269 3909 in
1290 3869 1500 3920 unum,
1542 3860 1614 3924 te,
1653 3855 1882 3920 Sancte,
1911 3853 2101 3925 posci-

447 3958 746 4014 mus,quas
772 3941 1233 4014 postulamus,tu
1262 3941 1424 3998 dona
1448 3941 1696 4012 largius:
1718 3942 1933 3998 exaudi
1950 3956 2096 4014 pro-

450 4032 650 4104 pitius.
677 4034 741 4088 P.
782 4032 915 4087 Jam
954 4031 1235 4085 miserere
1265 4047 1284 4100 ;
1313 4031 1694 4102 peccavimus
1732 4031 1858 4089 tibi.

521 4120 808 4191 Hymnus.
840 4121 882 4175 Ο
914 4122 1234 4183 Nazarene,
1266 4117 1387 4173 lux.
1415 4118 1523 4187 fol.
1548 4119 1672 4174 144.

523 4209 743 4266 Oratio.
767 4207 1180 4274 Quaerentibus
1201 4211 1276 4274 te,
1301 4208 1570 4273 Domine,
1599 4207 1792 4263 tribue
1812 4207 2102 4264 fortitudi-

2209 3051 2546 3116 scendat,ut
2574 3069 2610 3109 a
2640 3054 2829 3111 Verbo
2862 3060 2964 3113 tuo
2988 3057 3238 3115 salvatio
3264 3059 3438 3116 nobis
3462 3061 3718 3134 profusa
3737 3063 3881 3120 sub-

2207 3139 2427 3196 veniat.
2462 3152 2524 3210 Βί.
2565 3143 2780 3202 Amen.

2281 3230 2384 3283 Per
2411 3230 2905 3289 misericordiam.

2277 3317 2629 3386 Antiphona
2650 3324 2700 3375 2.
2729 3321 2912 3378 Visita
2971 3338 3082 3380 nos
3113 3325 3359 3382 Domine
3396 3326 3456 3382 in
3483 3327 3678 3386 salute
3736 3335 3869 3388 tua.

2211 3405 2483 3462 Psalmus
2504 3422 2594 3462 cv.

2281 3495 2500 3550 Oratio.
2535 3498 2821 3554 Memento
2849 3500 3054 3568 nostri,
3088 3501 3359 3569 Domine,
3389 3503 3450 3558 in
3482 3504 3880 3578 beneplacito

2207 3583 2412 3654 populi
2445 3585 2547 3650 tui,
2570 3590 2625 3640 et
2654 3585 2836 3643 intuo
2858 3604 2966 3643 nos
2998 3589 3170 3646 visita
3221 3591 3465 3648 salutari
3489 3611 3503 3653 :
3525 3597 3590 3648 ut
3615 3595 3728 3666 qui
3775 3611 3881 3651 no-

2209 3673 2342 3728 stris
2375 3689 2511 3729 cum
2533 3676 2800 3746 patribus
2833 3695 3036 3735 coram
3093 3685 3148 3735 te
3199 3681 3402 3754 inique
3460 3684 3771 3752 gessimus
3803 3704 3818 3753 ;
3847 3702 3882 3742 a

2208 3760 2612 3818 damnationis
2642 3766 2866 3835 origine
2889 3771 2944 3822 et
2975 3767 3220 3824 actualis
3243 3771 3464 3840 peccati
3487 3773 3879 3843 contagione.

2208 3853 2314 3904 tua
2337 3849 2553 3906 reduce
2577 3853 2766 3921 gratia
2790 3853 3129 3911 liberemur.
3156 3867 3220 3926 ἢ.
3249 3862 3464 3914 Amen.

2280 3938 2388 3993 Per
2414 3939 2904 3998 misericordiam.

2279 4027 2630 4096 Antiphona
2663 4030 2930 4088 3.Libera
2956 4034 3628 4108 nos,Domine,pr0pter
3645 4052 3884 4094 nomen

2210 4122 2390 4173 tuum:
2408 4123 2461 4173 et
2474 4123 2666 4173 notam
2680 4119 2771 4176 fac
2784 4121 2956 4176 nobis
2969 4123 3288 4194 potentiam
3309 4126 3771 4182 tuam.Psalmus
3787 4143 3881 4184 cv.

2280 4217 2342 4276 ἢ.
2374 4208 2675 4279 Numquid
2697 4224 2821 4265 non
2846 4210 2997 4266 valet
3021 4228 3241 4268 manus
3274 4214 3506 4270 Domini
3530 4214 3745 4273 salvos
3768 4231 3885 4272 nos

450 4313 588 4354 nem
609 4314 623 4366 ;
647 4303 704 4354 et
725 4297 1030 4370 quarendi
1059 4309 1114 4352 te
1136 4296 1356 4366 jugiter
1375 4296 1622 4352 infunde
1648 4302 1922 4353 sanctum
1936 4313 2100 4354 amo-
2129 4309 2177 4367 1)
2208 4294 2400 4350 facere
2425 4314 2436 4353 :
2463 4300 2565 4351 aut
2590 4297 2866 4366 grababit
2888 4315 3115 4367 aurem,
3145 4302 3208 4355 P.
3253 4304 3320 4358 Ut
3366 4317 3488 4358 non
3525 4305 3830 4361 exaudiat
3857 4305 3885 4358 ?

447 4404 612 4444 rem:
646 4391 710 4443 ut
735 4386 836 4459 qui
864 4392 1026 4442 tuam
1049 4385 1394 4441 desiderant
1417 4401 1654 4442 cernere
1693 4385 1928 4454 faciem,
1969 4402 2096 4458 per-

447 4477 742 4534 niciosam
772 4474 980 4531 mundi
999 4490 1119 4530 non
1142 4478 1423 4547 appetant
1461 4474 1855 4546 voluptatem:
1877 4491 2099 4547 eosque

449 4565 652 4622 saeculi
695 4564 1109 4621 blandimenta
1160 4579 1283 4621 non
1325 4563 1630 4620 detineant
1672 4580 2100 4636 usquequaque

448 4655 718 4727 captivos
751 4671 765 4722 ;
793 4659 855 4710 ut
882 4656 984 4710 lux
1011 4653 1209 4710 vultus
1236 4653 1320 4710 tui
1350 4653 1630 4710 clarificet
1647 4653 1777 4725 jam
1795 4653 2027 4710 beatos.

520 4746 688 4802 Pater
714 4748 939 4802 noster.

1068 4834 1167 4889 Ad
1216 4836 1472 4890 Sextam.

591 4923 791 4980 Lectio
827 4925 968 4980 libri
993 4923 1264 4980 Michavce
1310 4923 1613 4992 Prophetas
1657 4921 1823 4994 (Cap.
1851 4923 1953 4992 in).

521 5022 586 5081 Βι.
618 5011 737 5068 Deo
768 5015 1007 5083 gratias.

519 5101 730 5157 Audite
760 5101 1058 5174 principes
1087 5101 1358 5168 Jacob,et
1381 5100 1565 5157 duces
1616 5100 1836 5157 domus
1877 5100 2095 5159 Israel:

447 5190 750 5262 Numquid
778 5207 899 5246 non
924 5195 1187 5246 vestrum
1214 5196 1303 5246 est
1327 5189 1476 5246 scire
1494 5189 1809 5261 judicium,
1834 5189 1936 5261 qui
1961 5189 2100 5246 odio

446 5279 682 5336 habetis
725 5278 977 5347 bonum,
1033 5284 1088 5334 et
1110 5278 1346 5347 diligitis
1381 5278 1646 5337 malum:
1681 5279 1785 5350 qui
1815 5278 2102 5334 violenter

448 5370 649 5426 tollitis
680 5370 863 5442 pelles
890 5385 1096 5425 eorum
1127 5367 1385 5438 desuper
1408 5368 1516 5435 eis,
1549 5374 1605 5423 et
1629 5385 1870 5424 carnem
1893 5383 2101 5424 eorum

449 5457 707 5532 desuper
729 5459 970 5516 ossibus
999 5472 1205 5515 eorum
1238 5455 1267 5511 Ῠ
1286 5455 1396 5522 Qui
1427 5457 1816 5514 comederunt
1857 5471 2098 5514 carnem

2211 4381 2323 4439 Sed
2354 4387 2598 4454 peccata
2627 4390 2824 4442 nostra
2852 4387 3004 4443 inter
3028 4403 3159 4457 nos,
3210 4395 3266 4445 et
3319 4393 3505 4447 Deum
3546 4397 3874 4465 separant.

2207 4470 2270 4531 γ.
2299 4472 2599 4544 Numquid
2626 4472 3054 4543 abbreviata,et
3074 4478 3326 4549 parvula
3345 4478 3501 4536 facta
3526 4486 3617 4536 est
3652 4498 3886 4537 manus

2209 4560 2467 4629 Domini,
2502 4567 2564 4618 ut
2591 4564 2825 4621 salvare
2855 4571 3146 4638 nequeat:
3169 4573 3271 4625 aut
3314 4569 3459 4626 tales
3485 4575 3628 4626 sunt
3649 4573 3888 4642 cogita-

2210 4650 2401 4707 tiones
2426 4651 2644 4723 ejus.P.
2675 4655 2742 4709 Ut
2767 4669 2889 4710 non
2917 4656 3238 4713 exaudiat?
3266 4658 3379 4714 Sed
3396 4664 3648 4731 peccata
3663 4668 3891 4718 nostra

2208 4739 2359 4796 inter
2381 4756 2511 4806 nos,
2536 4746 2590 4798 et
2621 4744 2806 4798 Deum
2835 4751 3135 4817 separant.
3172 4745 3235 4809 ἲν.
3269 4747 3487 4818 Gloria,
3516 4753 3577 4805 et
3602 4749 3887 4807 honor...

2210 4831 2544 4887 Reiteretur
2572 4843 2640 4903 Br.

2279 4920 2513 4978 Preces.
2543 4921 2702 4977 Servi
2727 4921 3364 4990 tui,Domine,acclives
3387 4931 3580 4984 orant.
3611 4931 3675 4986 P.
3719 4932 3894 4985 Cum

2210 5010 2640 5067 misericordia.
2672 5010 2734 5072 73’.
2758 5015 2983 5068 Amove
3011 5019 3284 5070 nostrum
3332 5015 3603 5077 facinus:
3634 5021 3689 5073 et
3718 5017 3898 5089 pelle

2208 5115 2344 5170 quae
2369 5101 2766 5172 pavescimus.
2798 5103 2856 5156 P.
2887 5102 3052 5158 Cum.
3086 5103 3148 5164 )‘i'.
3183 5106 3266 5160 Da
3289 5105 3527 5162 veniam
3575 5107 3903 5178 peccanti-

2207 5187 2346 5254 bus,
2377 5193 2433 5245 et
2458 5189 2717 5244 fructum
2743 5191 3192 5261 paenitentibus.
3222 5196 3280 5248 P.
3307 5195 3474 5251 Cum.
3498 5194 3560 5257 ἵ.
3605 5199 3902 5278 Mortem,

2208 5278 2451 5341 famem,
2481 5279 2573 5334 vel
2604 5279 2870 5348 gladium
2900 5297 2935 5337 a
2963 5281 3139 5337 nobis
3172 5283 3380 5355 procul
3406 5283 3900 5343 eﬂusa.P.Cum.

2208 5366 2272 5426 ἲν.
2304 5369 2522 5436 Regem
2549 5373 2822 5427 nostrum
2853 5387 2990 5428 cum
3022 5371 3297 5446 plebibus
3329 5373 3493 5433 solve
3526 5391 3563 5433 a
3608 5374 3906 5434 crimini-

2208 5453 2348 5512 bus.
2379 5455 2437 5514 P.
2477 5459 2644 5515 Cum.
