4094 6164
229 263 332 317 437

1400 270 1750 327 DOMINICA
1788 268 1859 325 IV
1899 266 2504 339 QUADRAGESIMAS.

3540 270 3644 327 438

230 386 332 441 stis
352 385 416 441 in
449 386 853 459 profundum:
889 396 1070 464 etego
1084 393 1346 450 eruditor
1360 396 1631 453 omnium
1647 410 1879 452 eorum.
1908 393 1956 448 A
1994 392 2183 448 ﬂictos
2214 394 2410 464 corde,
2437 394 2499 450 P.
2535 395 2691 450 Deus
2740 392 2982 450 exaudi.
3018 394 3081 454 ἵ.
3110 394 3277 451 Bellis
3303 393 3552 461 attritos,
3571 396 3638 451 P.

222 478 343 544 Ego
372 476 495 531 scio
532 476 837 547 Ephraim,
869 486 924 535 et
953 481 1128 536 Israel
1158 498 1280 537 non
1308 489 1393 539 est
1421 484 1816 539 absconditus
1846 500 1882 539 a

220 579 343 617 me:
374 564 522 633 quia
552 580 711 618 nunc
734 566 1057 623 fornicatus
1090 570 1493 641 estEpliraim,
1513 572 1879 627 contamina-

220 658 310 705 tus
342 658 435 705 est
460 652 662 707 Israel.
703 657 831 710 Non
862 656 1093 713 dabunt
1120 659 1513 727 cogitationes
1529 677 1669 716 suas
1704 666 1763 716 ut
1784 676 1878 715 re-

220 746 530 795 vertantur
561 742 639 795 ad
671 743 989 799 Dominum
1018 762 1193 800 suum
1221 766 1231 804 :
1259 748 1399 819 quia
1422 749 1660 820 spiritus
1702 749 1881 803 forni-

223 828 529 884 cationum
554 830 617 885 in
651 832 851 887 medio
865 848 1091 897 eorum,
1118 841 1173 887 ct
1191 836 1507 892 Dominum
1524 852 1645 892 non
1666 853 1877 907 cogno-

223 922 459 972 verunt.
484 918 551 973 Et
576 920 1323 991 respondebitarrogantia
1360 924 1538 981 Israel
1574 926 1633 980 in
1664 925 1879 981 faciem

220 1006 383 1073 ejus:
409 1012 463 1060 et
488 1007 685 1071 Israel,
712 1013 768 1063 et
800 1010 1080 1080 Ephraim
1120 1018 1365 1068 ruerunt
1394 1013 1703 1086 iniquitate
1746 1030 1873 1079 sua,

212 1099 348 1149 ruet
378 1096 557 1151 etiam
586 1097 768 1151 Iudas
798 1114 936 1153 cum
963 1100 1067 1157 eis.
1102 1103 1163 1155 In
1192 1102 1472 1171 gregibus
1520 1102 1665 1171 suis,
1704 1106 1759 1159 et
1790 1118 1876 1158 ar-

210 1184 438 1237 mentis
450 1184 577 1239 suis
589 1184 812 1241 vadent
826 1186 904 1242 ad
917 1188 1199 1259 qurerend
1213 1206 1313 1244 um
1334 1189 1739 1255 Dominum,et
1755 1204 1875 1245 non

206 1271 551 1327 invenient:
584 1274 729 1345 quia
759 1274 993 1330 ablatus
1015 1280 1101 1331 est
1125 1276 1203 1331 ab
1234 1277 1337 1335 eis.
1364 1281 1425 1332 In
1456 1278 1704 1333 Doznino
1727 1294 1872 1350 prae-

206 1360 786 1434 varicatisunt,quia
806 1363 963 1418 ﬁlios
989 1364 1216 1419 alienos
1243 1371 1604 1435 genuerunt:
1638 1370 1695 1421 et
1715 1382 1874 1421 nunc

206 1447 653 1505 devorabiteos
677 1452 887 1506 messis
920 1468 1057 1507 cum
1076 1454 1421 1524 parentibus
1454 1453 1873 1522 suis.CIangite

201 1536 469 1592 buccina
500 1538 564 1592 in
593 1538 1045 1603 Gabaa,tubain
1069 1543 1289 1595 Rama:
1333 1543 1555 1598 ululate
1582 1543 1640 1597 in
1671 1543 1871 1597 Betha-

202 1641 339 1689 ven,
372 1630 518 1696 post
550 1631 783 1696 tergum
815 1633 984 1683 tuum
1012 1629 1622 1702 Benjamin.Ephraim
1652 1631 1711 1685 in
1743 1632 1871 1685 des-

1991 480 2148 537 Deus
2175 483 2410 538 exaudi.
2444 482 2505 544 ῆν.
2540 482 2864 539 Confractis
2897 480 3084 546 malis,
3109 482 3177 540 P.
3210 484 3362 539 Deus
3390 483 3629 541 exaudi.

1988 568 2049 628 ἰν.
2080 571 2158 624 De
2202 572 2316 626 tuis
2344 572 2527 639 coelis,
2560 573 2620 626 P.
2648 575 2796 627 Deus
2819 570 3056 627 exaudi.
3086 570 3151 631 Ψ.
3213 571 3499 627 Flentium
3531 587 3636 627 vo-

1989 672 2084 711 ces
2130 658 2191 711 P.
2234 660 2388 715 Deus
2418 661 2655 716 exaudi.
2681 660 2742 719 v.
2768 658 3141 715 Gementium
3169 658 3370 728 corda,
3394 661 3453 713 P.
3478 662 3634 715 Deus

1987 746 2224 801 exaudi.
2255 747 2316 807 ἣν.
2349 750 2534 803 Onere
2561 764 2816 821 pressos,
2847 751 2903 803 P.
2938 750 3087 803 Deus
3116 744 3358 801 exaudi.
3378 746 3441 805 ii'.
3478 750 3543 801 In
3580 752 3635 802 te

1989 840 2313 905 sperantes,
2355 837 2412 893 P.
2449 837 2600 891 Deus
2640 836 2879 892 exaudi.
2916 835 2979 896 ὴν.
3026 837 3315 903 Lugentes
3360 834 3541 903 mala,
3572 837 3633 892 P.

1985 923 2140 978 Deus
2180 924 2416 979 exaudi.
2437 924 2497 983 in
2530 924 2675 980 Mala
2700 930 3002 996 paventes,
3029 926 3083 977 P.
3122 922 3277 977 Deus
3299 922 3539 979 exaudi.
3558 921 3626 983 ἵ.

1985 1013 2213 1066 Noxam
2242 1010 2546 1081 deﬂentes,
2578 1014 2637 1066 P.
2664 1012 2822 1067 Deus
2853 1009 3177 1069 exaudi.Y.
3203 1010 3487 1080 Optantes
3531 1024 3636 1081 pa-

1985 1115 2133 1164 cem,
2166 1103 2222 1153 P.
2276 1100 2429 1155 Deus
2465 1100 2524 1160 ii.
2566 1099 2933 1156 Pulsantium
2958 1114 3154 1164 voces,
3213 1097 3276 1151 P.
3336 1099 3510 1152 Deus.
3565 1097 3628 1159 κν.

1984 1187 2093 1253 Qui
2115 1187 2278 1242 solus
2310 1188 2471 1255 vivis,
2504 1188 2567 1245 P.
2614 1190 2789 1245 Deus.
2819 1187 2879 1247 γ.
2916 1189 3037 1241 Rex
3082 1185 3279 1241 omnis
3319 1187 3505 1239 terras.
3550 1186 3622 1242 P.

1983 1275 2236 1335 DeusJ‘f.
2261 1275 2446 1331 Simul
2470 1291 2779 1344 rogamus,
2802 1274 2865 1331 P.
2893 1276 3073 1329 Deus.
3106 1273 3168 1334 ἲν.
3222 1276 3297 1328 Te
3348 1271 3629 1344 depreca-

1981 1379 2132 1427 mur,
2168 1366 2222 1417 P.
2256 1363 2507 1423 Deus.i’.
2542 1366 2711 1427 Voce,
2734 1362 3001 1419 etcorde.
3028 1362 3095 1416 P.
3115 1364 3288 1416 Deus.

2050 1453 2342 1522 Hymnus.
2372 1454 2413 1509 Ο
2439 1455 2750 1517 Nazarene,
2778 1450 2902 1520 lux,
2918 1450 3037 1519 fol.
3074 1449 3196 1504 144.

2054 1539 2274 1597 Oratio.
2302 1541 2570 1607 Domine,
2595 1540 2697 1613 qui
2736 1538 2990 1612 posuisti
3037 1536 3403 1593 Hierusalem
3432 1536 3628 1592 termi-

1982 1644 2129 1685 num
2156 1630 2350 1701 pacis;
2380 1629 2641 1685 credenti
2670 1628 2897 1701 populo
2918 1626 3215 1697 pacistuze
3240 1626 3426 1681 tribue
3445 1624 3628 1697 pleni-

202 1716 506 1770 solatione
532 1716 713 1771 eritin
727 1716 821 1771 die
848 1718 1277 1788 corruptionis:
1306 1718 1366 1772 in
1395 1719 1665 1774 tribubus
1690 1717 1869 1775 Israel
1898 1732 1943 1787 Β
1982 1718 2249 1774 tudinem
2280 1735 2289 1772 :
2316 1718 2455 1789 ipsa
2490 1733 2602 1773 nos
2645 1714 3088 1771 immortalitate
3130 1716 3297 1782 regat
3326 1729 3339 1778 ;
3394 1713 3526 1783 ipsa
3564 1714 3627 1769 in

200 1804 445 1859 ostendi
468 1803 677 1859 ﬁdem.
697 1805 851 1859 Facti
874 1810 1013 1860 sunt
1042 1806 1502 1877 principesluda
1516 1808 1687 1878 quasi
1705 1823 1870 1863 assu-

202 1893 782 1948 mentesterminum
800 1910 809 1947 :
830 1909 1010 1965 super
1022 1910 1123 1949 eos
1139 1894 1444 1950 eﬂ‘undam
1458 1896 1629 1967 quasi
1644 1911 1868 1967 aquam

196 1981 355 2036 iram
390 1996 622 2038 meam.
645 1981 1019 2037 Calumniam
1050 1983 1301 2054 patiens,
1335 1989 1390 2038 et
1416 1984 1585 2055 quasi
1614 1985 1868 2055 putredo

192 2069 612 2125 domuiJuda.
635 2073 699 2125 Et
724 2070 872 2125 vidit
903 2071 1182 2142 Ephraim
1208 2072 1562 2141 languorem
1590 2089 1791 2137 suum,
1812 2078 1868 2130 et

191 2158 389 2214 Judas
419 2158 739 2214 vinculum
767 2176 943 2216 suum
969 2177 981 2214 :
1007 2167 1061 2215 et
1082 2159 1229 2215 abiit
1254 2160 1523 2231 Ephraim
1547 2160 1624 2216 ad
1657 2162 1863 2229 Assur,

189 2252 248 2301 et
280 2246 447 2301 misit
491 2245 573 2301 ad
604 2261 807 2315 regem
844 2246 1138 2302 Ultorem:
1185 2252 1239 2302 et
1295 2247 1426 2318 ipse
1465 2263 1587 2302 non
1652 2250 1866 2320 poterit

185 2350 414 2390 sanare
441 2349 579 2401 vos,
617 2349 725 2389 nec
762 2335 988 2390 solvere
1019 2337 1233 2407 poterit
1262 2352 1298 2392 a
1326 2336 1500 2391 vobis
1532 2336 1859 2393 vinculum.

182 2424 495 2489 Quoniam
516 2439 627 2493 ego
650 2424 823 2496 quasi
840 2425 1029 2482 leaena
1044 2425 1344 2495 Ephraim,
1362 2430 1417 2480 et
1438 2426 1611 2496 quasi
1632 2426 1862 2482 catulus

178 2512 621 2582 leonisjdomui
644 2512 797 2568 Iuda
824 2530 835 2567 ;
870 2528 981 2582 ego
1008 2512 1333 2584 capiam,et
1364 2514 1857 2581 vadamztollam,

178 2607 239 2657 et
288 2616 418 2657 non
470 2605 562 2656 est
608 2602 712 2672 qui
739 2606 927 2657 eruat.
982 2602 1219 2657 Vadens
1240 2608 1502 2657 revertar
1524 2602 1601 2657 ad
1653 2602 1857 2657 locum

175 2706 390 2745 meum
421 2689 656 2747 :donec
688 2689 1063 2757 deﬁciatis,et
1091 2690 1370 2761 quaeratis
1392 2706 1593 2745 meam
1620 2690 1857 2746 faciem.

172 2782 241 2834 In
276 2778 673 2834 tribulatione
698 2795 808 2833 sua
840 2794 1017 2835 mane
1063 2783 1433 2848 consurgunt
1465 2778 1545 2834 ad
1588 2794 1717 2835 me:
1754 2782 1856 2835 Ve-

172 2869 325 2933 nite,
360 2872 745 2923 revertamur
766 2866 843 2922 ad
862 2866 1200 2934 Dominum,
1229 2868 1374 2939 quia
1424 2868 1550 2939 ipse
1582 2868 1755 2939 cepit,
1799 2872 1857 2923 et

174 2956 432 3011 sanabit
465 2971 602 3010 nos.
639 2966 703 3023 Ri.
736 2960 934 3010 Amen.

1981 1810 2200 1863 aeterna
2212 1806 2333 1861 vita
2345 1804 2672 1877 possideat:
2693 1804 3020 1860 Satiaturus
3037 1801 3239 1872 itaque
3252 1814 3362 1855 nos
3376 1799 3625 1855 Domine

1978 1910 2048 1949 ex
2074 1894 2250 1966 adipe
2279 1893 2551 1960 tumenti,
2585 1893 2796 1958 tribue,
2820 1896 2884 1947 ut
2913 1906 3050 1946 cum
3071 1889 3205 1954 hoc,
3248 1888 3412 1959 quod
3462 1902 3625 1944 nunc

1976 1983 2269 2038 cernimus
2291 1984 2351 2038 in
2378 1983 2714 2054 aenigmate,
2738 1981 2799 2037 in
2826 1980 2990 2036 omni
3006 1983 3059 2037 te
3084 1976 3464 2051 perfruamur
3492 1991 3621 2049 per-

1975 2071 2183 2143 spicua
2198 2072 2463 2128 veritate.

2044 2160 2211 2216 Pater
2242 2165 2465 2217 noster.

2088 2252 2154 2304 ΙΝ
2196 2248 2473 2315 QUARTO
2517 2248 2850 2306 DOMINICO
2893 2242 3493 2312 QUADRAGESleE.

2550 2338 2646 2393 Ad
2696 2338 3032 2406 Vesperum.

2042 2426 2193 2482 Fecit
2220 2427 2446 2482 lunam.
2472 2426 2535 2487 V.
2568 2426 2711 2481 Exiit
2741 2425 2943 2481 homo.
2968 2423 3083 2494 fol.
3120 2424 3237 2477 178.

2038 2516 2704 2583 Antiphona.lsraelme
2718 2529 2839 2569 non
2852 2511 3154 2582 cognovit:
3177 2508 3437 2582 populus
3449 2523 3619 2565 meus

1969 2618 2065 2658 me
2087 2618 2209 2657 non
2238 2602 2537 2658 intellexit.
2573 2604 2637 2655 P.
2670 2605 2763 2656 Vae
2794 2600 2952 2669 genti
2975 2597 3307 2669 peccatrici,
3332 2596 3470 2651 ﬁliis
3497 2612 3621 2651 sce-

1963 2689 2194 2745 leratis:
2213 2689 2655 2760 dereliquerunt
2688 2687 3025 2751 Dominum,
3042 2683 3615 2753 blasphemaverunt

1964 2784 2240 2834 sanctum
2292 2776 2491 2833 Israel.
2524 2776 2585 2837 ἲν.
2611 2777 2675 2830 Et
2702 2790 2827 2830 non
2869 2774 3091 2829 audivit
3132 2770 3395 2844 populus
3438 2785 3611 2825 meus

1968 2890 2172 2930 vocem
2198 2890 2431 2929 meam:
2465 2880 2520 2930 et
2555 2870 2737 2930 Israel
2773 2885 2895 2927 non
2921 2867 3170 2925 intendit
3194 2866 3354 2922 mihi.
3408 2868 3470 2923 P.
3514 2866 3611 2920 Vae

1961 2963 2139 3034 genti.

250 3044 621 3113 Ante‘phona
659 3050 710 3099 1.
752 3042 862 3108 Qui
895 3043 1065 3113 erigit
1085 3043 1278 3108 elisos,
1311 3046 1368 3099 et
1400 3042 1585 3099 solvet
1616 3059 1853 3117 compe-
1884 3066 1923 3124 ρ
2030 3051 2317 3107 Dominus
2340 3051 2429 3106 sit.
2472 3060 2535 3122 Βι.
2565 3052 2801 3106 Etcum.

168 3133 336 3189 ditos
361 3151 376 3199 ;
394 3133 565 3188 viam
594 3136 976 3202 peccatorum
996 3132 1361 3187 exterminet.
1386 3132 1660 3189 Psalmus
1681 3149 1852 3192 chv.

249 3220 782 3283 Oratz'o.Domine,
816 3220 1111 3292 quisolvis
1144 3220 1307 3275 verbi
1337 3222 1853 3293 potentiacompe-

166 3310 328 3366 ditos
355 3327 370 3375 ;
406 3316 465 3365 et
498 3324 609 3381 per
633 3307 951 3364 madidum
980 3308 1147 3363 humi
1177 3307 1494 3379 collyrium
1526 3324 1696 3365 sacro
1716 3326 1851 3381 spu-

166 3399 403 3455 tamine
437 3396 844 3453 circumlitnm
873 3396 1175 3453 illuminas
1218 3413 1440 3456 caecos:
1477 3397 1635 3453 solve
1675 3414 1849 3469 roga-

164 3505 302 3545 mus
317 3491 679 3543 nostrorum
691 3484 929 3541 vincula
948 3485 1370 3557 peccaminum
1394 3505 1406 3555 ;
1433 3488 1846 3558 etoppositum

163 3576 346 3633 nobis
377 3574 701 3645 disrumpe
741 3573 1082 3629 interitum:
1126 3573 1302 3629 elisos
1336 3574 1553 3645 alleva;
1589 3578 1643 3630 et
1676 3576 1847 3631 caeci-

164 3669 353 3720 tatem
384 3662 693 3718 mentium
725 3665 1071 3717 nostrarum
1103 3661 1250 3731 legis
1278 3667 1391 3718 tuae
1424 3662 1697 3719 doctrina
1722 3679 1845 3735 per-

163 3754 386 3818 lustra;
416 3767 512 3817 ac,
552 3752 705 3805 sicut
723 3750 786 3805 in
817 3757 868 3805 te
894 3751 1125 3821 justum
1148 3750 1353 3819 dirigis
1383 3766 1395 3816 ;
1426 3755 1481 3806 et
1504 3751 1844 3808 miserando

162 3841 243 3895 ad
264 3841 517 3895 veniam
552 3838 829 3910 suscipis,
859 3843 914 3895 et
956 3837 1254 3910 pupillum
1308 3838 1675 3910 viduamque
1706 3839 1842 3910 pius

164 3937 474 4000 protector
488 3927 785 3992 intendis,
810 3927 891 3982 ita
909 3931 1145 3982 nosmet
1163 3926 1223 3981 in
1236 3927 1348 3982 hac
1361 3926 1843 3998 peregrinatione

167 4018 482 4072 custodias
518 4034 531 4072 :
564 4021 631 4071 ut
661 4015 738 4071 ad
765 4015 1105 4071 aeternitatis
1128 4014 1511 4071 dulcedinem
1538 4019 1675 4086 post
1705 4030 1843 4072 con-

172 4119 352 4159 cessa
381 4105 631 4159 crimina
665 4104 840 4176 252
876 4104 1257 4159 intromittas.
1290 4115 1351 4174 Βι.
1378 4108 1587 4158 Amen.

254 4194 363 4246 Per
396 4193 896 4249 misericordiam.

246 4281 590 4349 Anti’plzona
623 4286 679 4336 2.
723 4281 831 4346 Qui
865 4296 1040 4336 sanas
1068 4280 1354 4336 contritos
1385 4279 1598 4336 corde:
1626 4283 1682 4336 et
1704 4278 1837 4336 alli-

164 4385 283 4439 gas
316 4370 711 4425 contritiones
742 4385 971 4425 eorum.
1001 4370 1271 4425 Psalmus
1303 4385 1485 4425 chvi.

240 4460 481 4514 Oratio.
515 4461 687 4524 Deus,
716 4459 818 4530 qui
844 4475 1024 4513 sanas
1064 4459 1343 4513 contritos
1393 4457 1605 4514 corde:
1644 4456 1838 4529 plagae

160 4552 394 4602 nostrae
422 4546 725 4601 medelam
752 4545 1063 4617 impende:
1098 4550 1153 4600 et
1175 4548 1276 4617 qui
1306 4545 1606 4601 stellarum
1632 4561 1839 4600 nume-

159 4652 269 4691 ras
306 4634 755 4691 multitudinem
783 4650 795 4699 ;
821 4650 929 4689 nos
956 4633 1032 4688 ad
1065 4634 1245 4688 vitam
1279 4634 1712 4705 praedestinatis
1732 4634 1839 4690 ad-

158 4726 355 4795 junge
391 4744 405 4791 ;
438 4723 889 4793 beneplacitum
920 4721 1023 4777 tibi
1062 4722 1135 4777 sit
1164 4722 1223 4777 in
1251 4723 1458 4789 nobis;
1487 4723 1619 4779 etin
1648 4722 1837 4779 salute
1937 4800 1947 4811 _

163 4828 279 4869 nos
315 4817 551 4869 ("eterna
579 4811 795 4882 jubeas
827 4810 1096 4867 exaltari.
1132 4822 1195 4883 ἢ.
1224 4812 1437 4869 Amen.

242 4902 381 4959 Per.

242 4920 381 4959 rer.

240 4990 598 5062 Antiphona
630 4992 681 5043 3.
707 4986 867 5044 Pone
906 4987 1154 5043 Domine
1197 4986 1419 5043 ﬁnibus
1466 4989 1686 5045 nostris
1735 5006 1835 5061 pa-

164 5094 299 5134 cem
331 5096 341 5131 :
378 5084 436 5135 et
462 5078 640 5148 adipe
676 5076 952 5132 frumenti
981 5076 1131 5131 satia
1158 5091 1291 5131 nos.
1318 5077 1587 5131 Psalmus
1632 5092 1832 5134 chvu.

244 5169 385 5229 Re.Si
417 5167 648 5223 oblitus
688 5165 850 5220 fuero
883 5165 962 5219 tui
1014 5164 1401 5225 Hierusalem,
1447 5163 1835 5221 obliviscatur

163 5274 264 5311 me
293 5258 543 5311 dextera
570 5260 692 5308 tua.
721 5253 781 5306 P.
828 5252 1137 5308 Adhrereat
1159 5252 1364 5322 lingua
1392 5268 1527 5308 mea
1556 5252 1833 5309 faucibus

164 5347 335 5409 meis,
365 5344 517 5399 situi
548 5358 673 5397 non
706 5343 1059 5396 meminero.
1094 5341 1156 5401 Ψ.
1189 5342 1244 5397 Si
1270 5357 1388 5396 non
1445 5358 1831 5413 praeposuero

162 5434 534 5489 Hierusalem
572 5432 631 5484 in
662 5430 950 5501 principio
976 5429 1185 5485 laetitiae
1204 5446 1375 5484 mete.
1404 5434 1463 5485 P.
1496 5431 1827 5488 Adbaereat.

236 5522 463 5579 Preces.
498 5518 594 5575 Ad
630 5523 680 5573 te
713 5517 1049 5582 clamantes,
1088 5521 1144 5575 P.
1182 5518 1334 5574 Deus
1363 5518 1604 5576 exaudi.
1638 5519 1701 5578 if.
1738 5523 1831 5579 Af-

2029 3140 2256 3197 Lauda.
2284 3138 2662 3211 Multiplicata
2677 3142 2766 3193 est
2786 3151 2965 3208 super
2985 3150 3083 3191 me
3103 3133 3389 3206 iniquitas
3410 3145 3611 3204 super-

1955 3228 2205 3285 borum:
2246 3229 2315 3283 P.
2352 3232 2472 3298 Ego
2511 3233 2712 3285 autem
2744 3226 2806 3281 in
2836 3229 2958 3281 toto
2995 3224 3174 3280 corde
3215 3238 3351 3277 meo
3382 3224 3609 3276 scruta-

1956 3316 2070 3374 bor
2112 3317 2395 3373 mandata
2445 3321 2565 3373 tua.
2625 3314 3019 3384 Coagulatum
3050 3317 3140 3367 est
3187 3310 3336 3364 sicut
3362 3307 3455 3362 Iac
3506 3322 3610 3362 cor

1958 3421 2166 3461 eorum
2183 3424 2194 3461 :
2209 3405 2400 3475 V.Ego
2419 3420 2555 3460 vero
2567 3404 2760 3473 legem
2774 3406 2944 3457 tuam
2960 3398 3277 3467 meditatus
3290 3396 3605 3461 sum,Deus

1958 3510 2146 3550 meus.
2180 3496 2250 3550 P.
2287 3494 2613 3549 Bonitatem
2644 3490 2833 3545 fecisti
2854 3504 2992 3544 cum
3013 3500 3183 3542 servo
3202 3488 3303 3539 tuo
3332 3482 3603 3546 Domine,

1956 3582 2289 3638 secundum
2316 3580 2568 3637 verbum
2600 3583 2784 3634 tuum.
2818 3578 2900 3633 P.
2933 3578 3053 3645 Ego
3083 3576 3305 3629 autem.

2625 3666 2917 3736 Hymnus.

2165 3757 2422 3815 Verbum
2451 3756 2653 3826 Patris,
2687 3753 2854 3827 quod
2912 3749 3131 3825 prodiit
3168 3749 3395 3806 factum
3424 3761 3600 3812 caro;

2059 3856 2261 3917 Agnus
2282 3846 2383 3901 Dei
2412 3848 2660 3918 peccata
2692 3841 2903 3899 mundi
2934 3839 3211 3897 auferens
3237 3854 3249 3909 ;

2055 3935 2145 3990 Ad
2184 3939 2238 3990 te
2276 3934 2553 3990 venimus
2583 3931 2806 3997 cernui,
2836 3934 2899 3986 ut
2934 3928 3227 4000 inclytum

2058 4023 2340 4079 Bibamus
2371 4022 2547 4097 alma).
2578 4018 2881 4094 passionis
2912 4017 3291 4088 sanguinem.

2162 4111 2416 4168 Ostende
2443 4110 2759 4166 vulnerum
2783 4121 3095 4164 sacrorum
3134 4104 3452 4175 stigmata:

2056 4200 2314 4268 Exurgat
2341 4198 2590 4270 insignis
2624 4196 2826 4255 Crucis
2852 4194 3247 4251 fortissimum

2058 4286 2326 4359 Signum,
2358 4287 2525 4361 quod
2554 4287 2616 4342 in
2641 4285 2843 4357 vigore
2884 4281 3174 4357 perpetim

2056 4377 2317 4441 Manens,
2351 4375 2728 4431 credentibus
2760 4372 3154 4429 salvationem
3193 4369 3477 4426 conferat.

2158 4464 2423 4529 Arundo,
2457 4464 2627 4529 clavi,
2650 4466 2845 4534 sputa,
2878 4466 3055 4534 potus
3080 4458 3416 4531 myrrheus,

2054 4554 2288 4607 Corona
2308 4553 2629 4625 spirarum,
2661 4550 2920 4622 ﬂagella,
2947 4550 3178 4615 lancea,

2053 4644 2353 4711 Impressa
2374 4644 2511 4696 sunt
2535 4640 2938 4696 damnationis
2966 4636 3219 4693 verbera
3243 4651 3254 4689 :

2054 4730 2176 4784 Iam
2206 4734 2410 4785 nostra
2435 4745 2545 4801 pro
2567 4729 2659 4784 bis
2699 4732 2915 4784 cuncta
2944 4725 3072 4781 dele
3094 4722 3366 4779 crimina.

2163 4821 2313 4873 Fons
2339 4818 2605 4873 vulneris
2638 4816 2800 4874 Sacri
2830 4815 2979 4885 riget
3010 4810 3362 4886 praecordia.

2054 4908 2230 4963 Lavet
2258 4922 2452 4972 cruor,
2487 4906 2847 4977 malitiaaque
2867 4901 3173 4971 contagia:
3389 4972 3393 4979 ‘

2054 4995 2137 5050 Sit
2161 4994 2285 5050 vita
2323 5010 2586 5066 praesens
2614 4993 2842 5066 absque
2865 4990 3031 5049 omni
3062 4988 3309 5046 crimine
3334 5006 3351 5055 ,'

2052 5086 2270 5139 Futura
2294 5083 2465 5137 detur
2491 5082 2552 5137 in
2584 5082 2762 5138 beato
2792 5095 3060 5137 munere.

2160 5173 2242 5239 Ut,
2275 5186 2413 5226 cum
2458 5170 2807 5241 resurgendi
2845 5170 2975 5225 dies
3003 5168 3307 5240 etlulserit,

2054 5259 2311 5329 Orbique
2342 5258 2510 5328 regni
2537 5259 2773 5315 claritas
2803 5259 3101 5322 inluxerit,

2051 5351 2385 5419 Sequamur
2408 5348 2643 5404 (etheris
2672 5349 2851 5415 viam,
2886 5364 3022 5421 quae
3044 5363 3154 5403 nos
3188 5343 3376 5400 trahat

2050 5439 2112 5492 In
2146 5452 2209 5491 se
2241 5442 2502 5509 receptos
2530 5438 2653 5509 jam
2674 5452 2964 5510 perennes
2990 5432 3235 5489 incolas.

2160 5519 2358 5574 Ilonor
2390 5517 2464 5575 sit
2493 5522 2730 5575 Aiterno
2757 5520 2897 5580 Deo,
2929 5514 3003 5568 sit
3029 5510 3217 5582 gloria
