4094 6164
506 277 609 331 439

615 396 724 454 Uni
743 396 915 464 Patri,
957 395 1205 466 ejusque
1237 393 1348 450 soli
1374 392 1513 450 Filio

615 486 760 543 Cum
794 485 1034 557 Spiritu;
1066 499 1201 556 quae
1229 483 1477 539 Trinitas
1502 483 1836 555 perenniter

614 575 766 633 Vivit
798 579 1007 648 potens
1031 574 1095 629 in
1127 572 1488 629 saeculorum
1512 572 1765 628 saeculis.

722 665 929 720 Amen.

580 752 955 825 Supplicatio
969 796 981 808 .
997 753 1244 808 Oremus
1256 749 1715 822 Redemptorem
1734 747 1945 804 mundi
1961 745 2156 803 Domi-

509 859 658 901 num
689 847 963 900 nostrum
984 843 1183 896 Jesum
1200 840 1658 905 Christum,cum
1670 838 1834 895 omni
1857 836 2155 909 supplica-

512 933 670 990 tione
694 946 1010 1001 rogemus;
1035 934 1099 984 ut
1118 943 1230 983 nos
1258 943 1364 999 per
1398 928 1681 997 stigmata
1704 926 2001 999 passionis
2033 940 2157 979 suae

510 1019 804 1094 propitius
829 1016 1152 1088 justiﬁcare
1181 1016 1474 1085 dignetur.
1498 1015 1699 1087 Kyrie,
1719 1014 1967 1071 eleison.
2002 1012 2159 1070 Chri-

514 1114 601 1165 ste
627 1107 866 1162 eleison.
890 1104 1087 1176 Kyrie,
1106 1104 1347 1160 eleison.

588 1194 886 1263 Capitula.
920 1191 1224 1248 Passionis
1243 1196 1359 1248 tuae
1402 1190 1639 1261 festum,
1673 1191 1895 1249 Christe
1950 1190 2052 1246 Dei
2079 1189 2161 1245 Fi-

513 1286 627 1342 lius
653 1282 885 1339 devotis
921 1280 1192 1337 cordium
1224 1279 1436 1336 ofﬁciis
1466 1296 1712 1336 recursu
1741 1280 2026 1351 temporis
2070 1278 2161 1334 in-

515 1374 947 1441 choantes,quo
972 1384 1080 1441 pro
1096 1367 1274 1423 nobis
1299 1373 1355 1423 et
1376 1367 1615 1438 linguas
1630 1368 1791 1424 fuisti
1806 1382 2162 1440 persequen-

516 1462 666 1519 tium
683 1474 825 1531 pass
835 1474 919 1526 us,
929 1460 985 1513 et
1000 1456 1361 1512 tradentium
1376 1460 1427 1512 te
1440 1456 1791 1513 vulneribus
1805 1456 2125 1513 cruciﬁxus
2145 1471 2159 1520 ;

515 1564 802 1619 rogamus
819 1550 999 1618 atque
1029 1545 1506 1616 exposcimus,ne
1532 1552 1585 1601 te
1605 1545 1848 1615 elonges
1876 1560 1912 1601 a
1940 1544 2115 1600 nobis
2147 1562 2160 1612 ;

517 1642 601 1701 ut,
633 1636 777 1708 quia
799 1634 1175 1707 proximante
1197 1632 1598 1700 tribulatione,
1621 1649 1737 1689 non
1762 1638 1849 1689 est
1876 1633 1978 1706 qui
1995 1632 2165 1703 adju-

1782 262 2236 325 BHEVIARIUM
2275 261 2665 318 GOTHICUM.

2179 388 2226 442 A
2261 390 2489 443 rentem
2537 386 2800 443 remedio
2850 384 3153 441 salutifero
3213 380 3490 437 subleva:
3524 379 3901 452 tuisquejus-

3800 263 3895 315 4510

2264 476 2685 531 tiﬁcationibus
2726 476 2993 531 eductam
3014 469 3469 545 potentiaverbi
3522 469 3607 524 tui
3648 468 3896 535 viviﬁca,

2263 575 2329 635 BI.
2351 568 2558 619 Amen.

2334 653 2443 707 Per
2471 650 2965 708 misericordiam.

2333 741 2557 797 Lauda.
2592 742 2880 797 Memento
2930 736 3100 793 verbi
3142 735 3224 792 tui
3281 749 3453 791 servo
3509 737 3630 799 tuo,
3688 734 3751 789 in
3788 750 3902 806 quo

2264 829 2409 885 mihi
2440 844 2605 901 spem
2635 828 2864 884 dedisti.
2888 827 2946 881 P.
2976 828 3110 882 Haec
3137 840 3232 879 me
3260 822 3571 880 consolata
3603 826 3691 878 est
3722 823 3784 878 in
3812 822 3905 878 hu-

2264 918 2505 974 militate
2528 933 2682 975 mea.
2703 917 2765 978 ν.
2788 914 3035 988 Superbi
3063 914 3266 985 inique
3294 912 3907 985 agebantusquequa-

2264 1020 2418 1077 que:
2461 1022 2497 1061 a
2534 1004 2661 1074 lege
2689 1008 2888 1061 autem
2919 1008 3019 1059 tua
3045 1016 3167 1058 non
3203 999 3516 1057 declinavi.

2336 1092 2398 1147 P.
2435 1095 2591 1151 Haec.

2338 1182 2555 1239 Oratio.
2590 1184 2788 1253 Spem,
2815 1195 3001 1253 quam
3031 1178 3247 1235 dedisti
3269 1176 3759 1244 nobis,Domine,
3793 1176 3912 1249 ipsa

2269 1270 2341 1326 sit
2370 1270 2430 1326 in
2464 1270 2793 1326 humilitate
2815 1275 3018 1325 nostra
3042 1266 3392 1331 consolatio,
3426 1282 3561 1337 quae
3602 1265 3786 1322 nobis
3821 1267 3915 1322 erit

2268 1359 2331 1415 in
2360 1359 2721 1415 exultatione
2752 1357 2953 1429 glorim
2986 1355 3313 1430 plenitudo.
3349 1365 3412 1424 Bg.
3438 1358 3645 1410 Amen.

2344 1450 2471 1504 Per.

2340 1538 2485 1594 Alia
2522 1537 2740 1594 Lauda.
2772 1539 2991 1592 Memor
3028 1534 3110 1589 fui
3128 1532 3485 1605 judiciorum
3515 1534 3760 1588 tuorum
3818 1532 3917 1587 Do-

2273 1627 2433 1682 mine
2463 1642 2498 1681 a
2539 1624 2756 1680 saeculo
2791 1642 2802 1679 :
2837 1625 2900 1678 P.
2960 1625 3025 1678 Et
3059 1621 3399 1677 consolatus
3454 1636 3607 1675 sum.
3654 1619 3717 1679 V.
3751 1618 3920 1675 Defe-

516 1729 617 1781 vet
644 1742 661 1795 ;
699 1728 761 1778 tu
791 1721 952 1778 solus
980 1721 1276 1792 passionis
1314 1724 1428 1777 tua:
1460 1737 1572 1777 nos
1607 1722 1881 1777 subleves
1902 1737 2054 1793 ope;
2088 1735 2161 1776 ne
2191 1734 2236 1789 Β
2274 1715 2389 1771 ctio
2410 1714 2592 1771 tenuit
2618 1730 2731 1779 me,
2768 1728 2876 1785 pro
2907 1711 3318 1784 peccatoribus
3372 1708 3923 1781 derelinquentibus

523 1812 722 1870 tradas
752 1826 891 1881 ergo
916 1825 1027 1865 nos
1063 1809 1321 1864 inimicis
1352 1810 1569 1865 nostris
1627 1810 1688 1865 in
1746 1809 2009 1875 malum;
2060 1809 2165 1864 sed

523 1901 698 1972 253
728 1899 933 1970 excipe
954 1913 1156 1954 servos
1178 1901 1318 1977 tuos
1349 1898 1409 1953 in
1430 1898 1697 1954 bonum:
1726 1903 1786 1954 ut
1810 1914 1921 1954 nos
1940 1897 2166 1953 calum-

520 1988 754 2044 niantes
796 1986 1060 2058 superbi,
1091 1985 1317 2041 inimici
1342 1986 1562 2043 scilicet
1582 1986 1922 2043 animarum
1945 1989 2169 2041 nostra-

521 2074 911 2142 rum,virtutis
934 2078 1048 2130 tute
1068 2074 1334 2145 potentia
1359 2074 1768 2146 propellantur
1785 2092 1801 2129 :
1816 2077 1900 2131 Tu
1921 2090 1983 2129 es
2009 2074 2168 2129 enim

522 2164 726 2220 divina
742 2163 984 2219 lucerna
997 2178 1102 2234 per
1118 2162 1537 2219 humanitatem
1551 2179 1727 2235 super
1747 2162 2171 2219 candelabrum

523 2252 724 2310 Crucis
742 2250 1028 2323 imposita
1049 2268 1061 2303 :
1081 2250 1213 2307 ideo
1237 2255 1289 2306 te
1310 2256 1691 2321 rogamus,ut
1710 2268 1831 2308 non
1854 2251 2167 2316 accendas,

522 2356 597 2397 ne
631 2339 946 2397 veniamus
959 2338 1020 2394 in
1051 2340 1481 2410 pmnam.Quos
1504 2354 1647 2409 ergo
1670 2339 1958 2411 perspicis
1976 2339 2171 2395 initia-

522 2434 651 2485 tum
675 2428 983 2501 passionis
1023 2431 1137 2483 tuas
1162 2428 1379 2483 festum
1414 2428 1653 2484 devotis
1690 2428 1972 2484 cordibus
2004 2442 2172 2483 exce-

524 2519 706 2590 pisse,
728 2516 902 2573 facito
928 2532 1029 2571 eos
1046 2516 1349 2586 passionis
1372 2520 1485 2572 tum
1508 2516 1988 2571 communicare:
2010 2520 2075 2571 ut
2096 2519 2173 2571 te—

524 2604 847 2663 nebrarum
888 2606 1231 2657 nostrarum
1271 2616 1469 2659 errore
1516 2602 1811 2667 discusso,
1854 2601 2005 2658 lucis
2056 2606 2173 2659 tuae

524 2692 867 2751 muniamur
898 2689 1194 2761 praesidio.

596 2781 763 2836 Pater
790 2782 1007 2834 noster.

598 2866 935 2924 Humilitate
971 2881 1079 2922 vos
1113 2864 1534 2923 benedictioni.

599 2954 1214 3013 Benedictio.Christus
1236 2954 1719 3027 Dominus,cujus
1735 2956 2034 3027 passionis
2051 2957 2175 3014 vul-

2272 1804 2467 1873 legem
2498 1807 2685 1859 tuam.
2728 1805 2784 1857 P.
2821 1804 2886 1857 Et
2918 1800 3279 1856 consolatus.

2348 1893 2569 1949 Oratio.
2600 1895 2887 1948 Memores
2925 1890 3009 1945 tui
3064 1890 3124 1945 in
3166 1893 3361 1959 nocte,
3410 1888 3675 1952 Domine,
3732 1886 3924 1956 legem

2275 1981 2467 2038 tribue
2499 1980 2826 2035 custodire:
2862 1984 2917 2035 et
2946 1979 3049 2051 qui
3078 1978 3151 2033 de
3181 1983 3235 2032 te
3262 1993 3370 2032 nec
3423 1977 3482 2030 in
3520 1974 3924 2031 tribulationi-

2275 2070 2389 2126 bus
2414 2068 2604 2132 silent,
2635 2084 2952 2140 nunquam
2971 2084 3005 2123 a
3036 2066 3149 2123 tuis
3173 2064 3549 2121 sermonibus
3572 2064 3923 2128 claudicent,

2278 2159 2381 2215 sed
2411 2158 2528 2213 ﬁxa
2556 2157 2615 2213 in
2644 2162 2699 2213 te
2726 2156 3045 2213 stabilitate
3072 2155 3416 2228 perdurent.
3448 2165 3511 2223 ﬁ.
3539 2158 3751 2208 Amen.

2348 2249 2492 2303 Alia
2522 2244 3203 2302 Lauda.Confundantur
3229 2241 3493 2314 superbi,
3512 2242 3614 2313 qui
3646 2241 3924 2312 iniquita-

2279 2341 2395 2393 tem
2436 2336 2705 2392 fecerunt
2734 2335 2794 2390 in
2826 2350 2956 2390 me:
3006 2336 3067 2389 P.
3099 2336 3218 2401 Ego
3274 2336 3475 2387 autem
3527 2330 3850 2385 exercebor
3874 2330 3927 2384 in

2277 2424 2577 2481 mandatis
2603 2425 2734 2479 tuis.
2768 2423 2830 2485 ἵ.
2861 2425 3063 2478 Manus
3094 2427 3206 2477 tua:
3236 2418 3499 2475 fecerunt
3526 2436 3638 2482 me,
3702 2424 3763 2474 et
3813 2418 3926 2490 pla-

2280 2517 2628 2569 smaverunt
2665 2528 2798 2567 me:
2838 2512 2918 2567 da
2963 2509 3109 2565 mihi
3140 2508 3523 2577 intellectum,
3583 2513 3648 2563 ut
3698 2507 3926 2564 discam

2280 2601 2569 2659 mandata
2599 2608 2719 2656 tua.
2754 2600 2814 2653 P.
2850 2602 2991 2670 Ego.

2354 2690 2577 2746 Oratio.
2607 2689 2728 2745 Fiat
2754 2703 2857 2744 cor
2886 2686 3462 2751 nostrum,Domine,
3490 2685 3551 2741 in
3583 2684 3701 2741 tuis
3719 2684 3927 2755 justiﬁ-

2282 2777 2617 2835 cationibus
2689 2776 3181 2846 immaculatum;
3256 2779 3321 2830 ut
3392 2790 3501 2830 nec
3546 2773 3930 2844 intelligentia

2282 2883 2468 2937 prava
2484 2882 2593 2922 nos
2609 2865 2972 2938 polluat,nec
2994 2863 3307 2937 dispositio
3328 2863 3567 2919 sinistra
3579 2862 3926 2920 confundat.

2282 2966 2351 3027 Br.
2388 2959 2596 3011 Amen.

529 3058 675 3100 nera
700 3040 1369 3135 gratissimadevotione
1388 3041 1769 3113 praecinenda
1786 3044 2175 3118 suscipitis,li-
2204 3077 2246 3135 ρ
2354 3045 2649 3101 Psalmus.
2682 3042 2946 3099 Miserere
2978 3042 3097 3098 mei
3136 3042 3309 3099 Deus.
3346 3042 3572 3097 Totum.

524 3132 703 3186 beros
731 3144 842 3184 vos
861 3127 1085 3183 efﬁciat
1110 3143 1145 3182 a
1171 3128 1557 3198 passionibus
1578 3131 1785 3187 vestris
1814 3150 1826 3199 ;
1860 3143 1923 3203 BI.
1952 3139 2165 3190 Amen.

528 3221 595 3275 Et
631 3217 735 3290 qui
762 3230 866 3288 per
891 3218 1269 3286 assumptam
1297 3230 1540 3273 carnem
1560 3215 1745 3274 voluit
1762 3221 2045 3291 cruciﬁgi,
2070 3238 2177 3294 per

528 3304 856 3363 Divinitatis
906 3319 1031 3359 sua:
1087 3305 1403 3375 potentiam
1456 3306 1776 3379 participes
1814 3324 1923 3365 vos
1962 3310 2179 3366 efﬁciat

529 3397 699 3469 regni
725 3396 852 3452 sui:
886 3404 948 3465 Βτ.
988 3397 1189 3449 Amen.
1228 3396 1296 3450 Ut
1321 3394 1382 3450 in
1410 3396 1582 3466 cujus
1634 3397 1912 3468 passione
1951 3414 2179 3455 amare-

532 3487 716 3551 scitis,
750 3484 811 3540 in
845 3483 975 3554 ejus
993 3482 1425 3541 resurrectione
1452 3483 1798 3557 plenissime
1840 3484 2178 3555 gaudeatis.

532 3587 595 3647 ἢ.
634 3579 843 3630 Amen.

606 3663 733 3719 Per.

602 3750 835 3808 Lauda.
865 3749 1155 3807 Sederunt
1183 3749 1502 3823 principes,
1536 3756 1591 3807 et
1619 3750 1937 3808 adversum
1969 3767 2064 3808 me
2081 3751 2181 3807 de-

533 3840 880 3898 trahebant:
912 3854 1117 3895 servus
1157 3843 1358 3895 autem
1406 3844 1544 3895 tuus
1570 3840 1632 3897 P.
1674 3840 2065 3897 Exercebatur
2096 3840 2183 3897 in-

538 3930 653 3987 tuis
686 3926 1581 4001 justiﬁcationibus.V.Retribue
1608 3945 1779 3986 servo
1807 3929 2130 3996 tuo,vivam
2164 3948 2177 3987 :

536 4026 591 4077 et
616 4017 949 4075 custodiam
997 4032 1303 4074 sermones
1333 4021 1493 4075 tuos.
1546 4017 1612 4075 P.
1672 4018 2068 4075 Exercebatur
2120 4018 2182 4075 in

536 4107 653 4166 tuis
666 4108 686 4179 j
698 4106 1198 4164 ustiﬁcationibus
1211 4148 1225 4162 .

604 4196 831 4254 Oratio.
862 4195 1130 4252 Nominis
1158 4194 1266 4263 tui,
1304 4196 1457 4251 Deus
1503 4194 1981 4264 magnitudinem
2014 4195 2183 4253 dona

534 4286 711 4343 nobis
751 4284 1063 4341 oculorum
1084 4282 1439 4339 revelatione
1458 4282 1837 4339 considerare
1861 4300 1873 4339 :
1896 4290 2075 4357 atque
2097 4286 2184 4341 in-

539 4373 765 4431 colatus
775 4372 965 4429 nostri
987 4370 1382 4428 humilitatem
1399 4370 1589 4427 alleva
1603 4370 2031 4428 mandatorum
2062 4388 2183 4429 ere-

539 4462 731 4519 ctione
764 4479 778 4529 ;
805 4466 862 4518 et
883 4460 1430 4532 concupiscentiam
1461 4460 1676 4516 animae
1714 4462 2181 4518 commutatione

538 4550 979 4608 desideriorum
997 4548 1397 4621 spiritualium
1425 4549 1485 4604 in
1514 4563 1586 4604 ea
1608 4548 1887 4620 perﬁcere
1913 4565 1925 4600 :
1960 4546 2125 4603 aufer
2148 4562 2184 4603 a

537 4641 715 4699 nobis
794 4643 1215 4711 contemptum,
1271 4642 1327 4695 et
1399 4637 1836 4711 obprobrium:
1916 4640 2183 4693 tuorum-

536 4746 654 4804 que
711 4729 895 4787 corda
919 4728 1187 4786 ﬁdelium
1223 4742 1448 4786 renova
1485 4727 1829 4800 operatione
1876 4726 2184 4782 virtutum.

537 4828 603 4889 Βι.
634 4822 814 4875 Amen
828 4861 841 4877 .

608 4908 735 4963 Per.

609 4993 752 5050 Alia
781 4994 1015 5054 Lauda.
1048 4994 1291 5052 Adhmsi
1323 4992 1677 5052 testimoniis
1706 4992 1840 5055 tuis,
1897 4990 2179 5047 Domine:

535 5082 602 5139 Ρ.
658 5081 785 5139 Noli
846 5099 921 5138 ne
968 5083 1353 5141 confundere.
1432 5083 1500 5144 ἲν.
1540 5081 1707 5138 Viam
1760 5080 2185 5137 mandatorum

536 5172 790 5236 cucurri,
818 5188 958 5229 cum
986 5172 1269 5229 dilatares
1291 5187 1393 5227 cor
1423 5186 1646 5227 meum.
1676 5170 1735 5225 P.
1766 5167 1893 5226 Noli
1923 5184 2009 5225 me
2048 5183 2186 5225 con-

534 5261 783 5318 fundere
796 5303 809 5317 .

610 5352 835 5409 Oratio.
866 5350 955 5407 Ab
985 5346 1311 5421 iniquitatis
1347 5346 1437 5403 via
1462 5347 1997 5413 remove,Domine,
2027 5360 2186 5414 gres-

534 5456 640 5496 sus
668 5448 931 5499 nostros:
969 5444 1026 5496 et
1050 5438 1257 5495 itinere
1279 5435 1706 5492 mandatorum
1731 5440 1968 5491 tuorum
1996 5439 2184 5489 statue

536 5544 783 5587 cursum
812 5534 1111 5590 nostrum:
1145 5526 1424 5585 Animam
1444 5523 1624 5595 igitur
1636 5525 1981 5595 pavimento
2000 5523 2184 5579 illth

2358 3133 2549 3205 Kyrie,
2602 3132 2847 3189 eleison.
2904 3132 3148 3197 Christe,
3208 3131 3454 3188 eleison.
3530 3130 3728 3202 Kyrie,
3794 3128 3922 3185 elei-

2286 3237 2417 3279 SOI].

2356 3310 2523 3367 Pater
2553 3312 2774 3366 noster.

2356 3400 2579 3455 Preces.
2617 3396 2867 3453 Domine
2894 3397 3459 3454 misericordiarum.
3489 3398 3548 3452 P.
3575 3395 3933 3453 Obliviscere

2285 3492 2531 3560 peccata
2570 3492 2791 3545 nostra.
2821 3486 2884 3549 π’.
2933 3487 3042 3553 Qui
3079 3486 3327 3558 injurias
3369 3487 3564 3542 carnis
3617 3490 3838 3541 nostras
3878 3485 3932 3539 in

2284 3582 2388 3633 tuo
2409 3591 2658 3648 corpore
2687 3576 3000 3648 pertulisti,
3048 3578 3105 3631 P.
3142 3575 3523 3631 Obliviscere.
3575 3574 3638 3635 ﬁt.
3698 3575 3810 3639 Qui
3856 3574 3931 3628 vi-

2287 3670 2409 3722 tam
2438 3664 2811 3732 mortalibus,
2839 3665 3017 3721 caecis
3042 3664 3267 3730 lumen,
3301 3663 3576 3719 auditum
3600 3662 3805 3718 surdis
3839 3662 3929 3717 de-

2287 3754 2444 3821 disti,
2484 3755 2547 3808 P.
2582 3753 2956 3810 Obliviscere.
2978 3753 3041 3814 V.
3076 3754 3185 3818 Qui
3212 3752 3560 3808 vulneratus
3588 3767 3672 3816 es,
3705 3756 3767 3807 ut
3811 3750 3933 3806 vul-

2288 3858 2433 3899 nera
2457 3849 2660 3898 nostra
2687 3857 2947 3905 curares,
2978 3841 3040 3897 P.
3076 3841 3449 3898 Obliviscere.
3470 3841 3534 3901 V.
3569 3841 3681 3906 Qui
3738 3839 3932 3912 perdi-

2291 3936 2416 3987 tum
2446 3930 2755 3986 hominem
2785 3945 2946 3986 nunc
2976 3930 3169 3985 crucis
3193 3934 3307 3985 tua:
3360 3929 3639 3999 passione
3670 3926 3929 3991 redimis,

2289 4019 2357 4075 P.
2395 4018 2772 4076 Obliviscere.
2813 4018 2880 4079 ν.
2922 4017 3073 4083 Quid
3098 4018 3247 4073 mori
3286 4016 3569 4088 dignatus
3627 4033 3712 4079 es,
3739 4020 3799 4070 ut
3825 4016 3932 4070 im-

2290 4106 2711 4163 mortalitatem
2765 4105 3114 4163 mortalibus
3166 4106 3560 4170 condonares,
3600 4108 3656 4161 P.
3693 4104 3933 4161 Oblivis-

2292 4211 2441 4251 cere.
2472 4195 2537 4256 V.
2568 4195 2675 4260 Qui
2706 4198 3022 4266 peccantes
3050 4209 3171 4249 non
3196 4193 3437 4265 judicas
3463 4212 3475 4262 ;
3510 4192 3619 4249 sed
3649 4193 3729 4249 ad
3758 4192 3934 4264 paeni-

2291 4285 2534 4341 tentiam
2565 4299 2917 4355 provocans,
2952 4288 3283 4355 exspectas.

2397 4373 2620 4429 Oratio.
2658 4372 2886 4427 Exaudi
2927 4372 3259 4427 orationem
3293 4374 3581 4428 nostram.
3609 4372 3728 4440 fol.
3765 4373 3815 4425 3.

2855 4462 2953 4515 Ad
2981 4462 3372 4517 Matutinum.

2360 4551 2646 4620 Hymnus.
2684 4551 2912 4604 Eterne
2943 4565 3160 4605 rerum.
3192 4550 3303 4617 fol.
3339 4552 3388 4605 3.

2364 4639 2587 4695 Oratio.
2616 4639 2925 4693 zEternum
2946 4642 2999 4693 te
3018 4637 3340 4692 Dominum
3359 4651 3556 4692 rerum
3572 4636 3711 4705 .fol.
3742 4636 3859 4688 215.

2362 4727 2734 4797 Antiphona.
2771 4726 3036 4792 Domine,
3070 4725 3215 4797 quid
3243 4724 3615 4797 multiplicati
3662 4727 3798 4777 sunt
3831 4720 3930 4791 qui

2292 4816 2578 4873 tribulant
2593 4833 2687 4873 me
2706 4816 2734 4871 ‘l
2755 4816 2925 4872 multi
2950 4815 3265 4887 insurgunt
3287 4814 3610 4871 adversum
3626 4829 3741 4871 me.
3772 4810 3933 4867 Psal-

2293 4920 2422 4961 mus
2450 4918 2529 4961 Ill.
2616 4930 2621 4937 ‘

2362 4994 2733 5064 Antiphona.
2767 4995 2924 5049 Lava
2954 5008 3050 5047 me
3081 4992 3160 5048 ab
3194 4991 3482 5062 injustitia
3508 5006 3644 5047 mea
3675 4992 3847 5046 Deus:
3876 4989 3935 5042 et

2294 5099 2330 5141 a
2352 5088 2596 5156 peccato
2629 5098 2763 5138 meo
2786 5080 3016 5136 munda
3047 5097 3164 5137 me.
3198 5080 3467 5136 Psalmus
3486 5095 3535 5134 ι..

2362 5173 2715 5242 Antiphona.
2742 5171 3020 5226 Paratum
3044 5184 3145 5225 cor
3185 5183 3411 5233 meum,
3446 5166 3622 5231 Deus,
3662 5168 3931 5239 paratum

2291 5276 2388 5316 cor
2412 5277 2649 5315 meum:
2686 5258 2964 5325 cantabo,
2998 5262 3052 5313 et
3081 5256 3357 5329 psallam.
3389 5257 3661 5312 Psalmus
3694 5271 3800 5311 LVI.

2365 5347 2562 5418 254.
2590 5347 2794 5403 Oratio
2826 5348 3209 5416 Omnipotens
3245 5345 3508 5407 Domine,
3534 5346 3630 5398 cui
3670 5345 3728 5397 in
3766 5339 3926 5397 caele-

2292 5436 2481 5491 stibus
2506 5437 2611 5492 rite
2642 5436 2885 5492 offertur
2929 5450 3170 5489 summa
3192 5433 3269 5489 ab
3297 5433 3536 5501 Angelis
3578 5432 3763 5501 gloria
3795 5447 3805 5484 :
3838 5428 3925 5482 tri-

2288 5523 2425 5596 bus,
2450 5532 2511 5583 ut
2547 5526 2608 5581 in
2638 5532 2691 5581 te
2732 5524 2803 5580 sit
2831 5522 3105 5595 gloriatio
3145 5525 3375 5579 nostra:
3412 5522 3717 5592 perveniat
3757 5516 3828 5575 ad
3867 5519 3923 5569 te
