4094 6164
260 272 357 325 441

1428 278 1778 337 DOMINICA
1819 282 1894 336 IV
1934 280 2275 349 QUADHAG
2325 289 2532 345 SIMzE.

3568 298 3671 355 442

254 394 503 491 humilis
523 394 824 491 confessio
853 397 1235 491 populorum,
1259 405 1325 491 et
1349 402 1421 459 de
1448 404 1669 476 quibus
1700 408 1751 461 te
1780 423 1917 479 pec-
1947 410 1995 465 A
2031 410 2165 467 vivo
2205 428 2315 483 ego
2345 414 2406 471 in
2437 418 2744 472 aeternum.
2780 414 2841 476 ὴ.
2901 416 3059 474 Vidit
3105 419 3264 474 enim
3318 435 3420 476 eos
3462 420 3672 491 fatiga-

257 485 452 539 cando
475 482 858 548 offendimus,
880 486 955 542 ad
977 485 1233 545 fructum
1254 489 1631 563 indulgentiae
1652 498 1703 549 te
1723 497 1916 567 propi-

260 572 337 628 tio
372 572 735 628 redeamus:
776 575 841 629 ut
893 575 1235 634 miserando
1279 586 1471 637 errata
1513 581 1813 652 ignoscas,
1863 591 1919 643 et

262 660 339 716 ad
369 661 844 733 promerendum
871 668 945 728 te,
985 665 1210 737 inclyta
1239 667 1449 727 virtute
1481 671 1818 730 subvenias.
1848 685 1912 745 Βι.

265 752 469 805 Amen.

338 838 453 895 Per
475 837 953 897 misericordiam
981 844 1166 899 tuam.

332 946 683 1014 Antiphona
703 945 751 999 1.
784 948 976 1012 Quare
993 949 1362 1009 fremuerunt
1379 955 1609 1021 Gentes,
1635 958 1915 1030 etpopuli

259 1033 525 1089 meditati
556 1038 696 1090 sunt
720 1034 923 1092 inania
944 1035 971 1090 ?
1002 1040 1057 1093 P.
1090 1039 1415 1098 Astiterunt
1443 1059 1611 1115 reges
1644 1049 1829 1111 terrae,
1860 1052 1916 1104 et

256 1121 557 1193 principes
596 1128 1006 1179 convenerunt
1033 1125 1092 1181 in
1143 1143 1353 1196 unum,
1387 1131 1676 1188 adversus
1722 1135 1914 1191 Domi-

252 1225 419 1274 num,
455 1215 513 1266 et
542 1210 835 1266 adversus
863 1212 1154 1270 Christum
1180 1217 1331 1286 ejus.
1358 1218 1420 1280 V.
1456 1221 1911 1293 Disrumpamus

253 1297 491 1354 vincula
511 1313 722 1355 eorum
744 1315 755 1354 :
781 1304 836 1355 et
857 1300 1249 1372 projiciamus
1269 1321 1305 1362 a
1328 1306 1502 1363 nobis
1518 1309 1734 1379 jugum
1751 1311 1911 1382 ipso-

252 1401 402 1441 rum.

317 1492 558 1551 Oratio.
606 1493 849 1559 Christe,
902 1496 1002 1552 Dei
1058 1497 1248 1554 Patris
1293 1499 1592 1559 ineffabile
1626 1504 1902 1570 Verbum,

244 1585 453 1636 contra
479 1597 667 1652 quem
696 1587 753 1637 et
779 1597 945 1652 reges
997 1588 1163 1639 terrae
1193 1589 1488 1644 attrociter
1517 1590 1901 1659 fremuerunt,

239 1674 290 1725 et
322 1669 543 1741 populi
591 1670 799 1727 inania
846 1672 1113 1728 meditati
1146 1681 1318 1745 sunt;
1359 1678 1438 1733 da
1485 1679 1754 1735 Ecclesia:
1784 1685 1900 1736 tuae

2028 501 2137 555 tos.

2099 588 2434 647 Canticum.
2466 592 2712 648 Attende
2756 592 2992 648 ccelum.
3021 594 3140 662 fol.
3175 597 3228 650 4.

2098 678 2319 735 Oratio.
2352 680 2436 735 Tu
2485 696 2565 747 es,
2606 682 2851 737 Domine
2898 684 3083 737 Deus:
3127 685 3183 739 et
3227 698 3349 738 non
3385 689 3472 739 est
3513 685 3666 743 alius

2026 770 2231 837 praeter
2259 772 2311 823 te
2345 785 2355 821 :
2383 769 2480 840 qui
2520 770 2807 842 percutis;
2836 775 2892 826 et
2920 787 3118 837 sanas,
3152 775 3209 827 et
3237 773 3510 828 sanando
3530 789 3669 830 con-

2026 854 2249 911 solidas
2271 874 2283 910 :
2308 856 2398 912 fac
2420 873 2528 913 nos
2554 859 2613 913 in
2630 864 2917 914 aeternum
2939 862 3134 914 tecum
3157 859 3282 913 sine
3300 858 3417 914 ﬁne
3436 861 3663 917 vivere:

2024 946 2087 998 ut
2118 943 2190 998 de
2222 960 2405 1001 manu
2438 950 2537 1002 tua
2566 962 2688 1003 non
2724 963 3063 1019 pereamus,
3108 963 3240 1002 cum
3271 948 3348 1004 ad
3373 948 3667 1018 judicium

2021 1031 2253 1086 veneris
2295 1031 2613 1101 gloriosus.
2650 1046 2711 1104 Βι.
2748 1039 2953 1089 Amen.

2090 1119 2191 1175 Ad
2216 1121 2584 1178 Benedictus.
2613 1123 2981 1191 Antiphona.
3002 1123 3194 1185 Quare
3219 1137 3314 1176 me
3353 1123 3666 1194 repulisti?

2021 1210 2076 1262 et
2104 1223 2286 1278 quare
2315 1210 2490 1264 tristis
2517 1209 2751 1277 incedo,
2788 1209 2934 1264 dum
2962 1208 3171 1278 afﬂigit
3209 1224 3303 1263 me
3343 1209 3664 1266 inimicus?

2021 1295 2226 1350 Emitte
2272 1296 2466 1352 lucem
2495 1301 2661 1353 tuam
2692 1301 2748 1353 et
2771 1297 3078 1353 veritatem
3114 1301 3300 1353 tuam.
3336 1296 3398 1357 it.
3453 1299 3664 1355 Judica

2018 1398 2114 1438 me
2164 1384 2340 1451 Deus,
2391 1387 2447 1440 et
2499 1384 2769 1440 discerne
2818 1401 3065 1441 causam
3114 1401 3314 1441 meam
3360 1386 3434 1441 de
3487 1390 3661 1455 gente

2016 1486 2137 1527 non
2188 1477 2397 1530 sancta
2442 1495 2453 1528 :
2504 1474 2581 1530 ab
2608 1473 2849 1529 homine
2901 1473 3107 1545 iniquo
3138 1478 3191 1529 et
3229 1474 3437 1530 doloso
3475 1475 3662 1533 libera

2015 1575 2130 1615 me.

2087 1650 2410 1706 Canticum.
2454 1649 2800 1707 Benedictus
2832 1666 2893 1705 es
2928 1649 3192 1705 Domine.
3222 1649 3330 1719 fol.
3363 1650 3419 1705 6.

239 1736 528 1813 membris
556 1758 885 1830 optabilem
904 1760 978 1815 de
999 1760 1265 1817 adversis
1290 1736 1679 1834 potestatibus
1694 1767 1897 1824 efferre
1929 1757 1972 1812 Β
2026 1823 2035 1834 _
2082 1738 2312 1834 qufdaf
2331 1742 2410 1834 ,ῙΠ
2437 1739 2683 1793 excelsis
2732 1738 2973 1834 laudi.“
3006 1737 3320 1834 minimum
3352 1736 3426 1834 d9
3456 1736 3649 1834 CCFHS'

244 1846 656 1917 triumphum:
689 1863 813 1918 quo
850 1851 907 1904 et
934 1851 1420 1922 persequentium
1473 1869 1698 1924 mucro,
1728 1855 1896 1911 obsi-

238 1938 422 1989 stente
470 1934 589 1990 sibi
635 1935 920 2003 vanitate,
968 1945 1274 2004 vanescat,
1326 1943 1380 1996 et
1436 1941 1801 1998 credentium
1840 1948 1896 2000 te

231 2021 379 2077 ﬁdes
424 2038 611 2094 super
639 2023 914 2080 inimicos
943 2025 1166 2083 invicta
1192 2028 1559 2100 praepolleat.
1585 2041 1646 2099 Bt.
1680 2032 1891 2087 Amen.

298 2127 659 2196 Antiphona
686 2131 747 2184 2.
784 2129 1074 2185 Dominus
1112 2133 1441 2188 orationem
1468 2149 1667 2190 meam
1700 2151 1895 2191 susce-

229 2216 333 2288 pit.
358 2216 425 2270 P.
460 2216 848 2283 Erubescant,
880 2223 937 2274 et
960 2220 1386 2276 conturbentur
1414 2237 1625 2278 omnes
1664 2224 1893 2279 inimici

230 2306 370 2361 mei.
416 2304 480 2365 Ψ.
514 2306 790 2370 Domine,
818 2321 892 2361 ne
920 2308 981 2362 in
1006 2307 1095 2364 ira
1124 2323 1342 2378 arguas
1360 2325 1474 2380 me,
1500 2326 1695 2383 neque
1721 2313 1780 2367 in
1808 2312 1892 2368 fu-

228 2409 358 2450 rore
385 2397 496 2449 tuo
528 2393 819 2466 corripias
843 2411 961 2451 me.

297 2500 939 2567 Oratio.Erubescant,
976 2506 1032 2558 et
1071 2502 1521 2563 confundantur
1551 2522 1760 2562 omnes
1786 2507 1892 2563 ini-

227 2589 363 2645 mici
385 2590 535 2655 mei,
574 2591 837 2657 Domine,
866 2596 920 2648 et
939 2592 1043 2664 qui
1063 2592 1347 2649 inrisores
1376 2598 1513 2650 sunt
1542 2596 1732 2651 crucis
1752 2601 1886 2663 tuae,

225 2682 279 2733 et
308 2682 596 2750 captores
633 2680 918 2735 orationis
946 2684 1167 2737 nostrae
1192 2698 1204 2735 :
1239 2681 1486 2754 Suscipe
1513 2698 1654 2753 ergo
1676 2684 1887 2741 oratio-

224 2782 359 2822 nem
387 2766 687 2829 ﬁdelium,
716 2771 772 2823 et
800 2773 992 2824 castra
1020 2769 1212 2839 abjice
1240 2776 1575 2827 exterorum
1604 2788 1614 2826 :
1654 2776 1715 2827 ut
1746 2772 1886 2828 dum

223 2856 414 2912 oratio
445 2855 724 2911 Ecclesite
751 2856 828 2911 ad
854 2860 907 2912 te
925 2857 1219 2927 dirigitur,
1251 2860 1447 2915 omnis
1470 2875 1573 2932 per
1605 2864 1657 2916 te
1689 2860 1888 2917 inﬁde-

234 2944 370 3000 litas
393 2942 825 3000 confundatur.
860 2956 921 3015 Bg.
947 2946 1155 3001 Amen.

285 3050 647 3119 Antiphon/2
672 3054 723 3106 3.
758 3050 1009 3107 Domine
1042 3053 1199 3108 Deus
1231 3068 1400 3109 meus
1428 3053 1490 3109 in
1516 3058 1569 3110 te
1601 3058 1831 3127 speravi
1868 3074 1879 3111 :

219 3138 284 3197 P.
314 3140 532 3196 Libera
572 3155 668 3195 me
708 3140 786 3196 ab
811 3139 1096 3196 omnibus
1134 3142 1629 3215 persequentibus
1674 3160 1789 3211 me,
1829 3150 1885 3201 et

217 3229 377 3300 eripe
428 3244 552 3285 me.
599 3226 661 3289 Ψ.
732 3229 1063 3301 Nequando
1107 3232 1301 3302 rapiat
1369 3236 1428 3287 ut
1477 3231 1570 3288 leo
1626 3233 1883 3290 animam

218 3332 444 3386 meam,
467 3316 617 3371 dum
632 3331 756 3372 non
774 3320 861 3372 est
882 3316 986 3389 qui
1002 3317 1275 3384 redimat,
1310 3334 1501 3391 neque
1526 3319 1629 3392 qui
1653 3321 1883 3378 salvum

217 3404 424 3461 faciat.
468 3405 544 3459 P.
587 3404 822 3461 Libera.

289 3495 521 3550 Oratio.
542 3495 791 3550 Domine
820 3496 990 3561 Deus,
1013 3499 1354 3567 sperantem
1395 3495 1453 3551 in
1478 3499 1529 3553 te
1552 3496 1882 3554 Ecclesiam

221 3585 383 3638 tuam
404 3599 443 3638 a
464 3582 976 3654 persequentibus
995 3583 1344 3640 hominibus
1363 3584 1581 3641 libera:
1610 3590 1886 3657 utpoten—

225 3671 300 3727 tia
316 3671 624 3743 passionis
644 3676 781 3740 tute,
797 3686 920 3743 qua
939 3687 1072 3728 eam
1090 3673 1353 3745 primum
1374 3672 1635 3730 liberasti
1655 3691 1689 3731 a
1705 3676 1884 3746 capti-

221 3760 398 3815 vitate
427 3759 682 3824 diaboli,
716 3759 931 3815 liberes
962 3760 1140 3817 etiam
1163 3760 1242 3817 ab
1263 3761 1578 3818 ardoribus
1607 3762 1883 3834 supplicii

222 3847 599 3919 sempiterni.
633 3858 696 3916 Bg.
730 3851 937 3904 Amen.

292 3947 355 4004 ﬁ.
390 3938 572 3991 Facta
609 3939 699 3991 est
746 3935 887 3991 Sion
938 3936 1090 3991 sicut
1136 3936 1265 3993 avis
1307 3936 1537 4002 volans,
1584 3937 1657 3993 de
1706 3938 1877 4009 cujus

214 4022 352 4079 loco
374 4024 611 4079 ablatus
637 4028 724 4080 est
748 4024 925 4079 nidus
950 4042 963 4080 :
988 4029 1044 4080 et
1068 4030 1131 4080 tu
1158 4025 1279 4080 ﬁlia
1296 4024 1661 4081 Hierusalem
1683 4028 1879 4096 cogita

222 4111 417 4166 facere
448 4111 554 4166 tibi
581 4116 999 4181 tegumentum
1027 4112 1220 4169 luctus
1244 4114 1304 4168 in
1322 4112 1581 4168 tenebris
1600 4115 1877 4171 meridia-

215 4199 316 4255 nis
348 4215 361 4253 :
394 4199 536 4271 quia
555 4200 818 4256 salvator
849 4205 984 4256 tuus
1010 4201 1568 4272 comprehendetur,
1603 4208 1658 4258 et
1685 4204 1876 4259 Domi-

208 4303 327 4343 nus
362 4288 651 4344 universae
682 4292 851 4344 terrae
879 4294 1070 4346 morte
1096 4290 1614 4347 condemnabitur.
1650 4293 1716 4349 P.
1759 4294 1873 4349 Sed

2009 1823 2075 1883 ἲν.
2118 1825 2215 1881 Sol
2244 1829 2299 1883 et
2326 1826 2504 1885 luna:
2540 1842 2749 1882 omnes
2791 1825 2992 1891 stellze,
3026 1828 3081 1880 et
3130 1824 3351 1880 lumen.
3385 1826 3654 1882 Psalmus

2008 1928 2228 1968 CXLVIII.

2396 2002 2590 2058 Lectio
2624 2002 2767 2059 libri
2794 2002 2955 2059 Ruth
2985 2000 3161 2072 (Cap.
3196 2000 3260 2070 ι).

2078 2099 2141 2157 Βι.
2178 2088 2295 2145 Deo
2321 2090 2566 2161 gratias.

2078 2180 2138 2231 ln
2152 2176 2355 2233 diebus
2376 2179 2553 2233 unius
2564 2179 2795 2250 judicis,
2821 2178 3063 2250 quando
3071 2176 3302 2249 judices
3317 2180 3606 2248 praeerant
3631 2194 3649 2239 :

2002 2263 2157 2320 facta
2183 2271 2273 2321 est
2302 2266 2488 2322 fames
2510 2267 2573 2323 in
2603 2272 2774 2323 terra.
2807 2266 3082 2338 Abiitque
3110 2266 3293 2321 homo
3324 2265 3397 2320 de
3421 2265 3649 2320 Bethle-

2001 2352 2137 2408 bem
2157 2356 2181 2409 J
2192 2354 2327 2421 uda,
2356 2360 2420 2411 ut
2457 2356 2936 2427 peregrinaretur
2974 2354 3036 2409 in
3074 2353 3315 2424 regione
3337 2352 3651 2409 Moabitide

2002 2455 2139 2495 cum
2172 2458 2353 2498 uxore
2383 2460 2490 2499 suo
2521 2459 2590 2499 ac
2617 2443 2853 2499 duobus
2879 2442 3076 2498 liberis
3106 2460 3118 2495 :
3158 2442 3280 2513 ipse
3322 2441 3652 2497 vocabatur

2000 2526 2335 2594 Elimelech,
2380 2536 2435 2586 et
2467 2548 2613 2587 uxor
2643 2532 2771 2602 ejus
2803 2532 3004 2586 Noemi
3034 2547 3047 2585 :
3094 2534 3150 2585 et
3184 2529 3307 2584 duo
3336 2529 3460 2596 ﬁlii,
3493 2544 3650 2584 unus

2000 2615 2329 2671 vocabatur
2352 2618 2647 2685 Mahalon,
2671 2623 2726 2673 et
2747 2617 2891 2673 alter
2921 2617 3180 2680 Chelion,
3204 2616 3541 2685 prrathaai
3570 2616 3645 2672 de

2001 2703 2337 2759 Bethlehem
2348 2707 2373 2759 J
2380 2705 2520 2760 uda.
2538 2708 2597 2760 In
2607 2705 2910 2775 gressique
2928 2704 3233 2772 regionem
3246 2702 3642 2774 Moabitidem,

1997 2790 2390 2846 morabantur
2408 2792 2512 2847 ibi.
2545 2794 2607 2847 Et
2635 2796 2904 2847 mortuus
2936 2796 3024 2845 est
3054 2787 3370 2844 Elimelech
3397 2790 3645 2843 maritus

1996 2879 2199 2933 Noemi
2225 2899 2235 2937 :
2271 2880 2667 2950 remansitque
2683 2881 2813 2951 ipsa
2830 2895 2967 2933 cum
2984 2877 3143 2932 ﬁliis.
3166 2876 3272 2942 Qui
3290 2879 3644 2945 acceperunt

1996 2982 2209 3021 uxores
2240 2965 2607 3033 Moabitidas,
2635 2982 2895 3039 quarum
2920 2981 3044 3021 una
3064 2964 3393 3020 vocabatur
3419 2963 3637 3035 Orpha,

1994 3054 2297 3127 alteraque
2328 3058 2501 3113 Ruth.
2534 3058 2989 3128 Manseruntque
3019 3054 3101 3109 ibi
3127 3053 3334 3109 decem
3362 3052 3553 3117 annis,
3586 3056 3643 3107 et

1993 3144 2174 3200 ambo
2208 3145 2424 3200 mortui
2456 3149 2611 3211 sunt,
2634 3144 2904 3200 Mahalon
2926 3141 3213 3207 videlicet,
3232 3142 3407 3213 255
3427 3146 3483 3196 et
3502 3140 3643 3197 Che-

1991 3232 2117 3288 lion
2148 3250 2159 3288 :
2182 3234 2587 3305 remansitque
2616 3233 2826 3288 mulier
2851 3233 3062 3287 orbata
3086 3231 3325 3285 duobus
3353 3228 3550 3282 liberis
3569 3244 3640 3283 ac

1991 3321 2226 3377 marito.
2263 3322 2525 3377 Surrexit
2549 3322 2687 3376 utin
2705 3321 2962 3391 patriam
2983 3320 3271 3390 pergeret,
3314 3331 3451 3369 cum
3484 3318 3638 3370 utra-

1992 3425 2109 3481 que
2122 3425 2279 3465 nuru
2293 3409 2502 3479 sua,de
2520 3408 2759 3479 regione
2778 3405 3157 3463 Mohabitide:
3183 3402 3455 3459 audierat
3475 3402 3635 3457 enim

1990 3498 2150 3569 quod
2180 3498 2532 3568 respexisset
2563 3497 2849 3552 Dominus
2880 3493 3170 3565 populum
3210 3505 3407 3559 suum,
3449 3493 3505 3545 et
3536 3490 3635 3545 de-

1992 3586 2181 3639 disset
2202 3586 2282 3639 eis
2304 3601 2495 3640 escas.
2528 3587 2772 3654 Egressa
2785 3587 2872 3637 est
2904 3582 3102 3652 itaque
3120 3579 3192 3633 de
3218 3578 3349 3633 loco
3375 3577 3634 3648 peregri-

1991 3674 2249 3729 nationis
2280 3691 2420 3740 suae,
2455 3689 2593 3728 cum
2617 3677 2865 3743 utraque
2888 3684 3045 3725 nuru
3067 3683 3177 3723 sua
3210 3671 3298 3722 :et
3319 3667 3448 3737 jam
3465 3666 3635 3721 invia

1991 3762 2184 3833 posita
2203 3761 2536 3818 revertendi
2567 3761 2627 3816 in
2658 3765 2875 3815 terram
2906 3757 3077 3820 Juda,
3102 3756 3248 3812 dixit
3268 3755 3345 3810 ad
3374 3770 3477 3810 eas
3511 3773 3523 3809 :
3554 3757 3633 3809 lte

1986 3852 2047 3906 in
2068 3852 2207 3906 dom
2220 3867 2317 3905 um
2346 3850 2529 3921 patris
2551 3849 2745 3915 vestri,
2771 3848 2949 3903 faciat
2992 3845 3278 3901 Dominus
3318 3842 3632 3899 vobiscum

1987 3939 2631 4009 misericordiam,sicut
2644 3936 2864 3993 fecistis
2878 3951 3014 3991 cum
3035 3932 3285 3989 mortuis
3299 3936 3354 3987 et
3370 3946 3627 3986 mecum.

1988 4030 2090 4083 Det
2119 4027 2289 4083 vobis
2334 4027 2593 4082 invenire
2640 4025 2906 4097 requiem
2946 4024 3007 4078 in
3037 4021 3319 4079 domibus
3346 4020 3626 4085 virorum,

1985 4133 2139 4189 quos
2167 4117 2455 4172 sortiturae
2483 4116 2639 4172 estis.
2662 4118 2724 4171 Et
2744 4114 3010 4171 osculata
3030 4116 3251 4168 esteas.
3274 4112 3415 4175 Qute
3436 4109 3628 4165 levata

1983 4221 2127 4261 voce
2157 4204 2297 4260 ﬂere
2332 4209 2661 4276 coeperunt,
2693 4208 2749 4258 et
2785 4202 2980 4257 dicere
3016 4217 3029 4256 :
3063 4199 3282 4255 Tecum
3305 4210 3626 4269 pergemus

1981 4293 2057 4349 ad
2090 4292 2379 4365 pepulum
2404 4297 2593 4347 tuum.
2628 4290 2854 4357 Quibus
2876 4289 2976 4345 illa
2992 4285 3299 4359 respondit
3326 4302 3337 4338 :
3368 4284 3625 4340 Reverti-

208 4392 535 4447 exurgens,
561 4377 791 4433 sedebit
815 4377 878 4433 in
913 4378 1143 4441 throno,
1182 4383 1240 4435 ut
1256 4379 1871 4449 judicetadversarios
1905 4447 1931 4449 _
1980 4380 2271 4436 miniﬁliae
2298 4380 2509 4444 mi,cur
2529 4379 2738 4435 venitis
2763 4377 3201 4433 mecum?num
3215 4372 3620 4430 ultrahabebo

208 4483 378 4522 suos.
421 4466 485 4525 ἵ.
534 4465 783 4537 Spiritus
822 4466 941 4521 oris
998 4468 1188 4522 nostri
1261 4447 1530 4523 Christus
1586 4470 1870 4526 Dominus
1902 4447 1947 4501 θ
1977 4469 2130 4524 ﬁlios
2150 4469 2211 4523 in
2238 4473 2404 4524 utero
2431 4484 2586 4538 meo,
2610 4473 2674 4523 ut
2690 4468 2846 4523 viros
2864 4482 2934 4521 ex
2958 4482 3051 4521 me
3066 4464 3317 4537 possetis
3338 4476 3573 4534 sperare
3594 4461 3622 4515 ‘I

209 4560 428 4626 captus
462 4558 552 4609 est
573 4569 681 4624 pro
712 4554 968 4625 peccatis
998 4556 1233 4612 nostris.
1274 4557 1335 4610 P.
1368 4556 1500 4612 Sed.

283 4644 517 4699 Oratio.
567 4642 789 4699 Christe
832 4643 933 4699 Dei
972 4643 1169 4708 Filius,
1216 4644 1384 4715 cujus
1420 4644 1588 4701 locus
1633 4646 1693 4701 in
1732 4647 1869 4703 Sion

209 4747 481 4801 magnus
513 4734 601 4785 est
615 4749 633 4801 ;
667 4736 943 4787 converte
974 4732 1051 4787 ad
1100 4735 1152 4786 te
1187 4732 1371 4787 corda
1401 4737 1607 4788 nostra
1650 4750 1660 4786 :
1716 4742 1776 4789 ut
1807 4735 1867 4789 in

207 4819 625 4892 speculatione
656 4818 784 4888 ejus
823 4820 1141 4875 constituti.
1183 4824 1235 4876 te
1273 4836 1383 4892 pro
1414 4822 1587 4876 nobis
1619 4821 1868 4891 ﬂagellis

204 4907 525 4980 alapisque
539 4922 780 4971 casum,
804 4907 978 4963 morti
999 4923 1239 4979 quoque
1256 4907 1353 4980 adj
1366 4908 1667 4965 udicatum
1684 4908 1867 4967 ﬁdeli-

205 4998 290 5050 ter
320 4995 628 5052 fateamur
660 5013 676 5048 :
711 5000 773 5050 ut
801 4995 906 5066 qui
953 4996 1286 5051 secundum
1336 4999 1563 5067 tempus
1615 5013 1678 5051 es
1728 5014 1865 5068 pas-

210 5098 302 5139 sus
328 5100 445 5156 pro
473 5082 678 5155 impiis
702 5100 716 5149 ;
746 5083 1081 5155 perenniter
1103 5099 1139 5141 a
1166 5082 1443 5139 ﬁdelibus
1465 5084 1860 5141 conlauderis.

207 5179 267 5235 It.
308 5177 529 5227 Amen.

267 5259 368 5313 Ad
398 5258 733 5314 Canticum.
770 5259 1139 5327 Antiphona.
1184 5258 1403 5321 Videte,
1432 5259 1719 5330 quoniam
1750 5276 1862 5330 ego

203 5360 339 5402 sum
382 5347 691 5412 Dominus,
713 5352 769 5403 et
794 5362 915 5401 non
947 5353 1036 5402 est
1060 5348 1211 5402 Deus
1246 5353 1455 5418 praeter
1486 5364 1579 5403 me
1605 5364 1747 5418 :ego
1761 5366 1860 5405 oc-

202 5434 421 5505 cidam,
457 5438 515 5489 et
536 5435 732 5491 vivere
763 5434 979 5491 faciam
1006 5457 1019 5491 :
1041 5436 1390 5506 percutiam,
1410 5439 1464 5491 et
1481 5451 1591 5505 ego
1607 5438 1857 5508 sanabo,

204 5526 256 5578 et
303 5538 431 5579 non
482 5528 570 5579 est
620 5524 720 5595 qui
774 5522 985 5595 eripiat
1029 5523 1103 5579 de
1155 5522 1436 5581 manibus
1495 5526 1659 5579 meis.
1712 5528 1860 5591 Quia

1978 4558 2353 4612 Revertimini
2398 4556 2529 4611 filias
2557 4556 2661 4625 mi,
2689 4560 2745 4611 et
2774 4554 2932 4611 abite
2974 4573 2985 4612 :
3012 4553 3140 4624 jam
3170 4551 3333 4607 enim
3362 4551 3420 4604 in
3460 4562 3623 4602 sene-

1978 4650 2132 4701 ctute
2171 4646 2440 4702 confecta
2469 4661 2624 4710 sum,
2659 4659 2766 4699 nec
2815 4647 2955 4714 apta
2993 4640 3229 4697 vinculo
3270 4635 3570 4708 conjugali
3603 4653 3616 4691 :

1977 4736 2154 4790 etiam
2196 4737 2242 4790 si
2284 4751 2529 4806 possem
2566 4734 2678 4789 hac
2709 4737 2879 4788 nocte
2936 4730 3265 4801 concipere,
3308 4730 3363 4781 et
3412 4739 3621 4796 parere

1976 4823 2152 4891 ﬁlios,
2186 4824 2234 4879 si
2265 4840 2367 4880 eos
2422 4827 2733 4894 expectare
2777 4821 2982 4886 velitis,
3020 4819 3211 4875 donec
3242 4818 3531 4883 crescant,
3566 4817 3624 4871 et

1975 4926 2167 4968 annos
2188 4912 2514 4984 pubertatis
2544 4910 2849 4982 impleant,
2872 4914 3007 4965 ante
3025 4906 3181 4963 eritis
3195 4904 3408 4961 vetulae
3433 4920 3621 4978 quam

1974 4999 2234 5056 nubatis.
2269 5001 2468 5065 Nolite,
2501 5015 2732 5072 quaeso,
2759 4998 2886 5054 tiliae
2916 4998 3014 5062 mi,
3047 4995 3243 5052 facere
3290 4995 3403 5051 hoc
3430 5012 3442 5050 :
3475 4994 3620 5066 quia

1973 5094 2167 5143 vestra
2179 5089 2454 5157 angustia
2475 5104 2569 5143 me
2590 5087 2783 5158 magis
2806 5085 3040 5160 pressit,
3062 5088 3118 5142 et
3133 5101 3371 5157 egressa
3389 5088 3475 5139 est
3496 5097 3619 5135 ma-

1972 5190 2084 5230 nus
2114 5176 2346 5231 Domini
2376 5181 2581 5233 contra
2602 5192 2713 5231 me.
2740 5176 2977 5232 Elevata
3008 5175 3187 5245 igitur
3206 5188 3369 5236 voce,
3404 5173 3615 5224 iterum

1970 5262 2110 5317 ﬂere
2140 5270 2445 5335 cceperunt
2474 5282 2485 5318 :
2512 5264 2707 5336 Orpba
2738 5264 3004 5320 osculata
3038 5266 3125 5318 est
3155 5273 3409 5324 socrum,
3438 5269 3507 5309 ac
3530 5268 3615 5307 re-

1969 5366 2142 5407 versa
2183 5371 2193 5406 :
2230 5353 2382 5407 Ruth
2411 5352 2663 5409 adhaesit
2686 5353 2880 5408 socrui
2909 5367 3065 5407 suae:
3096 5349 3189 5403 cui
3206 5346 3349 5400 dixit
3372 5340 3606 5399 Noemi:

1972 5439 2054 5495 En
2080 5456 2315 5497 reversa
2336 5446 2426 5497 est
2444 5447 2704 5513 cognata
2721 5446 2822 5498 tua
2848 5440 2926 5495 ad
2943 5435 3231 5509 populum
3260 5433 3517 5494 suum,et
3534 5429 3612 5485 ad

1968 5526 2112 5584 deos
2138 5545 2296 5595 suos,
2332 5530 2482 5588 vade
2504 5546 2639 5586 cum
2660 5546 2747 5586 ea.
2775 5530 2915 5593 Quae
2942 5520 3251 5595 respondit
3278 5521 3390 5576 :Ne
3404 5518 3613 5576 adver-
