4094 6164
478 233 582 290 443

1753 208 2209 280 BREVIARIUM
2249 207 2641 265 GOTHICUM.

3782 203 3886 259 444

443 357 622 424 _seris
645 353 792 411 mihi
822 355 888 410 ut
914 351 1250 423 relinquam
1279 352 1354 418 te,
1386 350 1443 404 et
1461 346 1678 404 abeam
1708 353 2124 416 :quocumque
2151 338 2198 393 A
2235 349 2352 407 que
2383 334 2462 424 ad
2481 348 2817 391 messorum
2837 332 3015 424 latus,
3033 325 3411 424 et‘co‘n‘gessit
3431 323 3882 424 polentam-sibi

477 445 820 517 perrexeris,
852 455 1101 514 pergam
1144 455 1155 494 :
1201 442 1258 493 et
1294 436 1398 492 ubi
1428 439 1659 491 morata
1698 432 1896 496 fueris,
1935 433 1989 483 et
2015 441 2124 496 ego

479 534 691 605 pariter
707 526 1273 598 morabor.Populus
1287 531 1422 580 tuus
1439 523 1688 595 p0pulus
1703 523 1954 584 meus,et
1971 517 2126 570 Deus

479 627 614 677 tuus
653 625 710 676 et
737 621 892 675 Deus
925 633 1114 672 meus.
1142 617 1282 680 Quae
1304 619 1357 668 te
1386 611 1732 667 morientem
1759 614 1912 663 terra
1931 619 2126 660 susce-

478 710 644 783 perit,
677 709 738 763 in
763 723 834 763 ea
863 705 1084 761 moriar
1118 720 1128 756 :
1161 702 1362 773 ibique
1388 700 1585 755 locum
1607 697 1898 768 accipiam
1930 692 2124 765 sepul-

479 803 642 854 turae.
667 799 798 852 Haec
820 794 966 850 mihi
998 791 1176 849 faciat
1218 791 1394 856 Deus,
1425 793 1478 843 et
1519 789 1645 842 haec
1685 784 1886 849 addat,
1931 784 1981 837 si
2005 797 2127 836 non

477 886 603 942 sola
630 901 793 940 mors
825 898 920 938 me
941 886 996 937 et
1021 886 1070 936 te
1094 877 1474 950 separaverit.
1499 875 1713 930 Videns
1731 889 1870 943 ergo
1897 870 2124 934 Noemi,

477 975 642 1048 quod
667 974 966 1029 obstinato
996 971 1149 1026 Ruth
1167 969 1370 1024 animo
1392 964 1748 1021 decrevisset
1765 978 1968 1018 secum
1993 975 2125 1032 per-

478 1047 634 1132 gere,
670 1058 971 1116 adversari
996 1057 1203 1122 noluit,
1242 1070 1351 1110 nec
1398 1053 1552 1109 ultra
1582 1051 1662 1108 ad
1691 1066 1833 1106 suos
1869 1047 2127 1104 reditum

475 1148 834 1222 persuadere
854 1164 866 1202 :
883 1144 1283 1218 profectaeque
1301 1147 1442 1198 sunt
1461 1140 1657 1207 simul,
1683 1146 1738 1196 et
1764 1143 2051 1196 venerunt
2067 1137 2128 1192 in

474 1236 838 1293 Bethlehem.
884 1233 1115 1300 Quibus
1147 1232 1359 1287 urbem
1413 1228 1717 1299 ingressis,
1759 1226 1933 1283 velox
1963 1223 2128 1297 apud

476 1329 720 1380 cunctos
747 1323 910 1379 fama
937 1319 1276 1392 percrebuit
1306 1336 1318 1374 :
1358 1317 1756 1388 dicebantque
1794 1313 2076 1369 mulieres
2108 1333 2120 1371 :

477 1415 610 1468 Haec
657 1415 746 1466 est
794 1409 895 1465 illa
924 1408 1152 1465 Noemi.
1195 1405 1419 1471 Quibus
1458 1405 1580 1461 ait:
1641 1407 1720 1458 Ne
1766 1402 1988 1458 vocetis
2031 1415 2128 1456 me

473 1500 681 1557 Noemi
713 1499 798 1565 (id
829 1503 932 1563 est,
962 1496 1299 1569 pulchram)
1343 1493 1448 1549 sed
1478 1497 1687 1549 vocate
1717 1507 1814 1548 me
1845 1493 2002 1547 Mara
2042 1490 2127 1560 (id

476 1593 583 1655 est,
611 1594 905 1663 amaram)
947 1586 1088 1656 quia
1113 1582 1287 1639 valde
1330 1580 1732 1637 amaritudine
1761 1578 2008 1650 replevit
2030 1593 2127 1633 me

2235 422 2624 492 comeditque,
2650 424 2706 477 et
2735 423 2999 475 saturata
3028 419 3205 480 est,et
3223 413 3350 469 tulit
3370 413 3677 485 reliquias.
3700 417 3896 484 Atque

2233 499 2370 565 inde
2401 510 2669 573 surrexit,
2696 512 2755 564 ut
2776 508 2970 579 spicas
2999 522 3069 559 ex
3085 519 3248 558 more
3266 502 3584 571 colligeret.
3607 502 3899 574 Praecepit

2235 603 2434 654 autem
2464 601 2611 652 Booz
2633 597 2830 668 pueris
2850 595 2990 659 suis,
3016 593 3220 648 dicens
3248 609 3264 645 :
3298 592 3486 646 Etiam
3511 591 3559 645 si
3577 591 3896 646 vobiscum

2235 692 2452 742 metere
2495 688 2670 758 256
2703 684 2969 747 voluerit,
3013 698 3088 737 ne
3126 679 3494 753 prohibeatis
3527 695 3661 734 eam
3692 697 3703 734 :
3731 684 3791 734 et
3821 681 3898 735 de

2235 775 2440 830 vestris
2467 789 2708 845 quoque
2741 771 3062 842 manipulis
3091 768 3357 841 projicite
3390 769 3463 823 de
3494 767 3812 832 industria,
3842 774 3899 823 et

2236 877 2541 918 remanere
2574 861 2904 933 permittite,
2933 863 2996 914 ut
3031 858 3259 928 absque
3285 857 3502 911 rubore
3535 855 3803 926 colligat,
3843 863 3900 911 et

2237 950 2609 1020 colligentem
2650 965 2827 1004 nemo
2868 947 3168 1018 corripiat.
3199 945 3442 1014 Collegit
3480 960 3624 1013 ergo
3655 945 3715 999 in
3743 959 3898 1014 agro

2236 1054 2426 1110 usque
2443 1039 2521 1094 ad
2544 1053 2886 1110 vesperum:
2913 1039 3114 1107 etquae
3138 1033 3440 1103 colligerat
3459 1033 3630 1102 virga
3654 1033 3900 1088 caadens

2237 1132 2291 1182 et
2304 1127 2625 1197 excutiens,
2647 1125 2868 1181 invenit
2883 1123 3092 1180 hordei
3109 1121 3281 1194 quasi
3296 1121 3432 1192 ephi
3451 1121 3901 1186 mensuram,id

2238 1221 2344 1281 est,
2378 1219 2494 1270 tres
2538 1214 2808 1270 modios:
2840 1228 2991 1284 quos
3024 1216 3269 1282 portans
3291 1224 3530 1265 reversa
3560 1210 3731 1265 estin
3753 1209 3900 1265 civi-

2237 1308 2440 1371 tatem,
2477 1308 2532 1358 et
2562 1301 2818 1358 ostendit
2850 1300 3043 1355 socrui
3065 1315 3188 1353 suae
3221 1314 3234 1352 :
3277 1297 3526 1368 insuper
3549 1297 3905 1368 protulit,'et

2237 1392 2400 1447 dedit
2431 1392 2482 1448 ei
2501 1390 2779 1462 reliquias
2800 1389 2917 1444 cibi
2940 1388 3053 1454 sui,
3073 1403 3194 1460 quo
3217 1391 3481 1442 saturata
3503 1386 3906 1443 fuerat.Dixit-

2236 1495 2348 1551 que
2378 1480 2429 1534 ei
2451 1465 2656 1534 socrus
2697 1493 2806 1532 sua
2838 1477 2984 1532 :Ubi
3016 1475 3195 1532 hodie
3235 1473 3542 1544 collegisti,
3595 1480 3653 1530 et
3681 1474 3784 1529 ubi
3813 1475 3903 1530 fe-

2239 1567 2365 1623 cisti
2396 1583 2549 1639 opus
2572 1567 2599 1622 ‘I
2631 1564 3069 1622 sitbenedictus
3096 1563 3200 1636 qui
3223 1562 3497 1618 misertus
3510 1562 3716 1618 esttui.
3738 1562 3906 1618 Indi-

465 1650 1158 1750 Omnipotens.vEg_ressa
1170 1685 1304 1724 sum
1325 1667 1522 1741 plena,
1545 1671 1602 1723 et
1618 1682 1874 1723 vacuam
1899 1664 2127 1722 reducit
2154 1677 2199 1734 Β
2239 1655 2511 1750 cavimue
2533 1654 2584 1750 ei
2605 1653 2768 1750 apud
2779 1668 2959 1725 quem
2978 1657 3129 1750 esset
3145 1655 3418 1750 obperata:
3439 1654 3495 1706 et
3512 1665 3731 1750 nomen
3747 1650 3908 1748 dixit

473 1777 572 1818 me
585 1759 1015 1817 Dominus.Cur
1030 1757 1207 1828 igitur
1218 1757 1444 1814 vocatis
1461 1771 1553 1810 me
1570 1755 1795 1819 Noemi,
1815 1769 2004 1826 quam
2017 1753 2126 1808 hu-

475 1847 1107 1914 miliavitDominus,et
1121 1844 1330 1901 afﬂixit
1345 1843 1734 1914 Omnipotens
1755 1841 1782 1896 ?
1803 1841 1968 1897 Venit
1988 1855 2127 1910 ergo

475 1936 681 1993 Noemi
693 1952 832 1991 cum.
854 1933 1008 1990 Ruth
1020 1931 1379 1989 Mohabitide
1392 1947 1548 1987 nuru
1564 1929 1773 1995 sua,de
1791 1933 1946 1985 terra
1958 1944 2128 2000 pere-

475 2023 824 2093 grinationis
840 2037 993 2076 sum:
1016 2036 1086 2076 ac
1101 2035 1340 2075 reversa
1357 2023 1448 2074 est
1465 2018 1526 2074 in
1543 2016 2128 2089 Bethlehem,quando

462 2110 729 2181 .primum
745 2108 960 2164 hordea
973 2105 1582 2177 metebantur.(Cap.u
1594 2107 1766 2175 .)Erat
1779 2109 1982 2159 autem
1999 2104 2128 2159 viro

463 2187 786 2253 'Elimelech
813 2193 1514 2263 consanguineus,homo
1540 2198 1770 2262 potens,
1804 2195 1860 2246 et
1881 2205 2128 2260 magna-

473 2300 608 2340 rum
640 2281 1013 2349 facultatum,
1045 2279 1291 2335 nomine
1314 2279 1490 2336 Booz.
1514 2278 1781 2350 Dixitque
1798 2277 1952 2332 Ruth
1975 2280 2128 2334 Moa-

472 2371 612 2428 bitis
642 2370 721 2426 ad
759 2384 998 2424 socrum
1019 2383 1191 2424 suam
1215 2385 1228 2423 :
1257 2368 1311 2424 Si
1327 2367 1522 2439 jubes,
1547 2366 1768 2422 vadam
1797 2365 1858 2420 in
1885 2381 2122 2435 agrum,

475 2465 531 2517 et
559 2459 836 2529 colligam
869 2457 1225 2529 spicas,qu£e
1250 2455 1593 2510 metentium
1620 2453 2124 2525 fugeriutmanus,

473 2547 814 2617 ubicumque
827 2543 1120 2599 clementis
1135 2542 1564 2614 patrisfamilias
1577 2557 1845 2613 reperero
1861 2540 2098 2612 gratiam
2109 2582 2122 2598 .

474 2635 577 2690 Cui
625 2633 724 2688 illa
771 2631 1078 2702 respondit
1111 2649 1124 2685 :
1160 2629 1322 2685 Vade
1350 2629 1470 2684 ﬁlia
1507 2629 1607 2684 mi.
1643 2628 1798 2683 Abiit
1845 2627 2045 2699 itaque
2071 2631 2127 2683 et

471 2719 788 2791 colligebat
807 2718 1002 2790 spicas
1031 2721 1166 2788 post
1196 2721 1362 2786 terga
1385 2716 1757 2772 metentium.
1781 2715 2001 2771 Accidit
2019 2731 2122 2772 au-

471 2813 592 2864 tem
608 2812 668 2862 ut
681 2821 823 2876 ager
848 2805 944 2861 ille
960 2805 1206 2861 haberet
1225 2804 1544 2860 Dominum
1561 2804 1803 2859 nomine
1822 2805 1996 2867 Booz,
2019 2803 2121 2875 qui

472 2900 601 2952 erat
612 2895 686 2950 de
699 2893 1055 2963 cognatione
1075 2892 1411 2948 Elimelech.
1443 2894 1676 2958 Etecce,
1707 2891 1834 2962 ipse
1849 2890 2124 2946 veniebat

469 2984 539 3038 de
576 2981 932 3068 Bethlehem.
965 2980 1229 3068 dixitque
1262 2978 1680 3068 messoribus“:
1720 2979 2006 3068 Dominus
2027 2995 2123 3068 vo-
2153 3011 2192 3068 ρ

471 3068 726 3124 hiscum.
754 3067 1310 3138 Quirespouderunt
1331 3066 1383 3121 ei
1413 3081 1424 3121 :
1454 3065 1764 3122 Benedicat
1791 3067 1896 3122 tibi
1925 3067 2120 3123 Domi-

471 3156 888 3228 nus.Dixitque
913 3158 1061 3210 Booz
1075 3154 1299 3223 juveni,
1319 3155 1422 3226 qui
1442 3154 1809 3209 messoribus
1832 3160 2117 3226 prmerat:

473 3245 652 3314 Cujus
667 3249 758 3299 est
781 3245 909 3298 haec
930 3241 1127 3313 puella
1146 3240 1175 3295 ?
1198 3241 1300 3296 Cui
1324 3241 1629 3313 respondit
1651 3258 1662 3296 :
1696 3244 1829 3297 Hmc
1851 3247 1941 3298 est
1966 3245 2122 3299 Moa-

468 3332 623 3393 bitis,
656 3345 792 3402 quaa
812 3330 974 3387 venit
1002 3345 1134 3385 cum
1156 3329 1383 3394 Noemi,
1412 3328 1486 3384 de
1513 3329 1752 3398 regione
1779 3330 2117 3397 Moabitide,

471 3425 527 3476 et
554 3419 786 3490 rogavit
807 3423 871 3476 ut
895 3419 1090 3492 spicas
1117 3417 1420 3488 colligeret
1444 3422 1844 3483 remanentes,
1867 3435 2124 3492 sequens

470 3523 811 3564 messorum
832 3507 1074 3575 vestigia
1107 3523 1120 3560 :
1156 3510 1212 3561 et
1231 3505 1306 3560 de
1333 3521 1512 3561 mane
1540 3521 1729 3578 usque
1753 3522 1911 3562 nunc
1929 3506 2122 3562 statin

471 3609 639 3664 agro,
671 3599 726 3650 et
750 3610 825 3650 ne
844 3595 922 3650 ad
946 3598 1322 3650 momentum
1345 3593 1584 3666 quidem
1609 3593 1862 3649 domum
1880 3610 2124 3651 reversa

470 3687 583 3739 est.
622 3685 689 3738 Et
718 3681 802 3738 ait
839 3684 993 3737 Booz
1030 3682 1107 3738 ad
1136 3683 1287 3738 Ruth
1316 3698 1330 3734 :
1364 3681 1517 3737 Audi
1548 3681 1691 3748 ﬁlia,
1721 3698 1796 3738 ne
1828 3682 2014 3740 vadas
2044 3682 2124 3740 ad

469 3769 870 3842 colligendum
895 3769 954 3824 in
972 3769 1223 3825 alterum
1242 3785 1476 3839 agrum,
1503 3785 1613 3826 nec
1640 3771 1885 3827 recedas
1911 3772 1987 3827 ab
2008 3773 2124 3827 hoc

466 3858 599 3914 loco
632 3875 643 3909 :
679 3857 787 3913 sed
805 3857 1056 3926 jungere
1088 3857 1299 3928 puellis
1325 3857 1493 3927 meis,
1519 3863 1576 3914 et
1605 3858 1710 3914 ubi
1743 3860 2134 3924 messuerint,‘

470 3959 737 4016 sequere.
770 3943 1042 4002 Mandavi
1071 3944 1232 3999 enim
1262 3945 1460 4015 pueris
1487 3946 1655 4014 meis,
1709 3950 1771 4002 ut
1797 3962 1974 4002 nemo
2015 3947 2121 4004 tibi

468 4033 752 4089 molestus
777 4033 848 4088 sit
880 4050 892 4087 :
918 4032 1024 4087 sed
1052 4032 1232 4088 etiam
1251 4031 1298 4085 si
1321 4031 1553 4099 sitieris,
1583 4034 1736 4089 vade
1757 4034 1835 4090 ad
1863 4037 2122 4090 sarcinu-

465 4119 581 4189 las,
612 4124 667 4177 et
699 4119 830 4176 bibe
860 4135 1075 4192 aquas,
1098 4118 1172 4175 de
1203 4118 1425 4191 quibus
1457 4124 1513 4176 et
1548 4122 1714 4192 pueri
1747 4123 1863 4178 mei
1886 4123 2118 4180 bibunt.

468 4209 611 4272 Qum
651 4207 870 4264 cadens
895 4208 956 4263 in
986 4207 1196 4264 faciem
1230 4222 1406 4263 suam
1431 4212 1485 4264 et
1511 4208 1773 4266 adorans
1811 4211 1929 4266 ait:
1961 4211 2121 4266 Unde

466 4294 612 4351 mihi
636 4295 771 4362 hoc,
804 4301 869 4352 ut
883 4295 1210 4350 invenirem
1237 4296 1492 4367 gratiam
1521 4300 1656 4352 ante
1677 4297 1882 4354 oculos
1904 4303 2121 4364 tuos,et

466 4399 648 4440 nosse
673 4399 769 4439 me
789 4382 1120 4452 dignareris
1141 4383 1520 4453 peregrinam
1541 4385 1851 4441 mulierem
1868 4386 2120 4443 ?Cuiille

466 4472 775 4544 respondit
807 4491 818 4530 :
853 4470 1134 4527 Nuntiata
1155 4472 1299 4527 mihi
1327 4478 1464 4528 sunt
1495 4475 1717 4540 omnia,
1746 4491 1881 4547 quae
1909 4475 2118 4531 feceris

467 4560 662 4617 socrui
683 4565 799 4617 tua;
826 4564 962 4631 post
979 4563 1232 4615 mortem
1259 4560 1366 4615 viri
1398 4561 1482 4618 tui
1508 4563 1775 4634 :etquod
1795 4563 2118 4636 derelique-

465 4649 548 4705 ris
577 4653 853 4722 parentes
883 4651 1035 4716 tuos,
1056 4651 1112 4704 et
1143 4653 1359 4705 terram
1384 4649 1444 4704 in
1460 4666 1584 4722 qua
1613 4655 1753 4707 nata
1769 4667 1850 4713 es,
1875 4657 1931 4707 et
1948 4668 2116 4707 vene-

464 4737 544 4793 ris
574 4738 652 4795 ad
672 4735 986 4810 populum,
1019 4753 1199 4809 quem
1230 4742 1365 4795 ante
1397 4738 1732 4796 nesciebas.
1761 4740 1989 4796 Reddat
2009 4740 2118 4797 tibi

464 4825 740 4880 Dominus
764 4841 875 4898 pro
906 4840 1085 4898 opere
1117 4829 1237 4893 tuo,
1272 4827 1588 4900 etplenam
1608 4827 1947 4883 mercedem
1967 4828 2117 4884 acci-

463 4911 591 4983 pies
620 4928 655 4967 a
685 4914 936 4969 Domino
968 4928 1100 4969 meo
1124 4914 1241 4969 Deo
1267 4915 1466 4982 Israel,
1492 4915 1566 4972 ad
1591 4931 1774 4987 quem
1804 4917 2035 4981 venisti,
2061 4922 2118 4974 et

460 4999 578 5055 sub
607 4999 777 5069 cujus
807 5001 1126 5072 confugisti
1147 5001 1292 5058 alas.
1317 5004 1459 5067 Quae
1483 5003 1562 5060 ait
1594 5020 1606 5059 :
1631 5004 1835 5059 Inveni
1861 5006 2116 5076 gratiam

457 5092 595 5147 ante
625 5087 829 5144 oculos
855 5093 1013 5158 tuos,
1032 5090 1276 5145 domine
1296 5093 1396 5158 mi,
1424 5092 1528 5162 qui
1550 5092 1892 5149 consolatus
1917 5109 1979 5148 es
1994 5110 2111 5161 me,

459 5181 517 5233 et
545 5178 779 5233 locutus
810 5192 874 5232 es
904 5177 982 5233 ad
1013 5192 1115 5232 cor
1143 5177 1374 5234 ancillas
1404 5182 1541 5245 tum,
1567 5195 1702 5251 quae
1733 5196 1855 5235 non
1879 5198 2011 5236 sum
2037 5181 2114 5236 si-

460 5265 620 5321 milis
643 5267 814 5321 unius
843 5265 1178 5338 puellarum
1208 5271 1470 5322 tuarum.
1500 5267 1650 5323 Dixit
1675 5268 1754 5324 ad
1773 5285 1907 5325 eam
1932 5273 2109 5326 Booz:

459 5354 710 5418 Quando
740 5355 889 5411 hora
920 5351 1194 5408 vescendi
1233 5351 1426 5417 fuerit,
1462 5355 1598 5410 veni
1624 5355 1759 5420 huc,
1785 5362 1841 5413 et
1868 5359 2115 5414 comede

458 5455 702 5512 panem,
725 5446 781 5500 et
808 5443 973 5513 tinge
999 5440 1336 5498 buccellam
1356 5445 1526 5499 tuam
1539 5442 1602 5498 in
1623 5450 1812 5502 aceto.
1840 5446 1997 5503 Sedit
2011 5447 2115 5502 ita-

2236 1743 2368 1809 viri,
2397 1742 2563 1814 quod
2609 1745 2754 1798 Booz
2790 1745 3120 1797 vocaretur.
3159 1740 3260 1796 Cui
3286 1737 3592 1810 respondit
3632 1739 3848 1794 Noemi
3890 1757 3901 1794 :

2239 1831 2585 1886 Benedictus
2616 1829 2692 1886 sit
2721 1845 2758 1886 a
2787 1829 3039 1885 Domino
3068 1845 3080 1883 :
3126 1827 3409 1900 quoniam
3439 1826 3720 1882 eamdem
3760 1842 3903 1896 gra-

2236 1918 2403 1985 tiam,
2434 1934 2618 1990 quam
2649 1917 2983 1990 praebuerat
3025 1916 3194 1982 vivis,
3246 1914 3502 1971 servavit
3529 1919 3586 1970 et
3615 1915 3900 1978 mortuis,

2238 2009 2581 2079 Rursusque
2611 2024 2622 2062 :
2647 2007 3024 2078 Propinquus
3050 2009 3250 2061 noster
3279 2007 3366 2060 est
3402 2003 3605 2059 homo.
3642 2006 3708 2058 Et
3741 2004 3901 2059 Ruth

2237 2095 2352 2150 hoc
2381 2111 2641 2168 quoque,
2667 2095 2878 2167 inquit,
2900 2095 3180 2167 praecepit
3202 2092 3369 2158 mihi,
3401 2096 3466 2148 ut
3488 2091 3724 2148 tamdiu
3746 2108 3906 2147 mes-

2238 2183 2470 2239 seribus
2501 2185 2628 2253 ejus
2645 2184 2944 2253 jungerer,
2978 2182 3171 2238 donec
3202 2195 3413 2237 omnes
3452 2185 3682 2250 segetes
3717 2185 3903 2237 mete-

2237 2276 2457 2328 rentur.
2490 2273 2594 2328 Cui
2619 2272 2764 2327 dixit
2784 2287 2988 2327 socrus
3022 2288 3033 2326 :
3056 2270 3254 2327 Melius
3277 2275 3383 2340 est,
3407 2270 3529 2326 ﬁlia
3551 2271 3654 2336 mi,
3680 2275 3903 2326 utcum

2237 2359 2445 2431 puellis
2471 2361 2600 2430 ejus
2632 2376 2809 2415 exeas
2863 2359 2940 2414 ad
2980 2359 3346 2427 metendum,
3381 2374 3454 2413 ne
3503 2359 3564 2414 in
3596 2358 3719 2414 alio
3752 2374 3900 2428 agro

2235 2449 2534 2522 quispiam
2549 2450 2778 2505 resistat
2795 2449 2919 2504 tibi.
2942 2450 2967 2504 Ι
2977 2455 3153 2504 uncta
3169 2454 3259 2504 est
3281 2449 3457 2519 igitur
3470 2447 3686 2520 puellis
3706 2450 3865 2504 Booz
3888 2468 3900 2503 :

2235 2542 2285 2592 et
2317 2537 2543 2592 tamdiu
2557 2553 2693 2592 cum
2717 2539 2801 2592 eis
2822 2537 3088 2600 messuit,
3105 2537 3294 2592 donec
3313 2537 3540 2592 hordea
3553 2542 3610 2592 et
3631 2537 3902 2592 triticum

2231 2623 2292 2680 in
2322 2625 2550 2680 horreis
2568 2625 3162 2695 conderentur.(Cap.
3192 2641 3250 2680 ιιι
3270 2627 3314 2695 .)
3337 2627 3668 2696 Postquam
3690 2629 3900 2681 autem

2230 2729 2469 2769 reversa
2498 2717 2585 2770 est
2614 2713 2693 2770 ad
2725 2729 2966 2770 socrum
2995 2730 3190 2780 suam,
3222 2713 3449 2769 audivit
3479 2713 3557 2768 ab
3589 2728 3665 2769 ea
3700 2730 3713 2768 :
3756 2713 3898 2769 Filia

2231 2801 2337 2871 mi,
2359 2816 2629 2872 quaaram
2670 2800 2772 2856 tibi
2802 2801 3094 2873 requiem,
3121 2804 3177 2856 et
3202 2799 3525 2872 providebo
3541 2805 3606 2855 ut
3630 2799 3793 2856 bene
3817 2802 3895 2856 sit

2233 2888 2356 2943 tibi.
2391 2891 2539 2944 Booz
2557 2889 2685 2953 iste,
2718 2889 2890 2959 cujus
2909 2889 3120 2960 puellis
3146 2890 3208 2944 in
3235 2904 3381 2958 agro
3401 2890 3617 2959 juncta
3641 2903 3729 2953 es,
3757 2903 3894 2960 pro-

2231 2977 2492 3048 pinquus
2521 2981 2723 3032 noster
2741 2982 2850 3043 est,
2877 2978 3058 3032 ethac
3079 2982 3248 3033 nocte
3277 2992 3478 3033 aream
3511 2975 3731 3032 hordei
3757 2991 3899 3032 ven-

2231 3064 2376 3122 tilat.
2397 3067 2614 3120 Lavare
2635 3065 2832 3132 igitur,
2857 3068 2913 3121 et
2934 3071 3238 3135 ungere,et
3257 3065 3502 3120 induere
3537 3064 3897 3120 cultioribus

2228 3151 2616 3218 vestimentis,
2651 3168 2720 3208 ac
2743 3152 3038 3208 descende
3068 3153 3128 3207 in
3159 3168 3363 3208 aream
3405 3169 3417 3207 :
3451 3166 3574 3206 non
3608 3157 3662 3207 te
3696 3151 3901 3207 videat

2229 3239 2631 3307 homo,donec
2644 3255 2814 3296 esum
2833 3246 3161 3314 potumque
3179 3239 3674 3306 ﬁnierit.Quando
3691 3245 3898 3295 autem

2230 3327 2359 3384 ierit
2386 3327 2465 3384 ad
2486 3327 2928 3395 dormiendum,
2962 3333 3103 3384 nota
3121 3330 3321 3384 locum
3343 3328 3404 3383 in
3428 3344 3550 3400 quo
3577 3328 3846 3384 dormiat
3879 3345 3888 3381 :

2231 3415 2510 3486 veniesqu
2523 3431 2573 3487 e,
2603 3420 2659 3472 et
2679 3416 3083 3488 discooperies
3107 3417 3377 3488 pallium,
3393 3432 3514 3488 quo
3531 3417 3844 3487 operietur
3863 3433 3897 3472 a

2231 3508 2397 3576 parte
2411 3504 2658 3576 pedum,
2684 3511 2740 3560 et
2761 3505 3036 3576 projicies
3068 3509 3141 3572 te,
3163 3510 3217 3560 et
3246 3503 3575 3575 ibijacebis
3603 3520 3616 3559 :
3647 3505 3782 3577 ipse
3796 3520 3898 3560 au-

2235 3596 2350 3648 tem
2379 3593 2532 3648 dicet
2561 3592 2665 3648 tibi
2695 3593 2841 3666 quid
2869 3609 3042 3663 agere
3081 3593 3328 3650 debeas.
3365 3594 3506 3657 Quae
3533 3595 3851 3665 respondit
3882 3611 3892 3647 :

2235 3679 2531 3753 Quicquid
2561 3682 2912 3752 praeceperis
2933 3682 3077 3737 mihi
3097 3681 3334 3737 faciam.
3363 3681 3811 3754 Descenditque
3838 3682 3896 3736 in

2234 3784 2456 3838 aream,
2479 3775 2534 3824 et
2550 3768 2684 3824 fecit
2701 3770 2926 3832 omnia,
2951 3785 3082 3841 quae
3101 3769 3211 3824 sibi
3233 3770 3634 3841 imperaverat
3656 3787 3889 3826 socrus.

2235 3859 2501 3929 Cumque
2525 3857 2882 3914 comedisset
2902 3860 3072 3926 Booz,
3101 3862 3156 3913 et
3178 3857 3443 3922 bibisset,
3465 3861 3523 3912 et
3545 3857 3743 3913 factus
3761 3857 3897 3913 fuis-

2233 3950 2321 4000 set
2347 3945 2875 4017 hilarior,issetque
2897 3945 2970 4002 ad
2988 3945 3411 4001 dormiendum
3431 3946 3602 4014 juxta
3615 3962 3892 4002 acervum

2231 4032 2864 4104 manipulorum,venit
2886 4034 3258 4098 abscondite,
3283 4039 3336 4088 et
3354 4033 3741 4106 discooperto
3758 4051 3791 4090 a
3805 4050 3897 4107 pe-

2231 4120 2408 4176 dibus
2437 4122 2565 4192 ejus
2594 4121 2795 4193 pallio,
2837 4138 2898 4176 se
2939 4122 3204 4193 projecit.
3237 4124 3300 4176 Et
3339 4137 3495 4190 ecce,
3540 4122 3676 4192 jam
3709 4125 3896 4178 noctis

2231 4210 2431 4265 media
2461 4211 2696 4284 expavit
2724 4211 2928 4277 homo,
2962 4215 3017 4266 et
3043 4211 3430 4266 conturbatus
3457 4217 3542 4265 est
3579 4227 3590 4263 :
3620 4211 3889 4284 viditque

2231 4298 2538 4352 mulierem
2564 4298 2868 4368 jacentem
2901 4297 2977 4353 ad
3007 4298 3188 4369 pedes
3216 4313 3375 4362 suos,
3413 4301 3468 4352 et
3493 4298 3574 4354 ait
3596 4299 3679 4353 illi
3708 4316 3719 4352 :
3756 4300 3888 4364 Quae

2229 4387 2334 4440 es?
2368 4385 2468 4441 [lla
2496 4386 2804 4457 respondit
2838 4402 2848 4440 :
2877 4389 2996 4458 Ego
3021 4403 3155 4440 sum
3188 4386 3338 4440 Ruth
3362 4385 3578 4442 ancilla
3611 4392 3719 4442 tua
3751 4407 3761 4444 :
3797 4403 3888 4441 ex-

2228 4473 2425 4546 pande
2444 4473 2673 4544 pallium
2689 4489 2868 4544 super
2884 4473 3173 4530 famulam
3195 4478 3363 4536 tuam,
3376 4475 3512 4544 quia
3526 4475 3889 4546 propinquus

2228 4578 2316 4620 es.
2352 4565 2417 4617 Et
2440 4562 2553 4626 ille,
2583 4562 2919 4629 Benedicta,
2961 4563 3171 4634 inquit,
3207 4578 3269 4618 es
3315 4578 3351 4617 a
3383 4563 3637 4618 Domino
3663 4563 3806 4629 filia,
3837 4568 3894 4617 et

2226 4650 2487 4722 priorem
2519 4650 2984 4706 misericordiam
3012 4651 3332 4721 posteriore
3365 4651 3661 4721 superasti
3703 4671 3714 4709 :
3754 4651 3892 4723 quia

2227 4753 2348 4792 non
2380 4754 2443 4792 es
2476 4743 2678 4794 secuta
2703 4739 2974 4810 juvenes,
3005 4738 3126 4792 sive
3153 4753 3444 4808 pauperes
3491 4737 3615 4793 sive
3658 4739 3885 4794 divites.

2225 4825 2352 4883 Noli
2385 4841 2524 4896 ergo
2564 4831 2846 4892 metuere,
2876 4825 2978 4880 sed
3007 4826 3154 4897 quid
3195 4826 3410 4881 dixeris
3443 4825 3612 4891 mihi,
3671 4826 3886 4882 faciam

2225 4915 2347 4971 tibi.
2385 4915 2500 4972 Scit
2533 4920 2730 4971 autem
2767 4915 2964 4971 omnis
2989 4913 3270 4986 populus,
3301 4914 3405 4987 qui
3453 4915 3688 4970 habitat
3736 4915 3887 4970 intra

2225 5009 2425 5075 portas
2467 5003 2630 5058 urbis
2655 5019 2823 5068 meae,
2870 5002 3182 5058 mulierem
3213 5007 3268 5058 te
3299 5017 3426 5058 esse
3474 5002 3730 5058 virtutis.
3777 5004 3889 5057 Nec

2223 5091 2425 5148 abnuo
2444 5108 2538 5146 me
2551 5091 2980 5163 propinquum,
3002 5090 3104 5145 sed
3121 5095 3207 5144 est
3224 5091 3373 5145 alius
3398 5105 3490 5145 me
3508 5090 3887 5162 propinquus

2225 5180 2469 5244 Quiesce
2491 5181 2604 5235 hac
2645 5182 2847 5234 nocte:
2895 5185 2950 5234 et
2995 5179 3147 5234 facto
3180 5194 3378 5245 mane,
3439 5179 3490 5232 si
3530 5182 3584 5233 te
3637 5178 3885 5234 voluerit

2224 5267 2828 5338 propinquitatisjure
2855 5267 3155 5330 restinere,
3178 5267 3329 5321 bene
3355 5281 3446 5321 res
3461 5270 3597 5321 acta
3611 5271 3700 5321 est
3723 5284 3735 5320 :
3760 5267 3881 5320 sine

2225 5359 2424 5410 autem
2443 5354 2536 5409 ille
2567 5356 2838 5421 noluerit,
2857 5370 2998 5425 ergo
3031 5360 3082 5410 te
3101 5355 3330 5426 absque
3357 5353 3478 5409 ulla
3508 5354 3880 5410 dubitatione

2227 5442 2572 5514 suscipiam,
2593 5444 2729 5500 vivit
2763 5444 3078 5501 Dominus:
3123 5443 3318 5501 dormi
3336 5458 3526 5516 usque
3538 5444 3879 5499 mane.Dor~
