4094 6164
162 253 272 308 445

1340 248 1693 321 DQMINICA
1730 247 1803 305 IV
1842 246 2447 317 QUADRAGESIM/E.

3480 261 3586 318 446

162 375 341 432 mivit
358 375 563 446 itaque
584 373 663 429 ad
685 374 867 446 pedes
888 376 1013 447 ejus
1040 391 1229 448 usque
1250 377 1438 432 noctis
1455 374 1821 432 abscessum.
1853 370 1899 427 A
1936 378 2191 446 runtque
2224 376 2496 433 mulieres
2525 379 2603 435 ad
2634 380 2872 436 Noemi:
2897 381 3248 442 Benedictus
3277 385 3585 457 Dominus,

168 464 558 535 Surrexitque
573 466 896 535 antequam
910 464 1184 520 homines
1197 482 1256 520 se
1271 468 1696 533 cognoscerent
1711 479 1826 517 mu-

164 558 291 615 tuo,
319 558 374 607 et
396 552 545 607 dixit
575 554 725 607 Booz
757 568 767 605 :
806 553 959 607 Cave
980 569 1053 607 ne
1095 552 1232 625 quis
1260 554 1485 609 noverit
1510 550 1675 623 quod
1708 551 1825 605 huc

164 641 422 697 veneris.
456 643 520 695 Et
539 656 802 703 rursum,
832 641 1135 711 Expande,
1158 643 1368 713 inquit,
1391 640 1639 713 pallium
1661 645 1825 695 tuum

165 746 293 802 quo
310 730 580 801 Operiris,
602 732 658 783 et
674 734 805 783 tene
826 734 1074 800 utraque
1094 746 1287 786 manu.
1308 732 1438 795 Qua
1450 728 1821 787 extendente,

170 826 233 876 et
256 824 511 882 tenente,
531 832 779 872 mensus
801 822 887 871 est
913 833 1014 872 sex
1043 818 1272 873 modios
1296 817 1524 883 hordei,
1549 822 1603 871 et
1627 816 1827 888 posuit

168 922 359 977 super
388 922 545 961 eam.
584 908 721 970 Quae
751 909 990 977 portans
1011 906 1281 975 ingressa
1308 909 1399 963 est
1428 906 1744 968 civitatem,
1770 908 1826 958 et

165 995 334 1050 venit
354 994 433 1049 ad
471 1009 710 1049 socrum
742 1009 940 1049 suam.
1002 995 1142 1059 Quae
1173 994 1316 1050 dixit
1345 994 1429 1049 ei:
1466 993 1617 1059 Quid
1656 990 1825 1060 egisti

160 1083 289 1139 ﬁlia
313 1082 746 1154 ?Narravitque
775 1082 997 1147 omnia,
1014 1097 1149 1154 quae
1163 1082 1517 1138 sibifecisset
1540 1082 1743 1136 homo.
1762 1083 1826 1136 Et

161 1174 457 1230 aitzEcce
484 1187 589 1226 sex
641 1171 879 1227 modios
931 1172 1141 1227 hordei
1178 1171 1342 1226 dedit
1386 1170 1552 1236 mihi,
1594 1174 1649 1225 et
1700 1168 1819 1225 ait:

157 1260 304 1317 Nolo
334 1276 605 1317 vacuam
632 1264 687 1315 te
712 1260 918 1316 reverti
948 1261 1026 1316 ad
1057 1260 1308 1316 domum
1338 1265 1524 1315 tuam.
1549 1258 1823 1329 Dixitque

156 1350 367 1406 Noemi
390 1367 405 1403 :
428 1348 1023 1420 Expectaﬁliadonec
1046 1348 1361 1404 videamus
1402 1363 1583 1419 quem
1598 1347 1821 1402 exitum

155 1438 619 1510 habeat.Neque
637 1437 796 1493 enim
812 1438 1067 1493 cessabit
1082 1438 1262 1493 homo
1282 1437 1399 1492 nisi
1436 1435 1821 1507 compleverit

154 1527 318 1598 quod
340 1526 589 1581 locutus
620 1531 728 1582 est.
762 1525 918 1597 (Cap.
942 1526 1343 1597 1v.)Ascendit
1370 1540 1512 1595 ergo
1554 1527 1703 1580 Booz
1742 1523 1820 1579 ad

153 1619 489 1687 portam,et
517 1614 672 1669 sedit
701 1614 801 1669 ibi.
839 1615 1107 1686 Cumque
1138 1614 1385 1669 vidisset
1407 1614 1816 1685 propinquum

1939 462 2042 532 qui
2068 478 2189 518 non
2222 468 2312 519 est
2338 480 2556 536 passus
2591 470 2653 523 ut
2683 468 2960 525 deﬁceret
2986 486 3293 529 successor
3348 474 3586 530 familiae

1936 554 2074 616 tuae,
2096 557 2152 607 et
2178 559 2482 609 vocaretur
2510 570 2731 611 nomen
2765 558 2890 626 ejus
2928 557 2990 612 in
3038 560 3235 615 Israel.
3270 563 3333 616 Et
3361 562 3586 618 habeas

1934 640 2037 709 qui
2061 641 2399 696 consoletur
2423 643 2689 699 animam
2720 650 2904 711 tuam,
2948 651 3004 701 et
3029 648 3280 703 enutriet
3317 654 3587 704 senectu-

1934 732 2086 783 tem:
2121 728 2194 782 de
2221 745 2377 784 nuru
2398 731 2556 785 enim
2586 737 2686 788 tua
2712 738 2888 789 natus
2921 738 3025 799 est,
3061 735 3165 806 qui
3193 740 3246 791 te
3273 735 3471 804 diliget
3497 756 3508 794 :
3531 741 3588 792 et

1936 816 2123 871 multo
2154 816 2256 872 tibi
2284 822 2369 873 est
2399 819 2819 891 melior,quam
2842 823 2889 877 si
2910 826 3137 893 septem
3151 822 3585 878 haberesﬁlios.

1937 905 2283 975 Susceptum
2301 906 2504 961 Noemi
2524 924 2779 978 puerum
2800 911 2996 978 posuit
3013 910 3075 964 in
3093 911 3227 965 sinu
3249 927 3382 981 suo,
3404 914 3459 966 et
3476 926 3587 965 nu-

1934 992 2089 1048 tricis
2121 1008 2190 1048 ac
2212 994 2431 1061 gerulae
2490 995 2686 1050 ofﬁcio
2709 996 3088 1067 fungebatur.
3144 1000 3357 1055 Vieinae
3386 1004 3588 1055 autem

1933 1082 2211 1137 mulieres
2236 1084 2717 1154 congratulantes
2743 1086 2815 1153 ei,
2852 1102 2921 1142 ac
2970 1087 3265 1143 dicentes:
3287 1090 3468 1144 Natus
3499 1094 3588 1146 est

1931 1169 2088 1225 ﬁlius
2114 1172 2317 1226 Noemi
2346 1191 2357 1229 :
2388 1184 2751 1229 vocaverunt
2814 1190 3037 1230 nomen
3066 1175 3198 1245 ejus
3254 1174 3419 1232 Obed
3445 1194 3456 1230 :
3489 1176 3585 1231 hic

1933 1262 2018 1312 est
2047 1262 2214 1329 pater
2239 1258 2369 1324 Isai,
2404 1260 2587 1330 patris
2619 1261 2969 1317 David.Haec
2991 1268 3127 1319 sunt
3172 1263 3585 1332 generationes

1930 1346 2183 1402 Phares:
2210 1347 2429 1403 Phares
2451 1350 2651 1419 genuit
2692 1352 2895 1416 Esron,
2928 1353 3116 1406 Esron
3150 1351 3353 1420 genuit
3380 1352 3580 1417 Aram,

1930 1436 2110 1491 Aram
2143 1438 2345 1504 genuit
2374 1436 2733 1507 Aminadab,
2764 1438 3100 1494 Aminadab
3121 1440 3327 1508 genuit
3362 1440 3583 1494 Nahas-

1930 1537 2060 1589 son,
2116 1522 2426 1577 Nahasson
2484 1523 2687 1591 genuit
2755 1524 3017 1594 Salmon,
3069 1525 3315 1581 Salmon
3383 1525 3586 1594 genuit

1930 1612 2102 1678 Booz,
2132 1613 2280 1666 Booz
2301 1610 2503 1679 genuit
2553 1611 2739 1678 Obed,
2796 1611 2963 1668 Obed
3027 1613 3233 1684 genuit
3286 1612 3421 1680 Isai,
3472 1612 3584 1669 lsai

152 1703 573 1776 praterire,de
604 1719 725 1775 quo
758 1703 924 1774 prius
945 1718 1142 1758 sermo
1168 1702 1411 1757 habitus
1436 1706 1545 1768 est,
1569 1701 1719 1757 dixit
1739 1700 1817 1756 ad
1843 1709 1892 1768 Β
1932 1699 2136 1768 genuit
2162 1698 2345 1755 David
2370 1714 2595 1769 regem.
2623 1711 2693 1769 Βι.
2742 1703 2948 1756 Amen.

154 1804 327 1843 eum:
354 1787 607 1843 Declina
630 1787 968 1860 paulisper,
1000 1791 1056 1843 et
1089 1786 1234 1842 sede
1256 1786 1375 1851 hic,
1390 1791 1603 1842 vocato
1626 1802 1696 1841 eo
1715 1801 1816 1841 no-

158 1876 325 1931 mine
341 1876 598 1941 suo.Qui
626 1874 883 1939 divertit,
916 1879 973 1930 et
1005 1874 1418 1930 sedit.Tollens
1436 1878 1641 1931 autem
1666 1876 1818 1930 Booz

154 1966 369 2021 decem
418 1965 583 2020 viros
616 1964 692 2020 de
725 1964 1062 2019 senioribus
1093 1963 1366 2029 civitatis,
1401 1963 1642 2018 dixitad
1668 1978 1773 2019 eos
1802 1982 1812 2020 :

154 2054 369 2111 Sedete
395 2053 759 2119 hic.Quibus
785 2052 1459 2120 resedentibus,loeutus
1483 2056 1570 2107 est
1595 2050 1672 2106 ad
1688 2066 1818 2122 pro-

150 2143 461 2215 pinquum
487 2162 501 2201 :
531 2142 772 2198 Partem
803 2142 927 2213 agri
946 2138 1667 2196 fratrisnostriElimelech
1680 2154 1817 2195 ven-

149 2232 233 2287 dit
251 2233 497 2297 Noemi,
531 2247 668 2303 quae
694 2246 932 2287 reversa
953 2234 1040 2285 est
1071 2230 1144 2285 de
1164 2228 1407 2299 regione
1463 2227 1774 2285 Moabitide
1800 2248 1811 2287 :

148 2320 316 2392 quod
345 2320 569 2376 audire
600 2323 653 2375 te
683 2319 862 2387 volui,
917 2326 972 2374 et
995 2319 1103 2373 tibi
1124 2317 1323 2373 dicere
1343 2333 1549 2373 coram
1587 2317 1817 2373 cunctis

147 2408 599 2476 sedentibus,et
626 2406 957 2478 majoribus
978 2411 1123 2463 natu
1138 2406 1212 2462 de
1238 2405 1461 2477 populo
1480 2405 1704 2462 meo.Si
1728 2404 1817 2460 vis

148 2498 467 2569 possidere
489 2497 627 2567 jure
646 2494 1127 2568 propinquitatis,
1162 2510 1315 2559 eme,
1343 2499 1400 2550 et
1419 2494 1691 2565 posside:
1722 2491 1815 2549 sin

145 2593 356 2643 autem
370 2585 657 2657 displicet
684 2584 929 2652 tibi,hoc
948 2584 1144 2656 ipsum
1160 2582 1362 2639 indica
1374 2582 1541 2647 mihi,
1557 2586 1621 2637 ut
1632 2583 1815 2639 sciam

146 2675 295 2747 quid
325 2676 534 2731 facere
562 2673 819 2729 debeam
845 2691 857 2731 :
884 2672 1084 2728 nullus
1110 2676 1201 2728 est
1221 2672 1381 2727 enim
1414 2671 1814 2743 propinquus,

146 2769 402 2836 excepto
430 2768 514 2831 te,
541 2763 647 2834 qui
671 2762 834 2834 prior
862 2777 959 2825 es;
990 2765 1181 2829 etme,
1204 2760 1309 2832 qui
1334 2759 1633 2816 secundus
1646 2774 1809 2815 sum.

144 2853 341 2909 Atille
368 2850 852 2923 responditzEgo
892 2864 1106 2919 agrum
1120 2848 1771 2905 emam.CuidixitBooz
1804 2864 1816 2902 :

146 2941 413 3007 Quando
438 2939 660 2996 emeris
678 2954 890 3008 agrum
913 2937 985 2993 de
1002 2953 1195 2993 manu
1219 2935 1665 3002 mulieris,Ruth
1676 2951 1824 3007 quo-

146 3045 269 3102 que
293 3026 846 3099 Moabitidem,quaa
875 3042 1021 3081 uxor
1040 3025 1302 3081 defuncti
1327 3025 1450 3094 fuit,
1480 3024 1659 3080 debes
1674 3023 1823 3080 acci-
1852 3053 1894 3112 α

146 3134 326 3191 pere:
360 3122 425 3172 ut
453 3116 711 3171 suscites
743 3131 963 3171 nomen
982 3114 1305 3187 propinqui
1331 3112 1820 3183 tui.Quirespon-

146 3208 267 3262 dit:
300 3206 465 3262 Cedo
482 3207 618 3276 jure
640 3203 1106 3278 propinquitatis
1135 3218 1360 3275 :neque
1384 3202 1547 3258 enim
1577 3201 1821 3273 posteri-

149 3300 339 3351 tatem
361 3294 610 3351 familiae
632 3309 781 3349 meae
808 3292 1002 3347 delere
1029 3288 1240 3347 debeo.
1256 3293 1339 3346 Tu
1360 3306 1496 3345 meo
1531 3294 1688 3345 utere
1706 3288 1820 3361 pri-

146 3384 394 3454 vilegio,
424 3398 555 3455 quo
586 3398 681 3437 me
706 3381 956 3436 libenter
982 3395 1182 3435 carere
1227 3378 1525 3450 proﬁteor.
1595 3378 1695 3433 Hic
1717 3393 1817 3433 au-

147 3480 270 3529 tem
300 3476 435 3527 erat
448 3486 583 3526 mos
595 3468 961 3541 antiquitatis
990 3468 1051 3523 in
1068 3466 1247 3523 Israel
1260 3467 1411 3522 inter
1422 3465 1813 3537 propinquos,

145 3562 200 3616 si
233 3562 411 3633 257
477 3558 729 3630 quando
750 3558 896 3613 alter
941 3555 1111 3612 alteri
1163 3571 1272 3610 suo
1293 3556 1426 3625 jure
1454 3553 1721 3617 cedebat,
1756 3557 1818 3609 ut

146 3656 303 3706 esset
324 3650 511 3705 ﬁrma
532 3645 1139 3712 concessio,solvebat
1157 3645 1341 3699 homo
1359 3642 1817 3699 calciamentum

152 3744 425 3809 suum,et
446 3738 633 3794 dabat
647 3737 920 3809 proximo
943 3751 1051 3790 suo
1076 3751 1088 3789 :
1117 3734 1233 3788 hoc
1258 3736 1381 3788 erat
1409 3731 1817 3787 testimonium

145 3828 570 3887 concessionis
589 3827 650 3882 in
705 3826 904 3882 Israel.
946 3823 1097 3880 Dixit
1121 3838 1260 3891 ergo
1312 3822 1655 3892 propinquo
1706 3834 1816 3874 suo

150 3920 305 3975 Booz
328 3937 342 3976 :
368 3916 533 3972 Tolle
559 3914 1046 3971 calciamentum.
1081 3910 1253 3977 Quod
1287 3909 1483 3965 statim
1532 3907 1705 3963 solvit
1741 3906 1815 3963 de

147 4005 308 4079 pede
336 4020 471 4059 suo.
500 4007 570 4058 At
598 4002 693 4058 ille
724 4000 1056 4072 majoribus
1099 4003 1266 4064 natu,
1308 4003 1365 4054 et
1402 3996 1675 4052 universo
1714 4009 1818 4066 po-

149 4094 307 4166 pulo
330 4093 415 4147 ait
443 4109 453 4146 :
479 4095 692 4161 Testes,
723 4090 930 4161 inquit,
964 4105 1071 4145 vos
1102 4087 1239 4144 estis
1260 4084 1642 4156 hodie,quod
1672 4098 1813 4155 pos-

145 4180 429 4238 sederim
451 4180 644 4236 omnia
671 4194 810 4250 quae
840 4177 1077 4232 fuerunt
1101 4172 1439 4238 Elimelech,
1467 4176 1524 4227 et
1550 4170 1810 4236 Chélion,

142 4275 203 4326 et
233 4267 810 4330 Mahalon,tradente
835 4266 1041 4321 Noemi
1068 4283 1080 4322 :
1111 4268 1168 4321 et
1196 4262 1349 4319 Ruth
1414 4260 1809 4325 Moabitidem,

140 4373 409 4416 uxorem
439 4356 728 4421 Mahalon,
764 4354 824 4410 in
851 4353 1197 4423 eonjugium
1216 4348 1814 4421 sumpserim,utsus-
1843 4393 1889 4448 Β

139 4450 326 4505 citem
358 4460 585 4501 nomen
605 4443 866 4499 defuncti
896 4443 957 4497 in
978 4439 1301 4496 hereditate
1328 4453 1535 4505 sua,ne
1554 4436 1812 4492 vocabu-

136 4537 273 4593 lum
296 4535 433 4605 ejus
457 4533 533 4589 de
547 4532 771 4590 familia
793 4546 901 4585 sua
920 4545 988 4585 ac
1012 4527 1291 4584 fratribus
1314 4525 1605 4597 etpopulo
1622 4524 1815 4581 delea—

140 4632 260 4681 tur.
293 4626 433 4691 Vos,
461 4622 736 4693 inquam,
768 4620 947 4690 hujus
975 4617 1060 4672 rei
1086 4620 1259 4671 testes
1290 4614 1448 4669 estis.
1488 4612 1814 4685 Respondit

140 4713 343 4770 omnis
357 4709 648 4783 populus,
672 4708 774 4780 qui
802 4711 926 4763 erat
954 4706 1014 4761 in
1045 4708 1234 4775 porta,
1266 4706 1322 4759 et
1341 4703 1603 4771 majores
1622 4705 1766 4756 natu
1794 4718 1807 4754 :

142 4805 258 4857 Nos
284 4805 471 4856 testes
504 4812 747 4852 sumus:
772 4794 949 4851 faciat
968 4792 1256 4848 Dominus
1295 4790 1452 4845 hanc
1474 4788 1808 4854 mulierem,

142 4906 277 4962 qua»
304 4886 648 4958 ingreditur
670 4884 923 4940 domum
945 4880 1289 4947 tuam,sicut
1313 4877 1532 4934 Rachel
1549 4881 1603 4933 et
1621 4876 1809 4944 Liam,

141 4994 279 5050 quae
304 4974 764 5033 aediﬁcaverunt
783 4971 1034 5027 domum
1056 4967 1233 5024 Israel
1252 4984 1268 5026 :
1289 4972 1352 5023 ut
1382 4966 1455 5021 sit
1478 4964 1812 5035 exemplum

141 5067 374 5122 virtutis
405 5065 466 5120 in
498 5062 784 5134 Ephrata,
808 5064 865 5115 et
892 5058 1115 5114 habeat
1142 5055 1373 5112 celebre
1397 5054 1694 5110 nomenin
1719 5054 1815 5108 Be-

137 5155 434 5211 thlehem:
466 5152 701 5221 ﬁatque
722 5149 941 5204 domus
965 5152 1085 5211 tua,
1121 5145 1274 5200 sicut
1318 5144 1539 5199 domus
1590 5141 1815 5195 Phares

136 5258 319 5314 quem
336 5243 603 5297 Thamar
623 5238 853 5309 peperit
880 5233 1149 5299 Judee,de
1162 5233 1389 5288 semine
1411 5230 1574 5303 quod
1591 5228 1819 5303 dederit

135 5332 242 5386 tibi
275 5331 575 5387 Dominus
604 5343 679 5382 ex
710 5326 822 5380 hac
844 5321 1219 5395 puella.Tulit
1241 5322 1445 5393 itaque
1478 5317 1815 5387 BoozButh,

128 5424 190 5476 et
204 5421 431 5491 accepit
462 5430 724 5474 uxorem
752 5429 763 5468 :
794 5412 1101 5483 ingressus
1132 5414 1220 5465 est
1250 5409 1328 5465 ad
1353 5423 1502 5473 eam,
1544 5410 1599 5463 et
1651 5402 1820 5461 dedit

132 5507 634 5573 illiDominus,ut
663 5501 1025 5573 conciperet,
1060 5502 1116 5555 et
1152 5501 1386 5571 pareret
1413 5496 1625 5553 ﬁlium.
1651 5494 1817 5551 Dixe-

2598 1788 2871 1857 Hymnus
2884 1830 2897 1843 .

2211 1876 2405 1931 Noctis
2444 1879 2679 1947 tempus
2702 1878 2831 1946 jam
2853 1877 3125 1949 praeterit,

2139 1966 2269 2019 Iam
2308 1964 2501 2034 gallus
2528 1964 2706 2035 canit,
2742 1965 2884 2020 vivis

2141 2051 2302 2108 Gallo
2324 2056 2571 2107 canente
2602 2067 2741 2123 spes
2772 2051 2964 2108 reddit
2988 2068 3003 2118 ;

2138 2140 2322 2209 Egris
2352 2140 2515 2195 salus
2531 2139 2883 2196 refunditur.

2212 2231 2434 2285 Somno
2461 2229 2691 2299 gravati
2715 2228 2964 2298 surgite.

2139 2317 2341 2373 Cordis
2373 2322 2607 2374 reatum
2636 2316 2907 2389 pandite,

2135 2409 2391 2478 Jesuque
2416 2405 2659 2461 laudem
2704 2405 2903 2471 dicite,

2138 2494 2250 2558 Qui
2279 2509 2391 2549 nos
2418 2492 2673 2549 redemit
2706 2492 3023 2561 sanguine.

2211 2585 2338 2637 Non
2362 2587 2425 2635 ut
2452 2580 2633 2636 fallax
2664 2579 3019 2650 discipulus,

2037 2735 2041 2738 ,
2140 2669 2250 2735 Qui
2275 2684 2489 2740 pacem
2514 2667 2710 2722 ferens
2745 2666 2986 2734 osculo;

2142 2760 2207 2813 Et
2235 2755 2445 2811 dolum
2472 2759 2680 2809 tenens
2706 2756 2965 2823 pectore,

2140 2844 2351 2900 Turbis
2372 2842 2722 2912 Magistrum
2766 2838 3026 2895 tradidit.

2212 2936 2385 2990 Jesus
2407 2935 2618 3004 captus
2649 2930 2728 2987 ab
2757 2929 2957 3001 impiis
2984 2946 2995 2985 :

2144 3024 2574 3094 Disperguutur
2603 3017 2917 3089 discipuli:

2144 3114 2399 3166 Locutus
2431 3112 2518 3163 est
2546 3112 2608 3163 ut
2642 3106 2933 3163 Dominus

2141 3202 2318 3257 Nocte
2348 3197 2539 3253 ferens
2556 3194 2927 3251 scandalum.

2209 3291 2377 3345 Jesus
2404 3286 2528 3340 suis
2558 3283 2894 3354 discipulis,

2138 3380 2291 3432 Dum
2314 3379 2549 3432 crucem
2573 3387 2747 3427 suam
2772 3369 3074 3440 praedicat,

2140 3465 2350 3536 Negari
2380 3477 2511 3518 sese
2539 3461 2875 3532 praemonet
2900 3476 2918 3528 ;

2138 3556 2342 3609 Petrus
2370 3551 2633 3607 facturus
2654 3547 2936 3615 abnegat.

2208 3644 2408 3695 Petrus
2439 3638 2673 3693 fervens
2704 3633 2915 3705 spiritu

2138 3728 2410 3800 Sequitur
2439 3727 2499 3781 in
2528 3722 2802 3796 praetorio
2824 3740 2842 3793 ;

2136 3817 2249 3873 Sed
2276 3814 2513 3884 agnitus
2537 3808 2889 3882 discipulus,

2135 3902 2378 3975 Negavit
2398 3899 2695 3956 Christum
2722 3896 3069 3952 Dominum.

2205 3993 2406 4046 Petrus
2421 3986 2665 4059 jurabat
2692 3983 2975 4041 omnibus
3011 4000 3024 4037 :

2136 4083 2205 4137 Se
2243 4094 2363 4134 non
2387 4076 2620 4132 novisse
2648 4073 2958 4132 hominem
2988 4088 3001 4125 :

2134 4170 2257 4223 Vox
2286 4179 2547 4235 namque
2578 4161 2716 4232 galli
2744 4162 3004 4225 resonat,

2137 4258 2201 4311 Et
2230 4255 2433 4310 Petrus
2455 4250 2695 4322 culpam
2735 4246 3032 4303 meminit.

2204 4345 2396 4405 Jesus,
2436 4340 2583 4395 dum
2616 4340 2853 4392 Petrum
2884 4351 2946 4390 re

2136 4431 2336 4487 Fidem
2366 4426 2519 4484 Petri
2549 4426 2697 4481 dum
2726 4422 2991 4493 suscipit.

2132 4523 2475 4588 Petrusque,
2504 4511 2767 4577 ﬂuendo,
2802 4509 3008 4581 recipit

2134 4606 2302 4673 Quod
2336 4608 2470 4661 ante
2491 4600 2672 4674 paulo
2702 4598 3002 4655 amiserat.

2205 4698 2270 4750 Et
2299 4709 2407 4749 nos
2437 4704 2773 4763 precamur,
2807 4684 3075 4750 Domine,

2140 4784 2339 4840 Fidem
2369 4779 2519 4836 Petri
2539 4777 2824 4846 recipere,

2134 4873 2457 4941 Fidemque
2484 4863 2914 4937 Apostolicam,

2136 4962 2362 5018 Flentes
2379 4973 2484 5029 pro
2515 4958 2717 5011 nostro
2743 4951 3007 5014 crimine,

2206 5047 2369 5105 Gallo
2386 5047 2634 5101 canente
2665 5040 2939 5096 venimus

2139 5136 2367 5194 Laudes
2398 5135 2516 5189 Deo
2542 5128 2939 5203 persolvimus

2139 5219 2533 5281 Confessionis
2566 5217 2821 5289 propria

2141 5316 2356 5369 Dantes
2390 5309 2439 5364 ei
2468 5323 2675 5363 veram
2700 5305 2905 5361 ﬁdem.

2210 5397 2479 5455 Abscede
2507 5396 2783 5469 princeps
2809 5392 2884 5449 de

2142 5492 2285 5545 Cum
2313 5485 2507 5545 noxiis
2532 5482 3028 5558 phantasmatum
3060 5491 3074 5529 :
