4094 6164
521 265 623 322 447

734 389 868 445 Jam
893 402 1004 444 nos
1029 387 1215 460 piavit
1243 386 1458 444 veritas
1481 404 1499 457 ;

735 480 763 533 ]
771 494 867 535 am
901 477 1118 549 probra
1137 478 1299 532 tersit
1323 476 1598 532 charitas.

806 566 948 621 Hinc
967 570 1042 628 te,
1066 566 1236 625 Deus.
1263 565 1660 636 deposcimus,

739 656 809 710 Ut
825 659 1217 725 pervagantes
1240 654 1558 708 daemonas

741 742 921 811 Signo
948 741 1152 797 salutis
1179 741 1449 797 destruas
1473 761 1486 808 ;

738 833 853 886 Nos
874 845 910 886 a
938 844 1160 901 pavore
1184 829 1389 885 libera.

809 921 927 973 Hac
948 917 1135 972 noctis
1162 917 1309 973 hora
1335 915 1619 988 prmscius

740 1005 926 1061 David
955 1005 1165 1060 futuras
1197 1004 1396 1074 gloriae

738 1094 858 1147 Deo
889 1107 1092 1162 preces
1108 1091 1476 1163 multiplicat,

740 1181 806 1236 In
835 1179 1139 1236 matutinis
1165 1179 1492 1236 excubans.

811 1269 928 1322 Hac
958 1282 1069 1321 nos
1093 1271 1325 1338 oportet
1349 1281 1591 1338 surgere

743 1353 846 1410 Illo
880 1355 1083 1425 vigore
1103 1354 1392 1426 corporis,

741 1441 963 1513 Illoque
989 1447 1129 1497 voto
1161 1441 1426 1514 spiritus,

742 1531 870 1594 Quo
908 1530 1216 1600 expiemur
1236 1529 1532 1585 sordibus.

817 1621 1063 1687 Exurge,
1097 1619 1414 1674 nobiscum
1444 1621 1618 1686 Deus,

741 1706 972 1763 Laudes
1005 1712 1241 1762 tuorum
1271 1707 1524 1777 suscipe,

742 1793 1074 1850 Lustrando
1099 1793 1283 1849 corda
1307 1793 1538 1850 lubrica

742 1881 913 1938 Lucis
937 1881 1186 1937 novellas
1211 1882 1424 1953 gratia.

812 1971 932 2024 Deo
955 1970 1109 2025 Patri
1141 1969 1214 2025 sit
1245 1969 1453 2038 gloria,

741 2056 1005 2127 Ejusque
1038 2057 1146 2112 soli
1174 2056 1338 2125 Filio,

744 2145 921 2216 258
947 2144 1095 2199 Cum
1121 2145 1336 2214 Spiritu
1364 2143 1650 2200 Paraclito

744 2234 1021 2300 Regnans
1049 2247 1155 2302 per
1182 2246 1361 2287 omne
1388 2231 1694 2286 saeculum.

811 2324 1018 2374 Amen.
1186 2355 1195 2372 .

601 2408 998 2478 Supplicatio.
1026 2407 1294 2462 Oremus.
1314 2407 1427 2476 fol.
1471 2410 1590 2462 138.

603 2495 910 2563 Capitula.
941 2495 1220 2561 Deus,Dei
1241 2495 1546 2566 Filius,qui
1573 2493 1899 2550 voluntarie
1940 2491 2180 2563 decipu-

533 2583 655 2638 lam
674 2582 1019 2638 venantium
1049 2597 1282 2649 passus,
1327 2581 1660 2637 voluntarie
1687 2582 1885 2652 utique
1924 2579 2179 2635 crederis

536 2669 884 2734 cruciﬁxus;
912 2669 1172 2723 concede
1205 2670 1378 2724 nobis
1398 2674 1455 2725 et
1477 2669 1776 2740 passionis
1807 2673 1923 2723 tua;
1971 2682 2180 2738 excep-

534 2757 691 2812 tione
722 2755 1098 2824 singulariter
1117 2757 1452 2825 jocundari,
1485 2761 1541 2812 et
1577 2756 2026 2811 resurrectionis
2068 2760 2178 2810 tute

533 2844 755 2914 gaudio
784 2843 1037 2898 ﬁdeliter
1053 2844 1238 2900 attolli
1258 2861 1270 2899 :
1293 2850 1354 2900 ut
1377 2845 1481 2916 qui
1511 2844 1807 2915 passionis
1829 2849 1944 2899 tuas
1972 2842 2182 2898 solem-

530 2931 634 2988 nia
664 2931 862 2987 devoti
882 2931 1265 3002 praecinenda
1320 2933 1565 2988 canticis
1616 2932 1996 3002 inchoamus,
2058 2946 2180 2986 res-

532 3018 873 3090 pectulucis
899 3022 1015 3073 tuas
1043 3019 1340 3090 cOpiosius
1368 3019 1776 3076 inlustremur.

605 3108 771 3160 Pater
797 3110 1024 3161 noster.

601 3193 994 3249 Lauda.Laus
1023 3193 1148 3263 ejus
1176 3194 1236 3250 in
1267 3193 1473 3251 choro.
1507 3195 1733 3250 Oratio.
1755 3197 1907 3250 Laus
1929 3196 2032 3250 tua
2077 3196 2184 3250 Do-

535 3279 714 3335 mine.
746 3281 888 3336 Alia
907 3282 1136 3338 Lauda.
1172 3283 1438 3337 Laudent
1463 3297 1690 3338 nomen
1723 3283 1820 3338 Dei
1849 3283 1912 3338 in
1965 3281 2173 3338 choro.

535 3367 755 3426 Oratio.
787 3369 940 3423 Deus
969 3369 1073 3440 qui
1090 3367 1512 3424 ineﬂ'abilibus.
1531 3370 1647 3439 fol.
1677 3371 1802 3427 181.

608 3456 831 3513 Lauda.
864 3458 1060 3528 Usque
1085 3456 1164 3512 ad
1185 3472 1508 3528 vesperum
1560 3473 1747 3530 quam
1799 3457 2184 3527 magniﬁcata

535 3549 673 3598 sunt
695 3558 878 3615 opera
907 3548 1028 3608 tua,
1056 3544 1306 3600 Domine
1335 3544 1362 3599 ‘l

605 3630 891 3685 Dominus
913 3631 1002 3686 sit.
1032 3642 1097 3700 ﬁ,
1126 3634 1367 3688 Etcum.

602 3717 959 3785 Antiphona.
984 3721 1063 3773 Ne
1089 3719 1291 3775 tradas
1319 3719 2018 3791 me,Domine,desiderio
2045 3736 2179 3777 meo

531 3804 859 3876 peccatori:
887 3807 1296 3875 cogitaverunt
1316 3809 1636 3864 adversum
1666 3825 1762 3864 me
1785 3826 1796 3873 ;
1816 3809 1877 3864 P.
1911 3812 1990 3865 Ne
2020 3809 2185 3865 dere-

529 3891 790 3962 linquas,
822 3907 896 3947 ne
922 3908 1193 3964 unquam
1223 3894 1578 3958 exaltentur.
1615 3896 1677 3956 ἡ.
1711 3897 1882 3969 Eripe
1947 3913 2044 3952 me
2075 3897 2184 3953 Do-

530 3979 692 4035 mine
714 3980 792 4035 ab
821 3981 1063 4036 homine
1094 3981 1289 4037 malo:
1316 3998 1352 4038 a
1372 3984 1495 4039 viro
1519 3985 1729 4055 iniquo
1759 3992 1815 4041 et
1844 3985 2058 4042 doloso
2113 3985 2178 4040 li-

529 4066 678 4124 bera
704 4083 822 4123 me.
855 4071 920 4125 P.
953 4071 1032 4124 Ne
1057 4068 1458 4140 derelinquas.

604 4155 892 4210 Dominus
923 4157 1016 4214 sit.
1044 4167 1112 4226 Βι.
1141 4157 1207 4212 Et
1235 4172 1401 4213 cum.

601 4242 831 4299 Lauda.
854 4243 1022 4315 Eripe
1050 4260 1166 4311 me,
1216 4245 1483 4312 Domine,
1527 4261 1563 4302 a
1618 4247 1934 4304 calumniis
1990 4248 2180 4304 homi-

529 4344 674 4386 num
705 4346 717 4384 :
747 4331 890 4402 quia
920 4333 1156 4388 servavi
1181 4334 1469 4390 mandata
1497 4339 1617 4392 tua.
1651 4336 1880 4392 Faciem
1923 4341 2093 4392 tuam
2121 4336 2186 4391 il-
2215 4373 2258 4428 Β

527 4418 758 4474 lumina
785 4435 964 4490 super
990 4435 1230 4476 servum
1253 4426 1420 4477 tuum
1457 4437 1468 4476 :
1500 4423 1560 4478 P.
1593 4426 1659 4480 Et
1687 4423 1835 4479 doce
1867 4440 1962 4479 me
2011 4425 2183 4494 justi-

530 4506 1017 4573 ﬁcationestuas,
1036 4509 1371 4569 DomineJV.
1393 4511 1678 4567 Mirabilia
1699 4511 2173 4577 testimoniatua,

529 4594 776 4650 Domine
807 4615 819 4650 :
847 4595 983 4651 ideo
1011 4602 1272 4653 scrutata
1302 4603 1388 4653 est
1409 4599 1612 4656 anima
1636 4615 1790 4656 mea.
1815 4599 1876 4652 P.
1922 4601 1984 4654 Et
2013 4599 2182 4655 doce.

527 4680 588 4742 Ψ.
613 4681 826 4749 Gloria,
857 4689 971 4738 etc.
1021 4684 1082 4738 P.
1123 4687 1188 4741 Et
1215 4685 1384 4742 doce.

596 4770 886 4841 Hymnus.
905 4772 1164 4829 Verbum
1195 4775 1378 4830 Patri.
1412 4776 1522 4845 fol.
1546 4780 1666 4832 252.

599 4859 896 4926 Capitula.
927 4862 1230 4928 Novimus,
1261 4865 1529 4929 Domine,
1562 4864 1728 4936 quod
1754 4863 2056 4920 traditoris
2095 4864 2180 4920 tui

529 4959 847 5017 perpessus
872 4949 1173 5020 injuriam,
1210 4967 1402 5024 usque
1429 4955 1507 5007 ad
1542 4958 1798 5008 mortem
1826 4968 1947 5007 non
1972 4952 2188 5007 dereli-

529 5033 730 5104 queris
754 5035 1102 5105 patientiam
1131 5044 1214 5095 :et
1236 5055 1376 5096 cum
1399 5040 1493 5096 ille
1513 5039 1863 5096 insatiabilis
1876 5040 2180 5096 homicida

527 5125 584 5176 te
614 5122 952 5191 Magistrum
985 5126 1290 5183 tradiderit
1319 5128 1715 5185 occidendum
1745 5147 1762 5199 ;
1789 5133 1850 5184 tu
1878 5133 2080 5184 tamen
2102 5145 2176 5184 ne

523 5208 724 5280 ipsum
756 5211 996 5282 quidem
1019 5215 1277 5271 volueris
1289 5217 1662 5273 moriturum:
1684 5217 1763 5274 da
1774 5231 2176 5289 ergo,quzesu-

523 5312 680 5352 mus.
709 5299 907 5369 nobis,
933 5306 997 5355 ut
1021 5301 1286 5371 patiendi
1321 5304 1512 5359 malos
1532 5304 1865 5359 habeamus
1895 5312 2192 5383 constan-.

548 5383 752 5451 iam,et
780 5387 1075 5457 patientia:
1106 5392 1416 5444 teneamus
1451 5391 1895 5460 exempla:non
1923 5407 2034 5447 nos
2078 5389 2200 5446 vo-l

569 5489 699 5542 ego
715 5474 816 5531 ira:
848 5476 1193 5548 praecipitet,
1224 5491 1334 5533 nec
1383 5492 1491 5550 per
1513 5483 1753 5536 noctem
1788 5481 1970 5552 hujus
2001 5479 2182 5536 smcul

1789 249 2238 314 BREVIARIUM
2279 247 2651 306 GOTHICUM
2664 290 2678 305 .

2192 375 2239 430 Α
2277 377 2529 431 tentator
2557 370 2880 442 malignus,
2925 366 3101 440 quasi
3122 366 3216 421 fur
3243 365 3303 420 in
3334 363 3486 419 hora
3539 374 3928 432 quacumque

3811 237 3918 291 448

2276 463 2639 518 contaminet
2671 478 2683 516 :
2718 474 2838 531 quo
2862 455 3163 529 passionis
3195 458 3309 508 tua;
3336 450 3623 520 stigmata
3655 448 3774 503 sint
3821 464 3928 503 no-

2277 550 2366 605 bis
2395 550 2473 604 ad
2497 547 2833 604 custodiam
2865 543 3250 600 indefessam.

2345 638 2516 694 Pater
2551 641 2774 693 noster.

2347 725 2657 782 Humiliate
2685 740 2788 780 vos
2827 719 3249 779 benedictioni.

2345 815 2633 870 Dominus
2672 813 2764 868 sit.
2799 823 2861 880 By.
2895 814 2979 866 Et.

2346 903 2704 959 Benedictio.
2737 901 3022 962 Christus,
3063 898 3161 952 Dei
3185 895 3384 959 Filius,
3417 894 3524 966 qui
3580 891 3747 952 olim,
3813 905 3929 945 me-

2275 991 2474 1046 diante
2513 991 2691 1059 hujus
2716 989 2832 1043 diei
2857 987 2986 1042 festi
3029 989 3318 1056 tempore,
3363 979 3815 1037 detrahentium
3875 994 3932 1034 se

2277 1077 2513 1150 pertulit
2535 1077 3138 1145 linguas,nostrorum
3165 1070 3438 1127 omnium
3459 1069 3640 1124 faciat
3660 1082 3797 1123 esse
3823 1066 3934 1120 dis-

2280 1171 2503 1232 sertas;
2537 1176 2600 1234 Βι.
2631 1166 2838 1220 Amen.
2872 1163 2939 1218 Et
2964 1163 3071 1234 qui
3101 1176 3210 1232 pro
3238 1158 3438 1230 impiis
3463 1172 3684 1230 passus
3713 1159 3814 1210 est
3849 1155 3935 1209 in—

2277 1269 2516 1318 nocens,
2552 1269 2659 1308 vos
2711 1251 2823 1307 sibi
2878 1251 3055 1307 faciat
3111 1248 3238 1304 sine
3295 1249 3415 1302 ﬁne
3461 1249 3782 1302 consortes
3817 1261 3830 1298 :
3864 1253 3928 1312 ﬁ.

2276 1347 2486 1397 Amen.
2513 1344 2598 1408 Ut,
2640 1341 2809 1411 cujus
2839 1355 2999 1394 nunc
3025 1337 3366 1409 passionem
3398 1331 3761 1389 moestiticati
3792 1330 3938 1386 exci-

2278 1430 2436 1502 pitis,
2481 1429 2560 1484 ad
2610 1427 3058 1485 resurrectionis
3092 1425 3222 1496 ejus
3273 1422 3565 1494 gaudium
3623 1418 3936 1476 ltetiﬁcatis

2279 1517 2559 1573 cordibus
2579 1516 2903 1574 accedatis.
2943 1526 3008 1585 Ri.
3039 1516 3244 1570 Amen.

2353 1610 2457 1661 Per
2477 1605 2989 1661 misericordiam..

2193 1709 2244 1766 Β
2353 1695 2571 1750 Lauda.
2602 1696 2864 1749 Lucerna
2892 1690 3144 1763 pedibus
3173 1689 3323 1745 meis
3344 1686 3597 1744 verbum
3628 1689 3944 1756 tuum,Do-

2281 1785 2462 1848 mine,
2497 1783 2558 1836 P.
2587 1785 2652 1837 Et
2695 1781 2899 1836 lumen
2952 1779 3177 1834 semitis
3216 1776 3387 1845 meis,
3420 1777 3574 1831 Deus
3630 1791 3836 1831 meus.
3870 1775 3934 1834 ἲν.

2281 1871 2505 1936 Juravi,
2545 1875 2601 1926 et
2631 1870 2808 1926 statui
2839 1867 3134 1924 custodire
3151 1865 3378 1936 judicia
3398 1864 3639 1934 justitiae
3691 1869 3840 1918 tuae.

2355 1959 2578 2015 Oratio.
2638 1959 2860 2012 Lumen
2890 1960 3081 2020 tuum,
3107 1952 3375 2022 Domine,
3425 1951 3576 2020 legis
3609 1961 3730 2006 tuae
3766 1950 3936 2005 nobis

2287 2045 2588 2116 agnitione
2609 2045 2890 2101 ostende:
2927 2048 3050 2098 uta
3079 2041 3321 2097 lubricis
3353 2039 3592 2096 casibus
3637 2045 3750 2095 tuo
3780 2040 3946 2109 juva-

2287 2135 2448 2190 mine
2477 2136 2796 2205 erigamur,
2825 2139 2880 2188 et
2909 2131 3136 2187 alacres
3164 2131 3224 2185 in
3249 2134 3350 2185 tuo
3382 2129 3610 2184 lumine
3663 2128 3748 2182 ad
3784 2128 3946 2182 desti-

2286 2228 2431 2279 nata
2460 2221 2797 2278 aeternitatis
2828 2227 2941 2276 tuas
2972 2219 3193 2289 gaudia
3235 2217 3601 2273 festinemus.
3635 2226 3701 2284 ﬁ.
3737 2217 3944 2272 Amen.

2361 2312 2470 2367 Per
2503 2309 2996 2367 misericordiam.

2359 2401 2588 2456 Lauda.
2623 2403 2948 2454 Posuerunt
2978 2400 3318 2468 peccatores
3342 2393 3594 2466 laqueos
3665 2392 3851 2447 mihi:
3883 2395 3941 2446 P.

2295 2491 2356 2542 Et
2381 2503 2417 2544 a
2455 2487 2753 2542 mandatis
2785 2486 2921 2551 tuis,
2959 2485 3225 2547 Domine,
3258 2497 3380 2538 non
3411 2480 3813 2540 declinaviJI.
3853 2481 3950 2535 He-

2290 2576 2535 2631 reditate
2565 2574 2853 2646 acquisivi
2880 2572 3221 2629 testimonia
3251 2575 3353 2626 tua
3378 2569 3440 2625 in
3465 2575 3767 2624 aeternum
3795 2569 3951 2640 :quia

2291 2664 2570 2720 exultatio
2599 2663 2796 2719 cordis
2824 2663 2941 2718 mei
2967 2667 3121 2717 sunt.

2363 2752 2805 2808 0ratio.Tribue
2834 2750 3029 2816 nobis,
3064 2749 3334 2818 Domine,
3371 2746 3749 2816 adjutorium
3783 2746 3949 2801 decli-

2290 2838 3067 2910 nandiodiainiquorum,et
3087 2836 3320 2892 fallacia
3353 2849 3637 2906 superare
3672 2835 3952 2905 praevari-

2291 2932 2560 2983 catorum
2591 2944 2602 2981 :
2628 2926 2761 2982 Esto
2794 2931 3086 2997 protector
3112 2924 3479 2995 sperantium
3511 2923 3574 2977 in
3592 2923 3790 2977 verbo
3818 2927 3948 2982 tuo;

2205 3040 2253 3096 ρ
2291 3021 2349 3071 et
2376 3015 2611 3086 suscipe
2638 3015 2892 3070 humiles
2900 3014 3071 3085 juxta
3092 3011 3401 3084 eloquium
3421 3016 3591 3066 tuum
3616 3032 3628 3066 :
3649 3018 3948 3082 quatenus

2291 3103 2599 3176 possimus
2622 3108 2723 3158 tua
2757 3103 3042 3159 mandata
3073 3116 3324 3165 servare,
3367 3105 3422 3155 et
3450 3099 3683 3170 judicia
3713 3105 3821 3154 tua
3844 3111 3949 3154 me'

2292 3197 2475 3259 tuere,
2499 3190 2642 3246 etde
2671 3190 2954 3246 admissis
3007 3188 3442 3257 indulgentiam
3479 3188 3838 3256 promereri.
3882 3199 3940 3255 Bg.

2291 3283 2500 3334 Amen.

2362 3370 2467 3422 Per
2486 3364 2982 3422 misericordiam.

2360 3455 2590 3511 Lauda.
2611 3455 2852 3526 Iniquos
2872 3453 3009 3509 odio
3030 3452 3233 3518 habui,
3259 3457 3314 3508 et
3345 3451 3743 3508 abominatus
3775 3467 3909 3506 sum
3936 3470 3946 3504 τ

2291 3546 2350 3599 Ρ.
2397 3545 2607 3613 Legem
2628 3549 2830 3598 autem
2850 3546 3016 3597 tuam
3046 3541 3244 3608 dilexi,
3283 3542 3436 3596 Deus
3483 3555 3678 3595 meus.
3735 3539 3800 3599 ῒ.
3848 3538 3949 3593 Ad-

2285 3632 2466 3702 jutor,
2497 3636 2552 3686 et
2574 3635 2884 3703 susceptor
2913 3646 3082 3685 meus
3108 3646 3171 3686 es
3205 3637 3296 3684 tu:
3323 3630 3460 3685 etin
3489 3627 3752 3684 verbum
3792 3633 3945 3684 tuum

2292 3719 2548 3790 speravi.

2363 3807 2587 3862 Oratio.
2616 3805 2912 3862 Auxiliare
2934 3806 3108 3862 nobis
3141 3805 3474 3868 Domine,et
3494 3803 3646 3860 salvi
3689 3805 3942 3860 erimus:

2290 3900 2346 3952 te
2370 3895 2531 3950 enim
2551 3894 2891 3965 desistente,
2926 3893 3200 3966 perditio,
3233 3900 3288 3949 et
3319 3898 3371 3949 te
3397 3899 3812 3963 prmservante
3867 3891 3944 3945 vi-

2292 3984 2426 4039 talis
2457 3988 2542 4038 est
2569 3983 2898 4054 plenitudo.
2933 3993 2996 4052 It.
3032 3983 3242 4037 Amen.

2367 4075 2470 4126 Per
2493 4071 2987 4127 misericordiam.

2365 4163 2595 4216 Preces.
2627 4165 2854 4230 Averte,
2883 4159 3310 4230 Domine,iram
3341 4164 3508 4214 tuam
3541 4173 3578 4214 a
3611 4158 3942 4215 nobis.Cum

2294 4263 2424 4316 sua,
2449 4249 2737 4313 oratione,
2769 4249 2877 4316 fol.
2919 4251 3037 4303 183.

2508 4351 2743 4391 SECUNDA
2778 4351 2937 4390 FBRIA
2966 4351 3100 4392 POST
3141 4350 3405 4390 MEDIANTE
3437 4351 3521 4390 DIE
3551 4351 3740 4390 FBSTO.

2863 4425 2962 4479 Ad
2995 4425 3381 4480 Matutinum.

2369 4514 2617 4582 Exurge,
2665 4511 2934 4582 Domine,
2985 4512 3221 4568 salvum
3279 4527 3376 4566 me
3405 4510 3518 4575 fac,
3569 4512 3729 4567 Deus
3755 4526 3944 4567 meus.

2295 4602 2572 4656 Psalmus
2596 4617 2678 4655 ll].

2371 4689 2596 4747 Oratio.
2623 4691 2850 4758 Exurge
2872 4690 3122 4745 Domine
3147 4692 3296 4744 Deus
3327 4692 3528 4744 noster
3553 4689 3614 4743 in
3661 4687 3953 4744 auxilium

2295 4776 2631 4841 humilium,
2667 4777 2796 4832 etin
2822 4777 3236 4831 exterminium
3275 4777 3771 4847 persequentium
3804 4790 3948 4830 nos:

2298 4869 2535 4919 contere
2560 4864 2935 4919 adversarios
2967 4869 3222 4927 nostros,
3252 4864 3356 4935 qui
3404 4879 3514 4918 nos
3547 4880 3584 4919 a
3643 4861 3953 4935 prteceptis

2300 4953 2436 5015 tuis,
2469 4952 2694 5008 dolosis
2723 4952 3246 5024 promissionibus,
3280 4957 3336 5008 et
3381 4952 3604 5022 apertis
3636 4951 3955 5006 terroribus

2303 5046 2562 5096 avertere
2584 5040 2940 5096 moliuntur:
2960 5041 3020 5095 in
3043 5040 3206 5095 nullo
3227 5041 3386 5095 enim
3409 5038 3721 5112 proﬁcient
3744 5054 3953 5092 eorum

2303 5128 2555 5193 insidias,
2586 5129 2762 5200 259
2795 5128 2842 5182 si
2876 5134 2976 5184 tuo
3008 5128 3351 5183 muniamur
3383 5142 3621 5198 semper
3665 5125 3766 5195 adj
3780 5127 3961 5180 utorio

2309 5217 2532 5284 gratiae.
2556 5228 2620 5286 BI.
2655 5221 2862 5272 Amen.

2383 5305 2510 5359 Per.

2380 5391 2716 5459 Antz'phona
2738 5398 2785 5446 1.
2815 5394 3136 5448 Astiterunt
3164 5407 3332 5461 reges
3358 5395 3548 5455 terrae,
3582 5395 3636 5446 et
3659 5389 3962 5462 principes

2313 5486 2716 5537 convenerunt
2738 5481 2799 5536 in
2821 5497 3030 5550 unum,
3062 5480 3350 5536 adversus
3373 5479 3713 5542 Dominum,
3777 5484 3838 5532 et
3870 5475 3967 5531 ad-
