4094 6164
185 178 294 234 449

1378 181 1723 239 DOMINICA
1763 178 1833 235 IV
1873 174 2481 247 QUADRAGESlM/E.

3505 199 3609 253 45')

169 320 386 359 versus
418 303 718 358 Christum
748 305 895 373 ejus.
930 306 987 360 P.
1022 306 1129 369 Qui
1152 305 1381 362 habitat
1412 307 1473 362 in
1500 306 1684 370 caelis,
1720 304 1841 359 irri-
1877 304 1923 357 A
1951 306 2009 358 et
2035 305 2270 375 propria
2291 308 2392 362 tibi
2423 309 2671 365 Domino
2699 310 3023 381 pandentes
3049 313 3297 386 piacula,
3322 318 3606 387 eiulantes

170 394 341 448 debit
371 408 475 447 eos
506 411 517 446 :
544 397 602 447 et
635 395 919 447 Dominus
950 394 1351 450 subsannabit
1390 412 1493 451 eos
1534 413 1545 449 :
1575 400 1631 450 et
1652 397 1712 450 in
1757 394 1842 448 fu-

170 498 309 536 rore
364 497 474 535 suo
529 480 912 536 conturbabit
958 497 1079 537 eos.
1129 482 1190 543 tit.
1244 486 1434 548 Quare
1474 484 1843 539 fremuerunt

171 574 405 637 gentes,
442 572 496 622 et
526 568 737 639 populi
768 568 1033 624 meditati
1066 576 1202 624 sunt
1229 570 1437 627 inania
1466 570 1493 624 ?
1522 571 1581 625 P.
1620 572 1748 635 Qui.
1777 570 1841 630 ιγ.

175 656 407 713 Gloria.
444 656 508 711 P.
538 656 668 720 Qui.

255 746 491 801 Oratio.
520 747 673 799 Deus
696 744 865 799 Pater
888 745 1184 814 Unigeniti
1211 745 1314 801 ﬁlii
1344 747 1447 810 tui,
1479 748 1581 819 qui
1606 746 1842 802 habitas

176 834 243 888 in
259 833 454 898 caelis,
470 833 570 904 qui
588 831 924 888 irridendos
946 838 1124 904 atque
1151 834 1617 891 subsannandos
1633 849 1843 890 omnes

172 936 358 989 reges
377 925 543 975 terrae
564 924 615 975 et
641 919 960 992 principes,
986 921 1307 978 adversum
1344 923 1640 979 Christum
1671 928 1841 978 tuum

174 1010 631 1074 convenientes,
661 1008 926 1063 ostendis
970 1024 983 1074 ;
1026 1008 1096 1064 da
1129 1010 1303 1066 nobis
1328 1011 1583 1081 speciale
1620 1026 1842 1065 munus

172 1098 292 1152 hoc
324 1097 535 1165 gratiae
559 1100 694 1159 tum,
727 1101 791 1151 ut
814 1096 1082 1153 adversis
1136 1098 1475 1154 nesciamus
1512 1099 1629 1155 ullo
1661 1099 1842 1154 modo

174 1184 390 1239 cedere
430 1205 443 1239 :
472 1200 598 1256 quo
635 1184 721 1239 sic
744 1184 805 1238 in
830 1184 1028 1240 furore
1053 1190 1155 1240 tuo
1177 1185 1497 1241 inﬁdelitas
1530 1186 1843 1241 conturbe-

174 1278 288 1340 tur,
322 1276 389 1326 ut
420 1288 493 1327 ex
547 1278 651 1327 tuo
689 1271 988 1342 adjutorio
1024 1278 1234 1330 nostra
1261 1272 1576 1331 credulitas
1597 1289 1840 1330 corone-

175 1366 289 1416 tur.
322 1372 387 1429 ἣν.
412 1362 629 1416 Amen.

244 1452 377 1506 Per.

245 1539 290 1592 Α
302 1537 603 1605 ntiphona
619 1541 673 1591 2.
695 1537 878 1593 Odisti
906 1538 1152 1593 Domine
1169 1553 1376 1594 omnes
1392 1539 1491 1611 qui
1516 1543 1840 1610 operantur

1950 390 2293 463 lachrymis,
2323 401 2559 466 pectore
2582 397 2891 453 verberato
2922 401 3215 470 supplices
3234 419 3510 466 oramus:
3540 415 3605 465 ut

1950 486 2182 535 avertas
2213 498 2248 538 a
2268 485 2484 539 nostris
2515 486 2835 541 sceleribus
2861 486 3073 542 faciem
3098 508 3109 555 ;
3144 494 3198 544 et
3223 492 3442 563 deleas,
3466 512 3602 567 quas

1951 568 2266 636 gessimus,
2308 578 2522 628 cuncta
2549 576 2965 644 peccata.Crea
2994 576 3193 647 itaque
3222 578 3372 634 Deus
3395 580 3454 636 in
3471 599 3603 639 cor-

1950 654 2127 710 dibus
2164 660 2402 727 nostris,
2453 661 2614 731 quod
2646 677 2852 727 ames;
2886 668 2942 717 et
2986 664 3405 735 propitiatione
3434 670 3602 727 solita

1950 742 2199 810 dimitte,
2222 748 2387 817 quod
2411 749 2543 804 odis
2579 766 2591 803 :
2620 765 2689 805 ac
2714 750 2763 804 si
2794 754 2851 805 te
2878 750 3085 807 crebro
3118 752 3195 806 ad
3223 753 3600 813 irascendum

1950 837 2155 887 nostra
2191 842 2546 907 exasperant
2591 837 2769 905 vitia;
2803 843 2901 894 tua
2957 843 3011 895 te
3039 840 3217 896 nobis
3244 841 3603 912 placabitem

1948 919 2161 976 reddat
2190 921 2577 994 indulgentia.
2619 937 2682 997 Βι.
2714 935 2923 983 Amen.

2021 1010 2144 1063 Per.

2020 1098 2117 1151 Ad
2128 1098 3274 1172 CanticumAntiphona.Confundantur
3286 1121 3487 1162 omnes
3500 1109 3599 1179 qui

1948 1197 2045 1238 me
2066 1193 2522 1257 persequuntur,
2552 1195 2609 1245 et
2638 1206 2759 1246 non
2798 1190 3132 1247 confundar
3160 1206 3309 1262 ego:
3340 1199 3599 1265 paveant

1948 1269 2050 1338 illi,
2092 1278 2148 1329 et
2183 1289 2305 1329 non
2345 1290 2602 1346 paveam
2632 1293 2763 1347 ego.

2257 1364 2577 1420 Canticum
2600 1366 2921 1422 Hieremiw
2945 1367 3113 1435 (Cap.
3138 1370 3295 1439 xvu).

2023 1450 2179 1506 Sana
2204 1467 2299 1507 me
2314 1453 2583 1524 Domine,
2603 1454 2959 1510 etsauabor:
2984 1456 3005 1479 "
3028 1456 3260 1511 salvum
3290 1472 3385 1513 me
3412 1458 3525 1525 fac,
3544 1461 3601 1517 et

1951 1536 2149 1593 salvus
2178 1554 2279 1595 ero
2303 1556 2315 1594 :
2347 1542 2635 1611 quoniam
2660 1542 2792 1599 laus
2818 1558 2971 1609 mea,
3001 1549 3058 1599 et
3077 1544 3265 1599 virtus
3287 1550 3496 1603 meatu
3513 1563 3597 1605 es.

174 1625 557 1694 iniquitatem
591 1645 603 1679 :
641 1625 701 1677 P.
726 1624 941 1680 Perdes
970 1640 1072 1680 eos
1097 1626 1199 1696 qui
1225 1625 1549 1697 loquuntur
1590 1626 1838 1681 menda-
1875 1644 1923 1700 Β
2023 1628 2168 1681 Ecce
2196 1627 2310 1696 ipsi
2327 1628 2532 1685 dicunt
2553 1630 2699 1685 mihi
2730 1646 2742 1684 :
2772 1630 2985 1686 Ubiest
3014 1631 3266 1687 verbum
3283 1633 3597 1689 Domini?‘

179 1714 359 1779 cium,
388 1712 455 1772 ἲν.
509 1712 727 1769 Judica
754 1712 907 1781 illos,
955 1717 1126 1769 Deus.
1158 1714 1443 1770 Decidant
1476 1730 1513 1771 a
1536 1714 1842 1784 cogitatio-

181 1801 362 1856 nibus
390 1802 535 1856 suis.

253 1889 469 1944 Oratio.
516 1890 695 1955 Deus,
726 1890 830 1961 qui
886 1889 1024 1945 odio
1056 1889 1243 1945 habes
1292 1905 1523 1955 omnes,
1566 1891 1670 1962 qui
1700 1906 1838 1962 ope-

172 1977 799 2048 ranturiniquitatem,
816 1977 1116 2033 charitatis
1143 1977 1475 2033 munimine
1500 1993 1608 2033 nos
1635 1979 1794 2050 reple
1822 1998 1835 2034 :

176 2074 231 2121 ut
282 2065 630 2137 aliquando
662 2065 739 2121 ad
799 2070 852 2120 te
887 2066 1178 2132 conversi,
1210 2064 1433 2121 doloris
1462 2066 1554 2120 sui
1585 2067 1842 2123 sentiant

172 2156 514 2224 cumulum,
547 2154 652 2226 qui
680 2158 888 2210 contra
914 2159 967 2209 te
994 2152 1323 2226 loquuntur
1344 2154 1747 2211 mendacium.
1772 2166 1834 2226 ἣν.

174 2247 392 2299 Amen.

236 2333 369 2386 Per.

232 2418 599 2487 Antiphonti
624 2422 675 2473 3.
702 2418 852 2483 Quia
872 2431 993 2472 non
1015 2417 1181 2472 estin
1207 2432 1307 2472 ore
1333 2417 1713 2473 inimicorum
1736 2433 1837 2474 ve-

166 2509 302 2563 ritas
322 2522 461 2562 :cor
488 2522 697 2561 eorum
720 2521 944 2561 vanum
970 2508 1076 2559 est.
1098 2504 1492 2575 Sepulchrum
1518 2512 1729 2577 patens
1751 2511 1838 2560 est

171 2602 372 2666 guttur
402 2610 644 2656 eorum,
686 2594 746 2646 P.
782 2594 1018 2663 Linguis
1050 2594 1174 2647 suis
1203 2592 1411 2648 dolose
1434 2594 1711 2662 agebant,
1741 2594 1833 2662 ju-

173 2686 301 2740 dica
326 2684 468 2738 illos
499 2686 675 2736 Deus.
722 2681 785 2741 ﬁt.
821 2682 1107 2746 Quoniam
1133 2688 1197 2737 tu
1254 2682 1597 2752 percussisti
1626 2696 1836 2736 omnes

172 2773 567 2828 adversantes
599 2769 745 2825 mihi
785 2770 911 2825 sine
942 2785 1131 2826 causa
1162 2787 1174 2824 :
1215 2769 1421 2825 dentes
1454 2776 1834 2841 peccatorum

176 2859 527 2916 contrivisti.

242 2948 469 3004 Oratio.
508 2948 580 3003 In
607 2961 708 3001 ore
729 2944 1113 3001 inimicorum
1142 2950 1403 3001 tuorum.
1436 2946 1702 3011 Domine,
1736 2961 1836 3001 ve-

178 3037 314 3092 ritas
328 3051 459 3091 non
487 3039 579 3090 est
612 3051 625 3089 :
649 3034 793 3105 quia
816 3034 962 3089 dum
992 3037 1029 3089 a
1054 3038 1108 3089 te
1134 3036 1197 3088 in
1226 3033 1444 3088 intimis
1472 3037 1834 3097 avertuntur,

179 3140 276 3179 cor
302 3139 515 3179 eorum
538 3123 803 3178 vanitate
824 3122 1169 3177 destruitur.
1197 3121 1284 3176 Da
1309 3135 1451 3191 ergo
1481 3121 1838 3186 nobis,utsic

171 3210 374 3281 lingua
406 3215 621 3265 nostra
652 3224 789 3263 cum
826 3209 1077 3279 puritate
1117 3208 1492 3263 conscientiae
1524 3211 1835 3279 acceptum

170 3300 273 3355 tibi
297 3298 536 3354 deferat
555 3298 875 3369 hymnum,
893 3304 953 3351 ut
982 3302 1191 3368 patens
1209 3295 1593 3365 malignitatis
1618 3311 1739 3352 non
1758 3296 1836 3352 ef-

168 3388 452 3444 ﬁciantur
485 3384 896 3457 sepulchrum.
928 3396 991 3456 13;.
1022 3386 1231 3440 Amen.

239 3477 369 3533 Per.

242 3577 307 3634 ﬁ.
350 3564 602 3620 Miseriis
657 3562 914 3619 afﬂictus
937 3578 1091 3627 sum,
1120 3566 1175 3617 et
1203 3561 1471 3618 turbatus
1498 3577 1633 3617 sum
1662 3579 1674 3616 :
1716 3564 1838 3618 tota

175 3653 265 3709 die
302 3653 695 3709 contristatus
717 3650 1098 3720 ingrediebar
1122 3668 1134 3705 :
1167 3654 1455 3722 quoniam
1478 3650 1680 3705 anima
1703 3666 1837 3706 mea

173 3742 475 3814 completa
506 3746 597 3796 est
654 3739 1157 3797 inlusionibus.P.
1177 3742 1238 3794 Et
1265 3754 1387 3793 non
1418 3744 1506 3794 est
1528 3740 1752 3794 sanitas
1774 3739 1838 3793 in

174 3846 349 3888 carne
376 3846 537 3886 mea.
570 3827 630 3888 ἡ.
677 3828 973 3893 Quoniam
1008 3826 1239 3897 sagittae
1274 3831 1391 3882 tuae
1449 3826 1646 3881 inﬁxas
1700 3833 1837 3883 sunt

170 3920 319 3973 mihi
344 3938 356 3971 :
382 3923 440 3973 et
468 3916 840 3973 conﬁrmasti
867 3930 1046 3986 super
1066 3930 1162 3970 me
1181 3929 1433 3971 manum
1454 3919 1643 3970 tuam.
1675 3915 1738 3970 P.
1771 3918 1839 3972 Et

176 4022 304 4060 non
329 4012 437 4061 est.

256 4093 476 4148 Oratio.
505 4094 749 4149 Domine
778 4095 915 4148 Jesu
968 4091 1211 4157 Christe,
1241 4091 1343 4163 qui
1392 4091 1748 4147 traditurum
1782 4097 1833 4148 te

175 4182 520 4251 morti,ante
546 4188 795 4239 mortem
822 4183 1107 4254 praescius
1132 4180 1450 4253 praedixisti
1479 4199 1491 4248 ;
1516 4186 1572 4237 et
1592 4180 1707 4236 illic
1730 4182 1832 4237 ubi

170 4274 497 4329 constituta
526 4280 612 4328 est
633 4272 849 4328 domus
867 4271 1063 4326 omnis
1083 4269 1353 4333 viventis,
1382 4270 1459 4325 ad
1477 4269 1709 4329 inferna
1728 4271 1833 4327 uti-

167 4378 303 4433 que,
336 4361 607 4417 morieus
625 4360 1012 4416 descendisti:
1046 4360 1126 4416 da
1150 4359 1574 4425 nobis,utcum
1602 4364 1835 4431 tempus

164 4450 503 4506 vocationis
534 4456 752 4505 nostrm
788 4448 1114 4516 advenerit,
1144 4448 1261 4502 illic
1289 4463 1413 4503 non
1439 4447 1833 4503 deveniamus

161 4540 449 4595 retenturi
472 4540 535 4594 in
552 4554 797 4610 poenam
827 4555 839 4591 :
868 4553 990 4608 quo
1014 4540 1075 4591 tu
1095 4537 1351 4591 moriens
1368 4536 1649 4592 liberator
1671 4552 1835 4592 acce-

162 4629 285 4685 sisti
298 4644 412 4701 per
432 4630 703 4684 veniam:
732 4627 839 4682 sed
856 4626 1128 4681 emittens
1142 4640 1393 4681 manum
1414 4630 1579 4681 tuam
1597 4625 1671 4680 de
1700 4642 1834 4697 pro-

164 4716 345 4773 fundo
376 4717 604 4772 inferni
634 4714 953 4771 manifesta
982 4713 1244 4785 potentia
1272 4712 1497 4780 libera;
1530 4715 1635 4786 qui
1672 4714 1833 4769 solus

165 4820 265 4877 pro
290 4805 506 4877 impiis
550 4812 719 4861 tuam
749 4818 975 4875 ponere
1026 4802 1307 4871 dignatus
1352 4817 1413 4857 es
1444 4802 1732 4859 animam.
1766 4813 1829 4871 131.

162 4898 371 4949 Amen.

230 4984 361 5039 Per.

802 5070 873 5124 In
907 5068 1207 5126 laudibus.

224 5162 600 5231 Antiphona.
640 5159 935 5223 Quoniam
966 5157 1339 5229 iniquitatem
1372 5170 1571 5212 meam
1590 5169 1702 5225 ego
1727 5171 1826 5212 co-

158 5264 403 5319 gnosco,
438 5248 697 5305 Domine
732 5263 744 5301 :
792 5246 867 5301 ab
905 5247 1038 5319 ipsa
1077 5245 1307 5301 munda
1335 5261 1455 5301 me.
1511 5244 1824 5315 Deprecor,

155 5340 445 5395 miserere
474 5338 619 5401 mei,
646 5336 942 5391 miserere.
976 5336 1258 5392 Psalmus
1296 5352 1347 5388 L.

228 5428 461 5487 Oratio.
492 5425 979 5501 Agnoscentibus
1000 5424 1173 5481 nobis
1195 5422 1537 5497 iniquitates
1557 5426 1821 5491 nostras,

1828 5574 1851 5603 ν

1950 1714 2162 1770 veniat.
2198 1718 2264 1771 Et
2288 1731 2404 1786 ego
2433 1732 2554 1773 non
2582 1734 2719 1774 sum
2758 1718 3046 1786 turbatus,
3088 1723 3141 1774 te
3168 1725 3470 1790 pastorem
3502 1738 3594 1779 se-

1947 1818 2158 1874 quens.

2020 1893 2086 1945 Et
2122 1890 2282 1946 diem
2310 1892 2567 1948 hominis
2589 1908 2712 1949 non
2728 1892 3079 1960 desideravi,
3112 1899 3176 1950 tu
3208 1896 3343 1950 scis.
3376 1898 3392 1914 '
3424 1898 3596 1962 Quod

1948 1994 2255 2049 egressum
2267 1979 2517 2036 delabiis
2528 1982 2928 2046 meis,rectum
2940 1983 3001 2038 in
3013 1988 3339 2055 conspectu
3354 1988 3454 2041 tuo
3467 1985 3593 2042 fuit.

2018 2069 2145 2122 Non
2176 2067 2254 2122 sis
2294 2069 2435 2124 mihi
2459 2069 2779 2138 formidini,
2803 2072 2825 2095 "
2867 2085 3003 2142 spes
3032 2086 3170 2127 mea
3199 2074 3264 2127 tu
3291 2072 3353 2127 in
3381 2072 3477 2128 die
3514 2074 3598 2130 af-

1946 2153 2224 2211 ﬂictionis
2250 2172 2421 2214 meae.

2018 2242 2471 2301 Confundantur
2481 2261 2690 2303 omnes
2703 2246 2809 2319 qui
2826 2262 2921 2303 me
2933 2252 3456 2321 persequuntur,et
3473 2264 3595 2306 non

1946 2329 2278 2387 confundar
2300 2347 2411 2402 ego
2434 2350 2451 2386 ι
2472 2336 2494 2356 ¹’
2524 2340 2783 2405 paveant
2810 2334 2913 2400 illi,
2947 2340 3003 2391 et
3026 2350 3148 2392 non
3178 2351 3432 2406 paveam
3460 2352 3592 2407 ego.

2020 2419 2200 2474 induc
2214 2436 2392 2491 super
2421 2438 2522 2478 eos
2544 2422 2703 2478 diem
2716 2422 3076 2489 afﬂictionis,
3096 2425 3111 2441 '
3133 2428 3188 2480 et
3216 2423 3443 2494 duplici
3459 2440 3596 2481 con-

1944 2506 2178 2561 tritione
2205 2514 2441 2563 contere
2470 2525 2594 2564 eos.

2018 2593 2237 2649 Oratio.
2275 2595 2727 2653 Confundantur
2758 2612 2969 2653 omnes
3013 2598 3282 2662 Domine,
3337 2600 3441 2670 qui
3469 2616 3600 2671 per-

1946 2686 2279 2753 sequuntur
2307 2682 2369 2737 in
2400 2697 2512 2738 nos
2540 2688 2814 2739 sanctum
2880 2699 3102 2739 nomen
3150 2688 3339 2749 tuum,
3396 2690 3453 2740 et
3474 2702 3597 2742 non

1945 2768 2388 2825 confundamur
2423 2786 2554 2839 nos,
2591 2770 2693 2842 qui
2720 2786 3073 2827 veneramur
3112 2774 3168 2825 et
3190 2770 3507 2837 credimus,
3541 2777 3599 2828 et

1944 2857 2241 2928 passionis
2267 2862 2382 2913 tua;
2411 2857 2712 2928 injuriam,
2761 2864 2818 2914 et
2870 2856 3314 2914 resurrectionis
3354 2864 3469 2914 tuae
3494 2875 3598 2929 po-

1945 2945 2189 3001 tentiam
2227 2962 2239 3000 :
2269 2946 2591 3018 praevaleat
2617 2962 2758 3017 ergo
2787 2947 2973 3002 virtus
2996 2946 3195 3019 glorias
3226 2952 3361 3017 tum,
3381 2963 3516 3019 qua:
3540 2953 3599 3004 et

1943 3039 2370 3105 persequentes
2390 3040 2443 3091 te
2462 3050 2499 3091 a
2525 3035 2813 3105 pravitate
2857 3036 3165 3107 deterreat,
3208 3041 3264 3093 et
3293 3036 3599 3092 credentes

1944 3123 2006 3178 in
2033 3126 2321 3177 aeternum
2349 3121 2454 3178 tibi
2480 3121 2860 3179 lastabundos
2892 3122 3237 3196 conjungat.
3270 3135 3335 3196 Βί.
3383 3128 3597 3183 Amen.

2018 3212 2141 3276 Per,
2166 3215 2274 3266 etc.

2020 3299 2197 3369 260
2224 3300 2322 3354 Ad
2350 3299 2720 3356 Benedictus.
2740 3300 3105 3369 Antiphona.
3136 3302 3257 3367 Ego
3278 3298 3358 3354 ad
3385 3303 3459 3365 te,
3491 3302 3599 3355 Do-

1946 3386 2387 3450 mine,clamavi
2425 3392 2482 3442 et
2502 3401 2681 3442 mane
2712 3387 2903 3441 oratio
2924 3401 3050 3441 mea
3079 3386 3402 3456 prteveniet
3426 3390 3502 3441 te.
3533 3386 3595 3445 ν.

1948 3474 2196 3531 Domine
2247 3468 2407 3531 Deus
2436 3475 2641 3531 salutis
2696 3489 2866 3541 meae,
2909 3473 2999 3530 die
3029 3473 3304 3544 clamavi,
3338 3477 3395 3529 et
3430 3478 3598 3530 nocte

1948 3577 2154 3619 coram
2182 3568 2255 3618 te.

2017 3652 2247 3707 Lauda.
2272 3655 2333 3706 In
2348 3651 2567 3708 sanctis
2592 3652 2719 3722 ejus
2737 3650 2977 3706 laudate
2992 3650 3309 3706 Dominum
3325 3666 3338 3706 :
3354 3649 3416 3705 in
3437 3649 3600 3722 psal-

1945 3739 2111 3804 terio,
2140 3744 2196 3795 et
2222 3739 2447 3795 cithara
2470 3740 2711 3796 laudate
2750 3755 2910 3795 eum.
2939 3740 3224 3797 Psalmus
3255 3754 3340 3795 CL.

2070 3829 2265 3884 Lectio
2290 3828 2433 3884 libri
2458 3829 2747 3884 Samuelis
2778 3828 2995 3899 (Primi
3021 3829 3237 3899 Regum
3260 3842 3391 3897 cap.
3412 3828 3480 3899 1).

2018 3929 2084 3988 ιιι.
2116 3920 2235 3973 Deo
2275 3917 2519 3987 gratias.

2017 4010 2082 4062 In
2107 4005 2220 4061 illis
2249 4004 2464 4061 diebus
2489 4022 2501 4061 ε
2528 4005 2807 4077 Concepit
2834 4010 3027 4073 Anna,
3070 4010 3125 4061 et
3158 4003 3384 4076 peperit
3409 4002 3599 4060 ﬁlium

1943 4096 2294 4165 vocavitque
2317 4109 2536 4150 nomen
2566 4095 2695 4164 ejus
2719 4093 2956 4150 Samuel
2981 4108 3080 4149 :eo
3100 4093 3267 4164 quod
3283 4109 3320 4149 a
3349 4092 3601 4149 Domino

1944 4182 2313 4256 postulasset
2342 4182 2785 4239 eum.Ascendit
2806 4186 3005 4237 autem
3045 4181 3137 4236 vir
3162 4181 3459 4252 Elcana,et
3486 4195 3605 4237 0m-

1945 4273 2038 4328 nis
2069 4272 2289 4327 domus
2327 4271 2475 4342 ejus,
2500 4276 2563 4327 ut
2581 4270 3186 4326 immolaretDomino
3229 4269 3482 4325 hostiam
3513 4284 3604 4325 so-

1944 4361 2226 4425 lemnem,
2260 4364 2316 4415 et
2335 4363 2540 4415 votum
2579 4375 2776 4422 suum,
2831 4364 2886 4414 et
2923 4360 3095 4414 Anna
3129 4373 3252 4414 non
3281 4358 3549 4414 ascendit
3580 4371 3597 4414 :

1945 4449 2091 4505 dixit
2120 4449 2277 4505 enim
2304 4449 2433 4505 viro
2464 4464 2567 4503 suo
2602 4467 2614 4507 :
2653 4450 2779 4504 Non
2842 4446 3188 4516 ascendam,
3222 4447 3412 4502 donec
3439 4446 3602 4502 abla-

1945 4544 2133 4595 ctetur
2160 4538 2379 4609 infans,
2434 4542 2492 4593 et
2520 4538 2741 4593 ducam
2773 4551 2932 4602 eum,
2967 4541 3023 4591 et
3060 4541 3347 4607 appareat
3370 4534 3431 4588 in
3460 4548 3599 4589 con-

1945 4633 2151 4700 spectu
2182 4628 2301 4693 Dei,
2337 4632 2393 4683 et
2422 4630 2664 4683 maneat
2691 4625 2774 4682 ibi
2805 4624 3039 4696 jugiter.
3075 4628 3139 4679 Et
3162 4625 3240 4679 ait
3260 4624 3477 4677 Elcana
3507 4620 3597 4676 vir

1944 4732 2116 4771 suus:
2144 4717 2257 4771 Fac
2284 4716 2449 4787 quod
2475 4714 2580 4769 tibi
2608 4714 2839 4769 bonum
2858 4712 3108 4777 videtur,
3138 4716 3194 4766 et
3212 4724 3390 4765 mane
3407 4708 3600 4765 donec

1944 4804 2207 4860 ablactes
2238 4819 2393 4859 eum.
2425 4802 2633 4859 Mansit
2652 4816 2792 4870 ergo
2810 4800 3104 4863 mulier,et
3131 4796 3393 4853 lactabat
3411 4796 3603 4855 ﬁlium

1944 4892 2342 4957 suum,donec
2359 4895 2663 4948 amoveret
2682 4906 2821 4946 eum
2860 4905 2896 4944 a
2924 4888 3168 4943 lacte.Et
3194 4885 3446 4944 adduxit
3461 4903 3603 4944 eum

1942 4996 2165 5046 secum,
2189 4985 2511 5053 postquam
2543 4978 2963 5039 ablactaverat,
2992 4976 3053 5031 in
3075 4974 3273 5030 vitulis
3304 4975 3517 5044 tribus,
3552 4980 3609 5032 et

1940 5070 2128 5126 tribus
2158 5069 2375 5125 modiis
2400 5067 2628 5133 farinae,
2684 5071 2739 5122 et
2773 5065 3069 5137 amphora
3095 5065 3237 5132 vini,
3268 5071 3324 5121 et
3354 5064 3603 5122 adduxit

1939 5174 2078 5213 eum
2109 5159 2169 5213 in
2200 5158 2450 5213 domum
2477 5155 2709 5211 Domini
2725 5156 2785 5210 in
2814 5154 2949 5211 Silo.
2973 5157 3121 5210 Puer
3142 5159 3341 5211 autem
3372 5151 3596 5207 eratin-

1938 5247 2201 5303 fantulus
2231 5265 2242 5301 :
2276 5251 2332 5302 et
2384 5246 2846 5301 immolaverunt
2870 5244 3146 5307 vitulum,
3174 5250 3230 5298 et
3254 5239 3596 5296 obtulerunt

1935 5350 2194 5408 puerum
2234 5336 2373 5404 Heli,
2428 5339 2719 5407 Annaque
2749 5334 2871 5391 ait:
2906 5333 3161 5388 Obsecro
3204 5328 3289 5383 mi
3320 5326 3599 5407 Domine,

1933 5425 2098 5483 vivat
2110 5425 2315 5485 anima
2328 5430 2566 5498 tua:ego
2584 5440 2719 5483 sum
2732 5422 2835 5481 illa
2856 5420 3227 5494 mulier,quae
3243 5414 3379 5479 steti
3391 5428 3607 5505 coram
