4094 6164
476 234 576 288 451

1751 219 2196 282 BREVIARIUM
2234 216 2604 276 GOTHICUM
2615 260 2626 272 .

3761 214 3865 266 452

478 361 533 414 te
560 355 657 413 hic
686 370 866 413 orans
895 352 1361 411 Dominum.Pro
1393 368 1579 425 puero
1604 354 1715 409 isto
1736 352 1922 414 oravi,
1947 353 2003 405 et
2031 347 2126 403 de-
2163 346 2210 399 A
2312 342 2482 398 Pater
2499 344 2722 396 noster.
2756 343 2802 395 A
2835 339 2996 396 malo
3025 351 3139 394 nos
3169 334 3392 425 libera,
3410 336 3516 389 etc.

479 443 720 500 ditmihi
737 442 1017 500 Dominus
1039 441 1382 513 petitionem
1406 456 1815 512 meam,quam
1829 435 2128 510 postulavi

477 547 635 588 eum.
669 531 891 586 Idcirco
912 529 1292 585 commodavi
1317 544 1454 584 eum
1478 530 1749 597 Domino,
1766 527 1992 583 cunctis
2013 524 2131 579 die-

478 620 592 675 bus
613 619 832 692 quibus
847 617 1021 673 fuerit
1036 617 1466 672 accomodatus
1483 617 1828 672 Domino.Et
1855 611 2131 670 adoravit

478 707 563 763 ibi
587 707 996 763 Dominum.Et
1019 707 1210 761 oravit
1248 711 1435 770 Anna,
1471 710 1524 760 et
1547 706 1626 760 ait
1659 721 1671 758 :
1706 701 2000 759 Exultavit
2031 714 2133 755 cor

480 811 682 850 meum
710 795 771 848 in
803 793 1072 864 Domino,
1101 800 1157 848 et
1209 793 1534 849 exaltatum
1565 798 1654 849 est
1707 808 1809 848 cor
1838 804 2041 846 meum
2070 788 2131 843 in

481 883 601 938 Deo
633 881 876 938 salutari
920 897 1078 937 meo.
1107 881 1272 952 (Cap.
1298 885 1378 954 ir.)
1411 884 1476 937 Et
1506 881 1652 937 abiit
1676 880 1896 937 Elcana
1930 879 1989 933 in
2018 879 2128 932 Ra-

482 970 706 1033 matha,
735 969 943 1026 urbem
971 985 1142 1026 suam
1170 983 1181 1021 :
1213 985 1360 1041 puer
1388 975 1587 1026 autem
1619 967 1860 1025 Samuel
1889 969 2014 1022 erat
2027 963 2130 1019 mi-

480 1059 664 1116 nister
690 1058 750 1112 in
785 1064 1109 1128 conspectu
1127 1058 1361 1114 Domini
1385 1063 1518 1114 ante
1547 1058 1764 1114 faciem
1795 1055 1915 1112 Heli
1943 1067 2134 1109 sacer-

481 1145 659 1202 dotis.
692 1148 871 1202 Porro
895 1145 999 1200 ﬁlii
1029 1145 1171 1213 Heli,
1200 1145 1306 1200 ﬁlii
1339 1147 1534 1216 Belial,
1568 1147 1895 1203 nescientes
1934 1141 2132 1198 Domi-

481 1248 853 1305 num,neque
877 1232 1148 1289 ofﬁcium
1180 1233 1561 1290 sacerdotum
1588 1234 1666 1290 ad
1690 1231 2009 1305 populum:
2029 1227 2136 1284 sed

485 1320 846 1393 quicumque
877 1320 1251 1378 immolasset
1263 1321 1868 1388 victimam,veniebat
1884 1333 2032 1390 puer
2047 1333 2137 1374 sa-

484 1409 757 1475 cerdotis,
800 1409 948 1465 dum
989 1414 1385 1481 coquerentur
1414 1426 1642 1476 carnes,
1675 1413 1730 1466 et
1757 1407 2022 1464 habebat
2051 1405 2138 1461 fu-

485 1497 777 1553 scinulam
816 1497 1128 1554 tridentem
1155 1497 1215 1554 in
1237 1513 1423 1554 manu
1461 1515 1588 1566 sua,
1628 1501 1684 1554 et
1711 1495 1981 1552 mittebat
2002 1507 2138 1549 eam

484 1585 546 1642 in
574 1584 850 1651 lebetem,
908 1585 999 1640 vel
1034 1585 1096 1640 in
1127 1585 1474 1649 caldariam,
1511 1589 1614 1641 aut
1671 1585 1731 1640 in
1779 1583 1980 1646 ollam,
2014 1581 2138 1636 sive

2310 429 2522 486 Lauda.
2555 430 2817 484 Lucerna
2845 426 3101 499 pedibus
3127 422 3246 479 mei
3276 421 3528 478 verbum
3559 425 3751 486 tuum,
3778 424 3891 480 Do-

2241 520 2421 576 mine.
2462 517 2522 575 ἢν.
2558 517 2623 573 Et
2652 517 2855 572 lumen
2905 514 3128 571 semitis
3160 513 3332 577 meis,
3392 514 3547 566 Deus
3598 526 3799 567 meus.
3830 515 3888 568 P.

2238 606 2464 671 Juravi,
2499 609 2554 661 et
2583 605 2758 660 statui
2794 604 3090 660 custodire
3111 601 3337 673 judicia
3357 599 3611 670 justitiae
3642 605 3781 654 tuae.

2313 695 2530 750 Oratio.
2565 696 2787 748 Lumen
2819 697 3009 760 tuum,
3040 689 3311 754 Domine,
3342 688 3490 758 legis
3545 693 3662 744 tua;
3711 688 3893 743 nobis

2239 782 2559 854 agitatione
2580 780 2826 836 ostende
2852 799 2866 838 :
2895 785 2958 836 ut
2987 795 3024 835 a
3047 778 3292 834 lubricis
3308 776 3544 833 casibus
3577 781 3680 831 tuo
3709 775 3895 846 juva-

2240 873 2399 928 mine
2454 869 2788 938 erigamur;
2843 872 2909 924 ut
2947 868 3172 925 alacres
3198 866 3260 922 in
3305 870 3407 921 tuo
3442 865 3612 935 261
3665 863 3898 920 lumine

2241 961 2319 1017 ad
2338 959 2632 1016 destinata
2657 956 3001 1014 aeternitatis
3032 961 3148 1014 tuae
3180 954 3404 1028 gaudia
3427 953 3807 1011 festinemus.
3833 964 3893 1023 ﬁ.

2240 1051 2449 1104 Amen.

2315 1139 2437 1194 Per.

2857 1224 2952 1281 Ad
3004 1221 3284 1278 Tertiam.

2430 1316 2881 1376 Proverbiorum
2912 1311 3240 1371 Salomonis
3261 1307 3439 1379 (Cap.
3463 1307 3702 1376 xxviii.)

2316 1416 2379 1476 Βι.
2413 1407 2532 1462 Deo
2554 1406 2793 1476 gratias.

2321 1493 2558 1566 Fili,qui
2587 1494 2692 1550 dat
2719 1489 2988 1564 pauperi,
3012 1503 3136 1544 non
3162 1485 3490 1556 indigebit:
3513 1484 3615 1557 qui
3646 1484 3908 1558 despicit

2248 1578 3006 1654 deprecantem,sustinebit
3023 1575 3510 1649 penuriam.Cum
3535 1574 3910 1629 surrexerint

486 1672 782 1728 cacabum
805 1695 819 1727 :
845 1675 903 1728 et
923 1687 1102 1728 omne
1121 1673 1285 1744 quod
1310 1672 1548 1728 levabat
1571 1671 1881 1740 fuscinula,
1901 1667 2140 1724 tollebat
2167 1686 2215 1742 Β
2250 1670 2436 1742 impii,
2471 1667 2914 1726 abscondantur
2942 1665 3217 1721 homines
3246 1681 3259 1718 :
3288 1677 3428 1718 cum
3466 1661 3546 1716 illi
3591 1661 3906 1732 perierint,

487 1758 768 1814 sacerdos
786 1757 896 1822 sibi
923 1776 938 1812 :
973 1760 1055 1814 sic
1087 1775 1330 1831 quoque
1359 1759 1614 1816 faciebat
1642 1759 1923 1814 universo
1943 1755 2140 1812 Israeli

486 1846 851 1902 venientium
879 1847 940 1902 in
974 1847 1310 1904 Silo.Etiam
1323 1853 1646 1920 antequam
1675 1846 1984 1903 adolerent
2012 1842 2137 1900 adi-

485 1949 646 2005 pem,
699 1934 976 1991 veniebat
1005 1950 1154 2006 puer
1201 1935 1542 2006 sacerdotis,
1578 1940 1635 1991 et
1665 1933 1901 1989 dicebat
1930 1933 2142 1987 immo-

487 2021 631 2078 lauti
661 2039 672 2076 :
698 2024 783 2078 Da
803 2023 947 2078 mihi
976 2038 1218 2079 carnem
1245 2028 1342 2090 ;ut
1370 2039 1628 2096 coquam
1661 2022 1957 2078 sacerdoti
1987 2035 2140 2076 :non

491 2111 650 2166 enim
680 2110 968 2180 accipiam
998 2127 1035 2167 a
1081 2115 1136 2167 te
1167 2128 1408 2168 carnem
1433 2117 1688 2176 coctam,
1737 2110 1841 2166 sed
1868 2109 2137 2166 crudam.

491 2196 733 2254 Dicebat
780 2213 1022 2269 quoque
1057 2199 1379 2255 immolans
1409 2217 1420 2254 :
1451 2199 1825 2254 Accendatur
1876 2197 2143 2270 primum

492 2287 658 2356 juxta
684 2303 914 2344 morem
935 2289 1140 2361 adeps,
1166 2294 1222 2344 et
1250 2289 1384 2345 tolle
1407 2289 1508 2344 tibi
1529 2293 1825 2360 quantum
1847 2287 2146 2343 desiderat

497 2376 700 2432 anima
729 2376 965 2440 tua.Qui
987 2377 1360 2448 respondens
1383 2376 1580 2433 aiebat
1601 2378 1652 2432 ei
1675 2396 1689 2433 :
1712 2380 2136 2448 Nequaquam:

495 2463 580 2519 sic
599 2465 760 2520 enim
790 2464 988 2536 dabis,
1011 2465 1274 2536 alioquin
1297 2465 1499 2521 tollam
1530 2466 1607 2523 vi.
1631 2468 1765 2520 Erat
1786 2470 1983 2520 autem
2013 2478 2145 2535 pec-

495 2556 696 2608 catum
712 2569 1038 2625 puerorum
1058 2553 1284 2622 grande
1295 2554 1473 2608 nimis
1489 2569 1693 2609 coram
1713 2553 1984 2608 Domino:
2004 2551 2148 2623 quia

493 2640 876 2696 retrahebant
929 2640 1204 2696 homines
1229 2657 1265 2696 a
1294 2641 1586 2697 sacriﬁcio
1614 2641 1868 2696 Domini.
1909 2638 2148 2696 Samuel

495 2732 695 2782 autem
729 2727 1104 2784 ministrabat
1127 2729 1187 2784 in
1221 2735 1547 2800 conspectu
1577 2729 1835 2798 Domini,
1861 2743 2010 2800 puer
2036 2743 2146 2784 au-

493 2819 612 2868 tem
638 2814 940 2870 accinctus
970 2816 1358 2888 ephodlineo.
1397 2820 1464 2873 Et
1495 2817 1758 2873 tunicam
1779 2830 2037 2889 parvam
2059 2817 2146 2872 fa-

493 2900 692 2958 ciebat
719 2903 772 2958 ei
794 2907 983 2960 mater
1009 2920 1136 2969 sua,
1170 2922 1354 2977 quam
1383 2905 1674 2961 offerebat
1694 2906 1746 2960 ei
1769 2906 1998 2961 statutis
2030 2904 2150 2959 die-

2251 1755 2800 1827 multiplicabuntur
2819 1752 2980 1824 justi.
3011 1751 3182 1822 (Cap.
3212 1749 3398 1818 xxix).
3424 1747 3690 1819 Viro,qui
3715 1749 3909 1804 corri-

2249 1846 2507 1917 pientem
2536 1843 2689 1898 dura
2709 1841 2934 1897 cervice
2965 1837 3306 1905 contemnit,
3349 1835 3693 1907 repentinas
3726 1852 3910 1908 super

2249 1948 2388 1988 eum
2415 1931 2609 1987 veniet
2627 1931 2894 1986 interitus
2923 1944 2935 1981 :
2969 1932 3027 1982 et
3045 1942 3185 1982 eum
3199 1924 3426 1981 sanitas
3448 1938 3573 1980 non
3601 1930 3907 1994 sequetur.

2249 2024 2313 2075 1n
2349 2019 2841 2091 multiplicatione
2855 2017 3158 2088 justorum
3174 2013 3468 2069 laetabitur
3484 2011 3738 2082 vulgus:
3770 2028 3912 2068 cum

2249 2109 2416 2180 impii
2447 2107 2811 2180 sumpserint
2839 2105 3258 2176 principatum,
3283 2101 3465 2173 gemit
3482 2103 3774 2172 populus.
3793 2101 3910 2166 Vir,

2251 2197 2348 2268 qui
2377 2201 2541 2252 amat
2567 2194 2942 2267 sapientiam,
2989 2191 3249 2247 laetiﬁcat
3274 2193 3506 2262 patrem
3550 2204 3734 2244 suum
3755 2207 3772 2242 :
3809 2189 3915 2260 qui

2252 2288 2440 2339 autem
2454 2277 3689 2351 nutritscortum,perdetsubstantiam.Hex
3707 2276 3915 2345 justus

2253 2372 2421 2441 erigit
2450 2376 2686 2441 terram,
2711 2371 2797 2425 vir
2830 2383 3046 2424 avarus
3073 2365 3320 2421 destruit
3339 2381 3492 2421 eam.
3529 2367 3722 2420 Homo
3747 2363 3912 2420 blan-

2252 2460 2496 2532 dus,qui
2514 2457 2892 2514 sermonibus
2908 2455 3170 2527 loquitur
3183 2453 3379 2510 amico
3393 2469 3524 2523 suo,
3540 2457 3666 2508 rete
3686 2468 3916 2524 expan-

2255 2547 2651 2619 ditjgressibus
2664 2546 2712 2616 ej
2725 2561 2792 2600 us
2805 2588 2818 2600 .
2832 2548 3168 2600 Peccantem
3183 2542 3362 2597 virum
3381 2541 3644 2612 iniquum
3666 2540 3919 2596 involvit

2253 2636 2508 2708 laqueus
2523 2653 2539 2690 :
2557 2641 2612 2691 et
2619 2635 2813 2705 justus
2829 2631 3304 2702 laudabit,atque
3317 2628 3916 2700 gaudebit.R.Amen.

2389 2725 2586 2780 Lectio
2627 2723 2768 2779 libri
2800 2722 3093 2779 Samuelis
3122 2720 3332 2791 (Primi
3361 2719 3497 2789 Reg.
3541 2733 3679 2789 cap.
3701 2723 3785 2790 ιι).

2327 2824 2390 2883 Βι.
2426 2814 2544 2868 Deo
2575 2811 2815 2882 gratias.

2329 2904 2391 2956 In
2416 2899 2528 2955 illis
2549 2898 2761 2954 diebus
2795 2915 2808 2952 :
2842 2896 3010 2952 Venit
3035 2896 3124 2952 vir
3151 2895 3251 2952 Dei
3293 2895 3372 2951 ad
3403 2895 3544 2964 Heli,
3596 2897 3655 2951 et
3693 2895 3780 2950 ait
3849 2895 3922 2950 ad

493 2988 969 3058 bus,ascendens
983 2992 1261 3047 cumviro
1276 2993 1867 3056 suo,utimmolarent
1886 2993 2147 3048 hostiam
2177 3028 2220 3085 Ο
2258 3006 2395 3047 eum
2422 3006 2435 3044 :
2458 2992 2588 3043 Haec
2617 2983 3396 3056 dicitDominuszNumquid
3443 2999 3563 3039 non
3600 2989 3814 3055 aperte
3835 2999 3919 3039 re-

495 3076 845 3133 solemnem.
900 3082 967 3136 Et
987 3080 1288 3136 benedixit
1332 3081 1452 3138 Heli
1474 3081 1704 3137 Elcanae
1736 3087 1792 3138 et
1815 3082 1986 3137 uxori
2016 3083 2146 3152 ejus

491 3165 677 3220 Annae
706 3184 719 3224 :
747 3165 1048 3239 dixitque:
1101 3168 1331 3225 Reddat
1379 3169 1483 3224 tibi
1514 3171 1801 3225 Dominus
1841 3186 2044 3225 semen
2072 3171 2147 3226 de

493 3253 742 3309 muliere
762 3255 1012 3327 hac,pro
1033 3255 1257 3312 faenore
1279 3257 1445 3328 quod
1459 3258 1855 3314 commodasti
1873 3259 2142 3323 Domino.

492 3343 558 3397 Et
586 3340 862 3399 abierunt
887 3343 944 3399 in
968 3343 1170 3400 locum
1201 3345 1670 3402 suum.Visitavit
1694 3361 1835 3415 ergo
1859 3347 2147 3402 Dominus

492 3436 749 3496 Annam,
804 3437 860 3488 et
885 3433 1174 3504 concepit,
1208 3437 1264 3489 et
1326 3433 1554 3505 peperit
1582 3439 1700 3489 tres
1730 3433 1968 3499 ﬁlios,et
1996 3435 2149 3492 duas

493 3515 671 3572 ﬁlias:
688 3523 746 3574 et
774 3521 1196 3590 magniﬁcatus
1211 3526 1295 3578 est
1319 3537 1468 3593 puer
1485 3522 1721 3578 Samuel
1746 3523 1910 3594 apud
1936 3522 2148 3579 Deum.

496 3605 620 3660 Heli
653 3611 853 3664 autem
876 3616 1001 3668 erat
1021 3626 1206 3666 senex
1237 3611 1428 3682 valde,
1456 3616 1512 3667 et
1531 3611 1759 3668 audivit
1787 3613 1991 3668 omnia
2011 3628 2148 3684 quas

495 3689 794 3751 faciebant
822 3696 921 3752 filii
953 3699 1044 3754 sui
1066 3700 1345 3755 universo
1368 3699 1591 3756 lsraeli:
1615 3705 1670 3756 et
1684 3699 1993 3772 quomodo
2010 3700 2148 3757 dor-

495 3780 765 3838 miebant
778 3799 916 3840 cum
929 3786 1268 3841 mulieribus
1282 3803 1416 3858 quae
1431 3787 1923 3845 observabantad
1940 3789 2150 3846 ostium

494 3868 887 3928 tabernaculi:
913 3877 968 3929 et
996 3873 1140 3928 dixit
1158 3874 1280 3930 eis:
1315 3877 1507 3941 Quare
1530 3877 1727 3933 facitis
1761 3893 1855 3933 res
1881 3878 2148 3948 hujusce-

493 3957 678 4023 modi,
709 3975 860 4031 quas
889 3976 1000 4032 ego
1025 3961 1225 4029 audio,
1258 3977 1351 4018 res
1405 3966 1715 4035 pessimas,
1752 3966 1829 4022 ab
1877 3968 2042 4023 omni
2073 3971 2148 4022 ls-

493 4049 836 4109 rael?Nolite
860 4048 961 4104 ﬁlii
976 4050 1055 4105 mi
1083 4068 1099 4104 :
1123 4065 1244 4106 non
1270 4051 1430 4107 enim
1453 4058 1540 4108 est
1565 4053 1726 4110 bona
1751 4053 1940 4120 fama,
1962 4071 2146 4128 quam

496 4157 608 4212 ego
629 4138 828 4207 audio,
846 4142 911 4194 ut
939 4139 1279 4210 transgredi
1306 4139 1538 4196 faciatis
1570 4142 1864 4214 populum
1889 4145 2145 4216 Domini,

499 4229 558 4287 Si
582 4228 910 4301 peccaverit
937 4227 1027 4283 vir
1076 4227 1138 4283 in
1173 4227 1388 4292 virum,
1421 4229 1658 4300 placare
1685 4231 1769 4286 eis
1803 4233 2016 4303 poterit
2039 4234 2149 4289 Do-

497 4317 701 4374 minus
731 4334 744 4372 :
773 4316 820 4371 si
848 4320 1048 4372 autem
1073 4315 1135 4372 in
1161 4316 1481 4372 Dominum
1512 4320 2150 4393 peccaverit,quisora—

497 4405 584 4462 bit
603 4421 712 4478 pro
733 4406 901 4462 eo?Et
927 4419 1049 4462 non
1071 4405 1388 4462 audierunt
1407 4421 1614 4462 vocem
1637 4407 1821 4480 patris
1843 4411 1933 4464 sui
1958 4427 1970 4464 :
2005 4411 2148 4482 quia

498 4495 682 4551 voluit
712 4493 999 4550 Dominus
1047 4493 1313 4549 occidere
1353 4509 1474 4550 eos.
1510 4495 1662 4551 Puer
1687 4501 1885 4552 autem
1911 4499 2148 4554 Samuel

497 4581 866 4656 proﬁciebat,
889 4585 1068 4654 atque
1099 4582 1424 4651 crescebat,
1455 4586 1512 4639 et
1556 4584 1835 4656 placebat
1872 4590 1995 4642 tam
2027 4589 2145 4643 Deo

500 4687 685 4745 quam
700 4670 1069 4728 hominibus.
1094 4683 1159 4742 1}.
1191 4677 1398 4728 Amen.

571 4761 863 4832 Hymnus.
900 4760 1097 4817 Noctis
1128 4767 1363 4833 tempus
1383 4761 1514 4832 jam
1542 4762 1823 4834 praeterit.
1862 4763 1973 4833 fol.
2006 4765 2136 4821 257.

577 4848 882 4919 Capitula.
902 4849 1110 4905 Libera
1139 4864 1250 4904 nos
1285 4849 1532 4906 Domine
1557 4851 2148 4923 alabiisiniquis,eta

504 4934 712 5006 lingua
727 4937 1132 5010 magniloqua,
1166 4938 1345 5010 quiin
1377 4939 1574 4994 Crucis
1595 4955 1899 5011 appensus
1921 4946 2005 4995 est
2037 4945 2150 4997 sta-

500 5029 668 5080 tera:
703 5029 759 5080 et
786 5031 1023 5095 praesta,
1062 5033 1125 5081 ut
1164 5042 1272 5082 nec
1311 5028 1640 5084 accusatori
1673 5028 1995 5084 accusandi
2021 5029 2149 5085 adi-

500 5117 597 5170 tus
633 5117 853 5186 pateat,
883 5129 992 5170 nec
1023 5115 1191 5186 plebs
1220 5120 1319 5170 tua
1345 5117 1474 5185 ejus
1503 5117 1792 5189 decipulis
1823 5119 2145 5190 aquiescat,

500 5218 611 5259 nec
647 5203 800 5259 iram
829 5207 998 5260 tuam
1029 5203 1330 5274 suggestio
1359 5204 1540 5260 fallax
1573 5214 1969 5265 commoveat.
2036 5208 2150 5265 Sed

500 5298 566 5352 tu
591 5293 836 5351 Domine
863 5293 1068 5366 ipsum
1098 5293 1349 5349 humani
1379 5295 1610 5362 generis
1653 5296 1936 5354 callidum
2003 5298 2150 5355 insi-

499 5382 793 5442 diatorem
823 5382 1050 5441 framea
1092 5382 1296 5438 divina
1322 5382 1602 5442 concide:
1637 5389 1694 5442 et
1742 5401 1852 5458 pro
1898 5387 2149 5444 miseriis

505 5488 844 5548 pauperum
868 5472 1091 5548 inclyta
1111 5471 1375 5530 bonitate
1406 5485 1648 5544 exurge.

2256 3079 2482 3135 velatus
2511 3093 2645 3132 sum
2665 3075 2871 3132 domui
2901 3074 3082 3146 patris
3107 3074 3366 3143 tui,cum
3392 3077 3546 3128 esset
3573 3072 3636 3128 in
3658 3074 3920 3144 ngypto

2256 3168 2318 3222 in
2333 3166 2516 3222 domo
2537 3163 2866 3221 Pharaonis
2884 3167 2911 3218 ?
2929 3167 2994 3219 Et
3013 3163 3159 3232 elegi
3179 3177 3317 3218 eum
3330 3177 3398 3218 ex
3414 3160 3704 3217 omnibus
3727 3162 3920 3216 tribu-

2255 3255 2371 3312 bus
2403 3253 2586 3310 Israel
2602 3253 2747 3309 mihi
2769 3253 2828 3307 in
2855 3251 3318 3321 sacerdotem,ut
3344 3249 3698 3305 ascenderet
3723 3249 3804 3305 ad
3837 3248 3921 3304 al-

2256 3349 2378 3400 tare
2418 3357 2644 3412 meum,
2677 3345 2731 3397 et
2755 3341 3022 3397 adoleret
3045 3340 3189 3394 mihi
3220 3340 3617 3403 incensum,et
3649 3342 3923 3410 portaret

2255 3431 2453 3504 ephod
2470 3446 2673 3486 coram
2696 3446 2792 3485 me
2808 3447 2820 3484 :
2844 3434 2900 3485 et
2917 3429 3057 3484 dedi
3077 3428 3284 3484 domui
3305 3428 3489 3500 patris
3502 3427 3587 3483 tui
3616 3427 3830 3482 omnia
3846 3426 3920 3482 de

2256 3519 2558 3576 sacriﬁciis
2571 3518 2821 3574 ﬁliorum
2840 3517 3014 3573 Israel
3025 3519 3236 3582 .Quare
3249 3515 3408 3572 calce
3426 3514 3733 3586 abjecistis
3754 3515 3917 3570 victi-

2256 3623 2422 3664 mam
2450 3623 2660 3674 meam,
2689 3611 2744 3662 et
2767 3621 3018 3662 munera
3054 3621 3191 3662 mea
3211 3621 3348 3677 quae
3370 3604 3628 3676 praecepi
3657 3608 3726 3660 ut
3745 3604 3919 3659 offer-

2255 3702 2459 3754 rentur
2488 3697 2547 3752 in
2578 3695 2803 3768 templo
2828 3711 2841 3749 :
2872 3701 2929 3750 et
2958 3695 3152 3765 magis
3209 3693 3515 3750 honorasti
3562 3693 3722 3748 ﬁlios
3776 3698 3913 3750 tuos

2255 3801 2442 3857 quam
2475 3790 2658 3855 me,ut
2689 3784 3079 3840 comederetis
3100 3781 3604 3855 primitiasomnis
3637 3783 3915 3839 sacriﬁcii

2255 3873 2462 3946 populi
2486 3874 2653 3929 mei?
2682 3875 2997 3944 Propterea
3028 3873 3108 3928 ait
3162 3871 3450 3927 Dominus
3499 3873 3655 3926 Deus
3699 3871 3910 3927 Israel:

2259 3964 2532 4034 Loquens
2555 3961 2782 4018 locutus
2805 3961 3262 4030 sum,utdomus
3286 3964 3469 4031 tua,et
3489 3958 3715 4016 domus
3733 3961 3912 4030 patris

2256 4051 2359 4117 tui,
2385 4051 2746 4106 ministraret
2783 4065 2844 4105 in
2897 4056 3222 4121 conspectu
3251 4064 3410 4116 meo,
3444 4064 3640 4120 usque
3691 4049 3912 4121 sempi-

2257 4144 2512 4196 ternum.
2570 4144 2734 4196 Nunc
2762 4144 2963 4196 autem
3002 4139 3143 4196 dicit
3168 4139 3494 4196 Dominus:
3527 4138 3700 4194 Absit
3726 4139 3842 4196 hoc
3879 4156 3912 4195 a

2255 4245 2352 4286 me
2377 4246 2388 4284 :
2419 4229 2900 4301 sedquicumque
2916 4229 3530 4296 honoriﬁcaveritme,
3561 4227 3911 4297 gloriﬁcabo

2255 4334 2393 4374 eum
2417 4333 2428 4372 :
2455 4317 2560 4390 qui
2592 4320 2793 4373 autem
2819 4322 3211 4374 contemnunt
3251 4333 3368 4381 me,
3392 4320 3564 4372 erunt
3591 4317 3908 4387 ignobiles.

2255 4409 2399 4462 Ecce
2416 4406 2542 4462 dies
2566 4406 2830 4474 veniunt,
2857 4411 2914 4463 et
2946 4407 3273 4479 praecidam
3293 4405 3609 4462 brachium
3633 4411 3831 4472 tuum,
3863 4412 3913 4462 et

2254 4495 2558 4551 brachium
2581 4495 2789 4551 domus
2804 4497 2988 4567 patris
3006 4496 3178 4561 tui,ut
3199 4511 3317 4551 non
3337 4495 3442 4550 erit
3458 4510 3640 4550 senex
3657 4495 3723 4550 in
3741 4495 3910 4552 domo

2255 4588 2377 4641 tua.
2401 4586 2463 4640 Et
2483 4583 2706 4640 videbis
2745 4585 3030 4640 aemulum
3058 4590 3230 4640 tuum
3257 4584 3315 4639 in
3339 4583 3654 4655 templo,in
3683 4585 3912 4641 univer-

2255 4673 2333 4728 sis
2364 4673 2664 4744 prosperis
2698 4674 2907 4742 Israel;
2931 4678 2988 4730 et
3016 4689 3139 4730 non
3161 4672 3269 4728 erit
3296 4688 3478 4728 senex
3502 4672 3566 4728 in
3597 4672 3784 4729 domo
3818 4680 3912 4730 tua

2255 4761 2537 4818 omnibus
2567 4761 2798 4817 diebus.
2842 4765 3259 4817 Verumtamen
3289 4777 3411 4817 non
3442 4760 3718 4817 auferam
3768 4778 3838 4818 ex
3863 4767 3910 4817 te

2256 4850 2493 4922 penitus
2548 4849 2742 4906 virum
2787 4850 2865 4907 ab
2905 4850 3077 4906 altari
3135 4867 3273 4906 meo
3317 4849 3468 4907 :sed
3516 4854 3580 4906 ul
3637 4850 3912 4906 deﬁciant

2257 4938 2411 4995 oculi
2440 4939 2606 5006 tui,ct
2629 4940 2898 4996 tabescat
2919 4940 3238 4996 animatua
3269 4960 3279 4998 :
3305 4946 3358 4993 et
3385 4954 3525 5010 pars
3556 4954 3790 5008 magna
3815 4940 3911 4996 do—

2258 5048 2392 5087 mus
2415 5037 2528 5087 tua;
2548 5033 2993 5099 morietur,cum
3013 5032 3090 5087 ad
3116 5031 3345 5087 virllem
3363 5036 3600 5088 {etatem
3615 5032 3908 5087 venerint.

2258 5123 2376 5176 Hoc
2406 5127 2604 5177 autem
2635 5122 2743 5177 erit
2763 5121 2866 5177 tibi
2892 5122 3152 5192 signum,
3203 5121 3367 5193 quod
3406 5125 3730 5176 venturum
3778 5126 3867 5177 est
3897 5138 3907 5175 :

2257 5209 2379 5265 duo
2409 5209 2512 5264 ﬁlii
2536 5210 2836 5282 tui,0phni
2861 5215 2917 5266 et
2944 5210 3194 5265 Phinees
3223 5210 3283 5265 in
3315 5209 3409 5265 die
3432 5224 3553 5264 una
3579 5210 3910 5265 morientur

2258 5298 2461 5354 ambo.
2482 5301 2548 5354 Et
2578 5299 2877 5357 suscitabo
2922 5299 3068 5356 mihi
3099 5298 3467 5356 sacerdotem
3508 5297 3778 5366 ﬁdelem,
3811 5296 3907 5370 qui

2253 5387 2424 5458 juxta
2453 5402 2554 5443 cor
2578 5404 2780 5445 meum
2813 5393 2869 5445 et
2892 5389 3161 5446 animam
3193 5403 3392 5444 meam
3421 5386 3632 5442 faciet:
3659 5385 3904 5442 etmdiﬁ-

2259 5473 2410 5533 cabo
2434 5474 2517 5532 illi
2535 5475 2777 5535 domum
2791 5476 3103 5552 ﬁdelem,et
3122 5475 3444 5536 ambulabit
3459 5489 3656 5534 coram
3677 5475 3900 5533 Christo
