4094 6164
142 199 243 254 453

1318 198 1657 255 DOMINICA
1699 197 1769 253 IV
1810 189 2424 264 QUADRAGESIM/E.

3458 215 3563 268 454

138 338 276 379 meo
302 320 1083 378 cunctisdiebus.Futurum
1114 328 1201 379 est
1217 329 1436 393 autem,
1457 323 1806 394 utquicum-
1833 322 1879 376 A
1918 322 2308 381 concinamus
2367 329 2687 399 praeconia,
2721 335 2785 388 ut
2820 335 3268 391 resurrectionis
3300 336 3571 394 conlaete-

138 427 252 483 que
284 410 649 465 remanserit
682 409 740 463 in
767 410 951 465 domo
984 415 1103 475 tua,
1138 414 1333 468 veniet
1378 416 1438 466 ut
1466 419 1663 467 oretur
1697 426 1805 481 pro

138 517 225 565 eo,
246 504 303 553 et
329 498 544 553 offerat
569 513 893 552 nummum
918 505 1284 569 argenteum,
1302 505 1581 556 ettortam
1606 498 1801 571 panis,

137 586 422 658 dicatque
455 607 466 640 :
494 584 733 641 Dimitte
753 602 847 640 me
874 586 1126 643 obsecro
1146 588 1218 643 ad
1246 592 1673 659 unampartem
1705 603 1805 643 sa-

136 674 526 737 cerdotalem,
549 678 611 729 ut
634 673 954 730 comedam
972 675 1271 732 bucellam
1291 678 1476 747 panis.
1516 678 1680 748 (Cap.
1698 678 1806 747 ιιι.)

135 766 291 819 Puer
304 770 505 819 autem
521 762 762 818 Samuel
777 763 1157 820 ministrabat
1170 782 1372 821 coram
1389 766 1587 829 IIeli,et
1621 780 1806 819 sermo

141 852 387 909 Domini
406 851 836 923 eratpretiosus
864 852 951 917 ;iu
986 852 1197 908 diebus
1219 854 1331 908 illis
1358 869 1479 909 non
1507 858 1630 909 erat
1658 853 1807 907 visio

135 942 502 996 manifesta.
538 943 780 995 Factum
810 944 897 994 est
926 945 1118 995 autem
1149 942 1209 997 in
1228 942 1324 997 die
1373 942 1659 1014 quadam,
1687 940 1807 996 Heli

134 1028 395 1099 jacebat
421 1028 478 1081 in
503 1026 636 1082 loco
659 1042 790 1092 suo,
824 1030 881 1082 et
909 1028 1060 1083 oculi
1086 1029 1214 1098 ejus
1244 1030 1668 1099 caligaverant,
1700 1044 1807 1083 nec

131 1121 375 1189 poterat
404 1116 600 1170 videre
632 1114 941 1171 lucernam
957 1117 1055 1171 Dei
1083 1122 1411 1190 antequam
1439 1118 1808 1187 extinguere-

134 1210 245 1263 tur.
275 1202 745 1259 Samuelautem
758 1202 1172 1259 dormiebatin
1195 1206 1420 1277 templo
1444 1204 1809 1271 Domini,ubi

130 1300 249 1348 erat
282 1306 435 1346 arca
462 1290 589 1347 Dei.
619 1290 687 1345 Et
712 1291 949 1346 vocavit
979 1292 1268 1348 Dominus
1304 1294 1561 1350 Samuel.
1589 1293 1699 1359 Qui
1721 1309 1808 1349 re-

137 1380 376 1452 spondit
413 1382 595 1434 :Ecce
616 1381 1195 1448 ego.Etcucurritad
1211 1382 1347 1448 Heli,
1393 1388 1449 1438 et
1469 1369 1806 1439 dixit:Ecce

130 1483 474 1541 ego,quem
492 1468 722 1523 vocasti
740 1484 853 1523 me.
876 1469 1143 1533 Quidixit
1174 1473 1328 1525 :Non
1346 1472 1561 1528 vocavi
1601 1476 1653 1527 te
1679 1472 1759 1527 ﬂli
1790 1491 1802 1525 :

136 1561 539 1619 revertere,et
559 1556 773 1612 dormi.
810 1559 873 1611 Et
900 1557 1066 1619 abiit,
1100 1562 1155 1613 et
1181 1557 1474 1615 dormivit.
1504 1562 1569 1615 Et
1591 1559 1809 1631 adjecit

1917 428 2044 467 mur
2067 413 2399 486 impensius
2425 417 2612 488 gloria
2643 424 2776 490 post
2808 420 3023 478 futura.
3066 435 3130 494 1p,
3156 430 3353 482 Amen.

1990 503 2119 557 Per.

1987 591 2339 661 Antiphona
2371 599 2429 651 2.
2472 596 2890 670 Caligavitprte
2920 600 3316 657 amaritudine
3363 605 3570 660 oculus

1916 693 2088 733 meus
2120 697 2131 734 :
2162 679 2649 740 inveteraviinter
2662 701 2870 741 omnes
2887 687 3160 743 inimicos
3180 704 3363 746 meos.
3383 692 3569 748 Disce-

1918 765 2041 821 dite
2066 783 2101 822 a
2132 785 2225 824 me
2252 785 2462 825 omnes
2485 773 2587 843 qui
2619 774 2950 845 operamini
2981 775 3353 847 iniquitatem
3386 796 3399 831 :
3428 780 3571 849 quia

1918 855 2209 911 exaudivit
2224 859 2510 913 Dominus
2527 876 2735 916 vocem
2752 879 2969 918 meam.
2990 862 3052 923 IV.
3073 864 3356 921 Laboravi
3383 865 3443 921 in
3472 881 3569 935 ge-

1918 943 2065 998 mitu
2087 960 2241 1013 meo,
2260 945 2477 1003 lavabo
2490 963 2595 1019 per
2616 950 2884 1021 singulas
2906 956 3109 1007 noctes
3128 953 3349 1009 lectum
3370 970 3572 1011 meum

1919 1030 2242 1103 laclirymis
2264 1039 2516 1091 stratum
2539 1053 2743 1093 meum
2773 1039 3003 1108 rigabo.

1994 1122 2217 1178 Oratio.
2256 1122 2552 1181 DeiPatris
2590 1126 2898 1197 Unigenite
2930 1127 3052 1184 Filii
3100 1128 3347 1194 Christe,
3394 1130 3569 1201 cujus

1917 1207 2245 1266 divinitatis
2274 1213 2481 1268 oculos
2499 1214 2581 1268 sic
2598 1215 2898 1286 passionis
2915 1216 3132 1286 injuria
3144 1232 3266 1272 non
3280 1216 3574 1287 turbat,ut

1917 1299 2119 1352 tamen
2138 1298 2418 1369 passione
2440 1300 2572 1372 ipsa
2590 1301 2650 1356 in
2666 1302 2792 1358 solo
2805 1303 3047 1361 homine
3062 1308 3390 1377 assumpta,
3420 1305 3572 1360 exci-

1916 1385 2038 1456 piat
2055 1401 2164 1441 nos
2182 1386 2440 1443 famulos
2454 1392 2589 1444 tuos
2614 1409 2627 1457 ;
2659 1390 2719 1445 in
2738 1406 2997 1461 quorum
3008 1392 3105 1447 via
3119 1392 3529 1448 amaritudinis
3554 1411 3567 1462 ;

1918 1476 1975 1527 et
2002 1473 2205 1529 oculos
2222 1474 2540 1547 calligavit,
2570 1481 2626 1533 et
2650 1477 2773 1533 vita
2789 1478 2939 1533 inter
2963 1478 3449 1551 inimicosposita
3477 1494 3573 1534 ve-

1920 1563 2178 1629 terascit,
2195 1563 2275 1618 sic
2291 1579 2325 1620 a
2341 1564 2518 1620 nobis
2535 1580 2845 1621 accessum
2860 1566 3107 1622 exclude
3122 1568 3294 1622 totius
3311 1567 3570 1634 malitiae,

131 1646 417 1701 Dominus
433 1660 655 1701 vocare
668 1646 1680 1721 rursum,Samuel.Consurgensque
1702 1650 1799 1705 Sa-
1844 1656 1890 1711 Β
1919 1653 1983 1704 ut
2007 1654 2313 1722 compotes
2337 1651 2662 1709 habeamur
2685 1652 2978 1710 felicitatis
3009 1659 3264 1711 aeternas.
3288 1659 3568 1726 mAmen.

134 1733 311 1796 muel,
333 1733 492 1788 abiit
523 1733 603 1788 ad
624 1732 763 1803 Heli,
778 1736 832 1789 et
856 1733 1003 1791 dixit
1022 1750 1033 1789 :
1049 1737 1195 1790 Ecce
1212 1750 1354 1806 ego:
1382 1738 1613 1793 vocasti
1643 1738 1804 1793 enim

137 1838 251 1877 me.
282 1822 397 1886 Qui
415 1820 760 1891 respondit:
782 1823 1218 1891 Nonvocavite,
1243 1823 1323 1879 ﬁli
1353 1824 1431 1879 mi
1457 1846 1469 1880 :
1493 1830 1804 1889 revertere,

137 1910 353 1964 dormi.
388 1909 578 1965 Porro
606 1909 848 1965 Samuel
875 1924 985 1964 nec
1007 1909 1155 1965 dum
1209 1910 1435 1968 sciebat
1464 1913 1801 1979 Dominum,

136 2014 332 2069 neque
364 1996 670 2052 revelatus
699 1997 890 2053 fuerat
905 1998 956 2053 ei
988 2013 1183 2054 sermo
1218 2000 1474 2055 Domini.
1502 2003 1566 2055 Et
1595 2001 1807 2071 adjecit

136 2087 457 2155 Dominus,
482 2091 543 2140 et
572 2086 803 2141 vocavit
820 2086 1058 2142 Samuel
1077 2102 1319 2143 rursum
1338 2088 1647 2154 tertio.Qui
1671 2104 1809 2144 con-

136 2191 392 2245 surgens
416 2174 569 2229 abiit
598 2173 675 2229 ab
702 2173 844 2237 Heli,
878 2179 934 2229 et
963 2174 1044 2230 ait
1074 2193 1085 2226 :
1119 2178 1262 2231 Ecce
1294 2192 1404 2245 ego
1447 2195 1458 2231 :
1497 2192 1674 2247 quem
1696 2193 1809 2233 vo-

137 2264 281 2319 casti
297 2278 425 2318 me.
442 2262 733 2317 Intellexit
760 2262 937 2332 igitur
952 2262 1073 2317 Heli
1102 2263 1238 2335 quia
1272 2263 1550 2320 Dominus
1568 2274 1810 2326 vocaret

136 2368 393 2424 puerum
418 2350 695 2406 :etaitad
713 2351 953 2406 Samuel
981 2350 1216 2419 :Valde,
1264 2352 1460 2407 dormi
1496 2354 1809 2409 :etsidein-

139 2455 271 2511 ceps
288 2439 610 2494 vocaverit
631 2442 705 2505 te,
735 2438 897 2493 dices
926 2442 1222 2511 :Loquere
1243 2440 1507 2512 Domine,
1533 2442 1676 2513 quia
1705 2458 1808 2498 au-

138 2528 215 2583 dit
246 2544 462 2583 servus
497 2533 656 2581 tuus.
693 2525 1045 2597 Abiitigitur
1070 2529 1328 2593 Samuel,
1352 2534 1408 2585 et
1428 2530 1709 2586 dormivit
1745 2532 1805 2586 in

140 2618 264 2673 loco
282 2634 423 2673 suo.
448 2620 519 2672 Et
535 2615 698 2672 venit
718 2617 1089 2685 Dominus,et
1105 2620 1259 2674 stetit
1283 2636 1295 2673 :
1312 2624 1366 2675 et
1382 2620 1637 2683 vocavit,
1656 2621 1807 2677 sicut

139 2704 760 2775 vocaveratsecundo,
779 2709 833 2759 et
854 2705 1041 2771 tertio,
1061 2707 1315 2762 Samuel.
1346 2710 1409 2763 Et
1426 2708 1507 2763 ait
1530 2709 1768 2764 Samuel
1790 2728 1801 2767 :

143 2799 403 2868 Loquere
419 2793 701 2860 Domine,
716 2792 860 2864 quia
878 2794 1042 2849 audit
1062 2810 1268 2850 servus
1280 2800 1436 2851 tuus.
1456 2796 1675 2852 Etdixit
1700 2800 1807 2852 Do-

142 2885 334 2939 minus
368 2882 449 2938 ad
476 2881 721 2937 Samuel
754 2882 936 2935 :Ecce
952 2882 1229 2952 egofacio
1245 2883 1753 2939 verbuminlsrael
1788 2901 1801 2940 :

141 2972 298 3044 quod
310 2971 691 3042 quicumque
706 2968 1234 3034 audierit,tinnient
1246 2972 1439 3027 ambae
1467 2988 1639 3028 aures
1654 2972 1799 3043 ejus:

141 3064 203 3115 In
215 3061 307 3116 die
325 3060 430 3115 illo
446 3058 754 3113 suscitabo
769 3057 1052 3113 adversus
1066 3059 1187 3114 Heli
1202 3061 1407 3116 omnia
1420 3076 1555 3132 quae
1574 3061 1807 3116 locutus

144 3165 277 3203 sum
306 3163 496 3217 super
524 3146 774 3201 domum
814 3146 945 3216 ejus
979 3166 990 3204 :
1024 3146 1332 3219 incipiam,
1366 3153 1421 3203 et
1466 3148 1800 3222 complebo.

142 3236 384 3293 Praedixi
399 3236 568 3291 enim
583 3235 634 3290 ei
648 3234 813 3306 quod
823 3236 839 3303 j
852 3234 1199 3291 udicaturus
1218 3252 1409 3292 essem
1424 3238 1664 3293 domum
1679 3239 1726 3308 ej
1739 3254 1807 3293 us

134 3327 192 3381 in
223 3332 522 3381 aeternum
560 3331 808 3395 propter
832 3324 1211 3394 iniquitatem
1241 3325 1506 3381 ﬁliorum
1536 3328 1690 3396 ejus,
1736 3343 1806 3382 eo

131 3413 296 3488 quod
320 3416 589 3469 noverat
615 3410 861 3480 indigne
876 3426 1050 3481 agere
1064 3412 1219 3469 ﬁlios
1248 3430 1409 3483 suos,
1428 3419 1618 3470 etnon
1633 3414 1807 3470 corri-

132 3505 258 3577 puit
286 3519 418 3559 eos.
444 3501 682 3556 Idcirco
690 3500 887 3570 juravi
918 3500 1125 3557 domui
1142 3502 1285 3570 Heli,
1302 3503 1467 3574 quod
1482 3519 1596 3559 non
1618 3502 1808 3575 expie-

132 3599 225 3649 tur
236 3592 536 3665 iniquitas
552 3589 776 3645 domus
791 3589 919 3659 ejus
932 3590 1175 3646 victimis
1189 3591 1607 3647 etmuneribus
1619 3607 1809 3664 usque

134 3678 1003 3754 insempiternum.Dormivit
1059 3684 1259 3734 autem
1330 3680 1568 3735 Samuel
1621 3694 1811 3751 usque

133 3787 337 3837 mane,
367 3767 735 3841 aperuitque
754 3766 906 3821 ostia
929 3766 1148 3821 domus
1182 3768 1439 3825 Domini.
1471 3771 1534 3823 Et
1575 3767 1813 3824 Samuel

135 3854 873 3927 timebat262indicare
904 3854 1201 3910 visionem
1232 3855 1374 3910 Heli.
1398 3855 1640 3911 Vocavit
1672 3870 1813 3925 ergo

134 3948 256 4003 Heli
288 3944 660 4011 Samuelem,
694 3946 748 3998 et
778 3941 926 3998 dixit
966 3943 1019 3997 ei
1055 3959 1067 3997 :
1128 3943 1227 3998 Fili
1278 3943 1360 3998 mi
1394 3943 1675 4000 Samuel?
1704 3943 1815 4008 Qui

130 4034 539 4106 respondens,
574 4034 653 4088 ait
687 4051 698 4084 :
735 4034 935 4087 Presto
962 4048 1108 4088 sum.
1138 4032 1599 4101 Etinterrogavit
1626 4047 1764 4086 eum
1799 4049 1811 4086 :

142 4123 301 4189 Quis
326 4126 419 4176 est
448 4138 638 4178 sermo
658 4120 914 4186 Domini,
940 4136 1120 4192 quem
1146 4120 1380 4175 locutus
1408 4125 1498 4177 est
1518 4121 1597 4177 ad
1622 4128 1675 4177 te
1692 4120 1719 4175 ?
1738 4123 1817 4177 Ne

140 4210 453 4269 celaveris
482 4211 641 4278 mihi;
672 4211 803 4266 haec
829 4210 1007 4266 faciat
1035 4209 1141 4265 tibi
1170 4212 1342 4274 Deus,
1388 4215 1441 4265 et
1464 4210 1591 4265 haec
1610 4209 1813 4276 addat,

138 4303 189 4359 si
210 4300 511 4358 celaveris
528 4316 669 4356 ame
699 4314 1059 4364 sermonem,
1098 4314 1168 4353 ex
1193 4298 1475 4354 omnibus
1502 4315 1638 4371 quae
1660 4298 1819 4355 dicta

137 4397 287 4447 sunt
311 4390 445 4446 tibi.
474 4389 760 4445 Indicavit
785 4389 986 4461 itaque
1009 4387 1245 4444 Samuel
1261 4388 1569 4443 universos
1586 4403 1809 4445 sermo-

136 4496 275 4545 nes,
306 4484 365 4535 et
396 4494 524 4534 non
556 4478 871 4534 abscondit
897 4476 975 4533 ab
1017 4492 1083 4531 eo
1102 4477 1457 4548 quicquam.
1516 4479 1581 4532 Et
1610 4476 1707 4532 ille
1730 4492 1817 4533 re-

142 4569 461 4642 spondens
502 4568 629 4624 ait:
668 4567 951 4623 Dominus
984 4573 1105 4621 est:
1139 4566 1303 4638 quod
1333 4566 1567 4621 bonum
1625 4570 1712 4622 est
1758 4567 1820 4622 in

144 4659 338 4715 oculis
362 4657 491 4712 suis
526 4656 730 4714 faciat.
750 4656 943 4711 Crevit
982 4660 1185 4711 autem
1234 4654 1494 4719 Samuel,
1536 4658 1591 4711 et
1628 4657 1822 4713 Domi-

148 4764 260 4803 nus
292 4751 425 4804 erat
456 4763 588 4802 cum
622 4760 713 4801 eo.
740 4756 803 4816 Ity.
828 4746 1036 4800 Amen.

220 4836 569 4909 Antiphona
605 4837 653 4888 t.
688 4832 1254 4901 Saname,Domine,
1285 4832 1519 4890 turbata
1552 4837 1688 4889 sunt
1726 4850 1821 4891 os-

158 4943 219 4982 sa
256 4943 415 4991 mea,
456 4929 514 4981 et
541 4924 749 4981 anima
779 4939 917 4979 mea
946 4921 1183 4979 turbata
1205 4927 1290 4977 est
1344 4923 1519 4979 valde
1554 4940 1564 4979 :
1600 4928 1679 4992 tu,
1713 4924 1820 4979 Do-

159 5018 327 5083 mine,
354 5017 735 5078 convertere,
770 5016 826 5068 et
855 5012 1013 5083 eripe
1042 5011 1306 5068 animam
1374 5028 1593 5069 meam.
1618 5012 1679 5073 ἡ.
1708 5015 1823 5069 Do-

161 5107 331 5177 mine,
357 5122 434 5161 ne
469 5105 533 5160 in
567 5104 660 5159 ira
685 5107 790 5157 tua
810 5117 1027 5173 arguas
1057 5117 1172 5173 me,
1196 5117 1384 5174 neque
1412 5102 1471 5155 in
1495 5100 1693 5157 furore
1720 5106 1823 5158 tuo

162 5195 443 5267 corripias
476 5208 600 5249 me.

225 5284 448 5341 Oratio.
470 5280 734 5345 Christe,
756 5278 1067 5345 DciFilius,
1093 5279 1264 5349 cujus
1290 5294 1431 5335 ossa
1457 5277 1735 5334 etanima
1763 5277 1823 5334 in

154 5376 431 5446 passione
464 5370 723 5428 turbata
749 5372 903 5433 sunt,
934 5384 1081 5425 sana
1099 5368 1344 5439 plagam
1388 5368 1586 5424 cordis
1602 5367 1821 5424 nostri:

156 5468 233 5534 ut,
265 5458 656 5523 conﬁrmatis
686 5456 974 5514 virtutum
1000 5456 1256 5523 ossibus,
1279 5456 1364 5513 sic
1388 5456 1687 5531 passionis
1708 5460 1824 5514 tuas

1989 1737 2117 1793 Per.

1987 1825 2331 1897 Antiphona
2348 1832 2404 1884 3.
2440 1829 2684 1885 Domine
2709 1829 3121 1895 Deus,salvum
3149 1844 3235 1884 me
3249 1829 3341 1886 fac
3364 1846 3572 1887 secun-

1917 1913 2062 1969 dum
2073 1914 2361 1983 justitiam
2378 1924 2658 1973 meamzet
2672 1922 3061 1975 consumetur
3078 1918 3343 1990 nequitia
3365 1934 3574 1990 pecca-

1917 2002 2080 2066 toris,
2112 2008 2169 2059 et
2207 2003 2393 2074 dirige
2443 2005 2693 2076 justum,
2754 2012 3025 2062 scrutans
3077 2007 3263 2064 corda
3304 2012 3362 2062 et
3396 2022 3572 2063 renes

1917 2092 2091 2146 Deus.
2115 2091 2176 2152 tr.
2204 2091 2450 2148 Domine
2475 2096 2630 2149 Deus
2646 2110 2817 2150 meus
2845 2095 2906 2149 in
2944 2099 3000 2150 te
3028 2095 3299 2166 speravi:
3334 2095 3573 2151 salvum

1916 2194 2013 2234 me
2035 2179 2127 2234 fac
2141 2195 2212 2235 ex
2239 2182 2521 2237 omnibus
2535 2182 3030 2254 persequentibus
3050 2199 3169 2253 me,
3193 2187 3249 2239 et
3268 2184 3428 2255 eripe
3452 2199 3569 2240 me.

1989 2278 2052 2336 Br-
2081 2269 2206 2323 Non
2238 2268 2671 2327 erubescantin
2717 2286 2835 2336 me,
2889 2271 2993 2343 qui
3018 2275 3072 2327 te
3121 2275 3435 2343 expectant
3464 2273 3575 2328 Do-

1918 2354 2099 2422 mine,
2132 2357 2375 2413 Domine
2406 2359 2718 2415 virtutum.
2749 2362 2877 2415 Non
2919 2359 3365 2415 confundantur
3394 2375 3572 2430 super

1916 2458 2013 2499 me
2043 2445 2145 2515 qui
2174 2445 2489 2517 requirunt
2518 2452 2595 2517 te,
2629 2450 2780 2502 Deus
2805 2448 2999 2503 Israel.
3023 2448 3087 2502 P.
3123 2448 3274 2514 Quia
3332 2451 3575 2520 propter

1917 2534 1971 2586 te
1988 2532 2245 2586 sustinui
2258 2533 2715 2605 improperium.
2742 2534 2805 2594 V.
2820 2537 2899 2590 Ne
2917 2540 3150 2592 avertas
3168 2536 3380 2591 faciem
3406 2540 3574 2593 tuam

1917 2634 1952 2674 a
1977 2634 2164 2691 puero
2195 2625 2294 2674 tuo
2316 2642 2328 2675 :
2353 2621 2642 2691 quoniam
2656 2620 2924 2686 tribulor,
2938 2621 3208 2678 velociter
3223 2622 3440 2678 exaudi
3452 2639 3568 2679 me.

1915 2706 1983 2760 P.
2009 2704 2158 2772 Quia
2177 2711 2421 2777 propter
2449 2712 2522 2762 te.

1990 2795 2217 2850 Preces.
2249 2793 2340 2849 Ad
2371 2799 2424 2849 te
2446 2794 2803 2860 clamamus,
2832 2794 3099 2860 Domine,
3124 2795 3495 2863 P.Miserere,
3515 2801 3572 2854 et

1917 2897 2094 2954 parce
2125 2882 2349 2953 populo
2381 2886 2503 2939 tuo.
2526 2882 2587 2943 ἲν.
2620 2884 2755 2938 Esto
2783 2898 2887 2954 pro
2943 2881 3122 2938 nobis
3154 2882 3567 2953 expostulans,

1845 3001 1886 3056 α
1916 2969 2022 3042 qui
2044 2974 2296 3026 matrem
2318 2970 2391 3026 de
2413 2985 2586 3026 cruce
2616 2970 3029 3026 commendas.
3062 2971 3135 3026 P.
3186 2970 3475 3027 Miserere.
3508 2969 3573 3032 IV.

1918 3057 2197 3123 QuiPetri
2211 3058 2542 3131 lachrymas
2555 3058 3161 3129 accipis,postlapsum
3175 3058 3332 3127 erige
3350 3073 3462 3113 nos
3475 3058 3579 3115 mi-

1914 3147 2009 3201 tis.
2038 3148 2108 3202 P.
2141 3146 2586 3208 Miserere.V.Ut
2606 3147 2708 3219 qui
2737 3152 3057 3220 tepassum
3082 3148 3215 3219 jam
3248 3146 3574 3216 credimus,

1917 3240 2113 3292 tecum
2146 3234 2273 3291 sine
2303 3236 2599 3292 vivamus.
2629 3236 2693 3291 P.
2727 3236 3010 3293 Miserere.
3040 3236 3315 3292 Psalmus
3345 3252 3396 3291 L.

1985 3324 2274 3394 Hymnus.
2309 3326 2352 3381 Ο
2379 3328 2697 3389 Nazarene,
2716 3324 2820 3379 lux
2852 3324 3213 3379 Bethlehem.
3264 3323 3412 3391 folio
3432 3323 3573 3380 144.

1991 3412 2214 3468 Oratio.
2244 3412 2686 3483 DomineﬁDeus,
2719 3410 2953 3466 salvum
2973 3411 3067 3465 fac
3084 3409 3375 3481 populum
3404 3413 3574 3465 tuum

1918 3501 2251 3556 secundum
2275 3505 2589 3572 acceptum
2620 3502 2731 3555 ate
2758 3498 3000 3569 justitiaa
3047 3497 3294 3563 donum,
3328 3497 3389 3552 in
3453 3512 3577 3569 quo

1920 3593 2139 3645 sanctas
2160 3589 2302 3644 ﬁdei
2326 3588 2500 3644 nobis
2528 3587 2778 3643 tribuisti
2809 3586 3161 3658 mysterium
3193 3600 3205 3641 :
3230 3589 3577 3657 utporrecto

1920 3677 2089 3733 titulo
2120 3676 2340 3741 Crucis,
2366 3677 2449 3731 sic
2476 3679 2868 3732 consumatur
2917 3674 3184 3746 nequitia
3226 3673 3573 3745 peccatoris,

1923 3770 1985 3823 ut
2013 3766 2304 3836 dirigatur
2323 3765 2522 3836 justus
2546 3780 2652 3837 per
2704 3764 2949 3822 semitas
2982 3763 3292 3836 aequitatis.

1998 3856 2167 3911 Pater
2191 3858 2412 3910 noster.

2568 3942 2659 3997 Ad
2669 3943 2936 3999 Sextam.

2138 4032 2338 4087 Lectio
2360 4030 2502 4087 libri
2524 4031 2852 4088 Ezechielis
2872 4028 3576 4103 prophetaewapmxxrv)

1997 4130 2061 4189 Βτ.
2084 4120 2203 4175 Deo
2238 4119 2464 4191 gratias
2479 4161 2492 4175 .

1998 4212 2240 4265 Factum
2272 4208 2631 4265 estverbum
2662 4206 2897 4265 Domini
2919 4206 2998 4263 ad
3027 4221 3142 4273 me,
3185 4205 3392 4262 dicens
3428 4222 3443 4262 :
3474 4204 3577 4262 Fili

1925 4296 2189 4353 hominis
2210 4296 2501 4368 propheta
2512 4295 2586 4351 de
2601 4294 2940 4367 pastoribus
2972 4293 3147 4350 Israel
3164 4294 3498 4366 :propheta,
3524 4296 3580 4349 et

1927 4386 2088 4443 dices
2100 4385 2441 4457 pastoribus
2464 4387 2623 4440 :Hmc
2636 4382 2781 4439 dixit
2796 4383 3087 4439 Dominus
3104 4399 3117 4437 :
3132 4384 3228 4438 Vas
3242 4380 3579 4455 pastoribus

1928 4475 2127 4544 Israel,
2150 4475 2248 4547 qui
2269 4475 2599 4547 pascebant
2625 4473 2976 4546 semetipsos
2994 4493 3005 4531 :
3022 4487 3221 4528 nonne
3234 4487 3442 4543 greges
3455 4486 3581 4542 pas-

1928 4567 2142 4621 cuntur
2162 4580 2196 4620 a
2210 4563 2553 4635 pastoribus
2570 4563 2597 4618 ?
2612 4565 2723 4619 Lac
2738 4561 3165 4627 comedebatis,
3185 4565 3241 4616 et
3269 4559 3421 4615 lanis
3437 4572 3579 4628 ope-

1926 4651 2266 4715 riebamini,
2292 4656 2348 4708 et
2376 4650 2543 4724 quod
2567 4667 2837 4707 crassum
2870 4654 2993 4706 erat
3022 4646 3383 4704 occidebatis
3408 4661 3420 4699 :
3448 4658 3583 4713 gre-

1930 4757 2067 4812 gem
2097 4746 2297 4799 autem
2331 4756 2534 4797 meum
2566 4755 2688 4797 non
2703 4736 3246 4812 pascebatis.Quod
3270 4734 3581 4790 inﬁrmum

1929 4831 2039 4887 fuit
2059 4846 2181 4888 non
2220 4829 2542 4894 solidastis,
2576 4835 2632 4884 et
2657 4828 2824 4900 quod
2847 4831 3139 4896 eegrotum
3169 4838 3291 4878 non
3336 4821 3581 4895 sanatis,

1930 4919 2094 4992 quod
2109 4919 2469 4975 confractum
2487 4921 2571 4973 est
2584 4932 2704 4973 non
2721 4914 3089 4984 alligastis,et
3106 4910 3271 4984 quod
3288 4910 3587 4982 abjectum

1932 5013 2018 5065 est
2038 5023 2159 5065 non
2179 5008 2517 5077 reduxistis,
2543 5009 2599 5062 et
2626 5004 2791 5077 quod
2822 5003 3075 5076 perierat
3113 5016 3237 5057 non
3250 5002 3545 5074 quiesislis
3570 5018 3584 5055 :

1934 5099 2034 5153 sed
2065 5114 2202 5153 cum
2230 5095 2568 5152 austeritate
2594 5091 3059 5166 imperabamini
3090 5090 3194 5159 eis,
3226 5094 3283 5147 et
3312 5106 3448 5146 cum
3481 5104 3584 5160 po-

1934 5186 2136 5243 tentia.
2161 5188 2228 5241 Et
2254 5184 2539 5255 dispersae
2564 5188 2702 5239 sunt
2728 5198 2870 5239 oves
2900 5197 3151 5247 meae,eo
3177 5180 3343 5253 quod
3364 5192 3483 5233 non
3499 5192 3586 5229 es-

1934 5281 2018 5331 set
2035 5279 2232 5346 pastor
2265 5292 2277 5329 :
2301 5277 2357 5328 et
2387 5274 2559 5328 factas
2582 5275 2721 5327 sunt
2751 5271 2811 5328 in
2837 5270 3285 5327 devorationem
3312 5263 3583 5320 omnium

1932 5363 2260 5421 bestiarum
2281 5360 2802 5434 agri,etdispersse
2814 5365 2970 5417 sunt.
2990 5356 3341 5414 Erraverunt
3370 5362 3582 5420 greges

1934 5453 2053 5511 mei
2080 5451 2383 5511 incunctis
2407 5450 2735 5521 montibus,
2763 5455 2821 5509 et
2845 5450 2907 5507 in
2923 5446 3202 5504 universo
3226 5437 3373 5497 colle
3395 5436 3583 5495 excel-
