4094 6164
514 163 618 220 455

1787 148 2243 206 BREVIABIUM
2284 147 2669 204 GOTHICUM.
3754 155 3833 210 456

517 301 584 341 so
608 303 621 340 :
645 287 700 340 et
729 295 906 354 super
917 293 1160 336 omnem
1173 277 1384 334 faciem
1401 279 1566 332 terrae
1589 275 1838 348 dispersi
1863 280 2002 330 sunt
2023 290 2150 345 gre-
2192 274 2238 329 A
2266 273 2504 329 veniam
2522 271 2883 343 suscipiat,et
2903 267 3046 325 adte
3069 266 3197 321 sine
3209 261 3545 323 confusione
3559 275 3829 339 perveniat,

517 388 620 443 ges
655 370 790 435 mei,
820 374 875 424 et
913 383 1033 424 non
1057 370 1181 422 erat
1209 365 1310 436 qui
1341 365 1682 436 requireret.
1708 367 2018 436 Propterea
2050 380 2158 434 pa-

519 464 706 516 stores
738 457 936 515 audite
961 454 1212 510 verbum
1246 451 1476 508 Domini
1505 470 1516 505 :
1552 453 1689 506 Vivo
1728 467 1858 522 ego,
1889 451 2027 505 dicit
2052 453 2158 505 Do-

515 550 714 607 minus
747 545 926 619 :quia
945 559 1052 616 pro
1082 558 1154 598 eo
1178 541 1340 614 quod
1363 541 1499 595 facti
1527 545 1663 596 sunt
1694 555 1902 610 greges
1935 539 2049 594 mei
2098 540 2157 594 in

516 637 816 710 rapinam,
840 639 895 689 et
924 649 1065 688 oves
1090 647 1238 686 meae
1272 630 1328 685 in
1383 629 1828 685 devorationem
1886 628 2157 684 omnium

518 726 840 782 bestiarum
863 721 1010 791 agri,
1034 736 1103 776 eo
1134 717 1298 790 quod
1337 733 1458 773 non
1489 721 1641 772 esset
1676 721 1915 789 pastor:
1965 731 2159 788 neque

519 814 679 870 enim
700 811 1062 884 quaesierunt
1087 813 1352 879 pastores
1377 821 1617 877 gregem
1642 807 2159 875 me:1m,semetip-

522 904 705 968 sos,et
729 913 849 954 non
879 911 1089 967 greges
1112 909 1281 949 meos
1305 893 1662 966 pascebant.
1695 895 2007 963 Propterea
2027 908 2158 964 pas-

517 994 674 1046 tores
708 985 906 1040 audite
935 982 1186 1038 verbum
1216 981 1480 1036 Domini:
1516 982 1648 1034 Haac
1705 979 1850 1034 dicit
1876 980 2161 1034 Dominus

521 1079 675 1131 Deus
710 1090 722 1127 :
758 1075 901 1127 Ecce
924 1085 1033 1142 ego
1064 1069 1189 1140 ipse
1213 1083 1393 1140 super
1407 1073 1682 1139 pastores
1712 1068 2014 1138 requiram
2037 1083 2164 1138 gre-

521 1177 658 1232 gem
679 1175 880 1215 meum
907 1158 981 1212 de
1013 1172 1197 1212 manu
1223 1171 1452 1222 eorum,
1485 1161 1541 1211 et
1560 1170 1794 1212 cessare
1845 1155 2062 1211 faciam
2103 1160 2164 1212 ut

520 1249 676 1306 ultra
695 1263 815 1303 non
834 1250 1084 1318 pascant
1109 1260 1352 1315 gregem
1373 1259 1579 1299 meum
1622 1245 1692 1299 de
1718 1259 1819 1299 ore
1853 1259 2081 1311 eorum,
2110 1247 2166 1300 et

520 1353 643 1395 non
674 1337 781 1392 erit
813 1334 987 1404 263
1003 1333 1154 1388 ultra
1184 1332 1342 1388 eisin
1365 1347 1564 1388 escam
1591 1350 1604 1384 :
1628 1331 1708 1387 ait
1727 1332 2015 1387 Dominus
2039 1348 2166 1387 om-

521 1426 819 1497 nipotens.
852 1434 914 1493 1y.
947 1424 1155 1475 Amen.

591 1508 1545 1581 Antiphona1.Cuminvocarem
1601 1511 1674 1575 te,
1721 1508 2017 1564 exaudisti
2070 1524 2165 1564 me

2337 363 2500 418 Pater
2531 365 2754 416 noster.

2891 446 2987 501 Ad
3017 445 3278 500 Nonam.

2335 537 2525 595 Lectio
2557 538 2698 594 libri
2727 534 3130 593 Ecclesiasticz‘
3161 532 3487 588 Salomonis
3516 533 3672 603 (Cap.
3702 540 3787 610 III).

2339 638 2403 696 Rt.
2432 627 2551 682 Deo
2581 625 2822 695 gratias.

2342 712 2460 778 Fili,
2489 729 2674 784 quam
2697 726 2921 783 magna
2943 707 3205 782 potentia
3229 706 3325 763 Dei
3342 705 3594 772 solius,et
3610 710 3679 765 ab
3699 716 3847 770 omni-

2267 801 2382 858 bus
2408 801 2752 858 honoratur.
2786 800 3002 855 Altiora
3022 802 3075 854 te
3106 813 3180 852 ne
3205 796 3685 868 prmscrutaberis,
3698 807 3744 855 et
3764 802 3847 858 ior-

2268 890 2417 946 tiora
2447 894 2500 946 te
2529 905 2604 945 ne
2624 888 2924 962 quaesieris
2959 905 2971 942 :
2998 885 3101 942 sed
3129 900 3267 956 quas
3298 884 3568 957 praecepit
3591 886 3686 942 tibi
3708 889 3850 956 Deus,

2268 978 2368 1034 illa
2397 978 2592 1048 cogita
2621 993 2877 1049 semper,
2909 980 2965 1032 et
2990 975 3051 1030 in
3072 973 3344 1046 pluribus
3360 973 3484 1043 ejus
3500 988 3571 1029 ne
3596 973 3754 1031 fueris
3779 993 3852 1034 cu-

2269 1065 2481 1122 riosus.
2517 1069 2642 1122 Non
2667 1070 2805 1121 sunt
2825 1065 2982 1120 enim
3005 1063 3109 1119 tibi
3135 1060 3471 1118 necessaria
3491 1077 3576 1129 ea,
3602 1079 3725 1134 quas
3748 1065 3850 1121 abs-

2273 1154 2512 1210 condita
2544 1158 2681 1210 sunt
2705 1153 2782 1209 ab
2813 1151 3001 1208 oculis
3048 1151 3185 1206 tuis.
3231 1154 3293 1205 In
3327 1152 3695 1221 supervacuis
3716 1153 3856 1208 rebus

2272 1242 2394 1299 noli
2422 1242 2670 1298 scrutari
2718 1240 3124 1312 multipliciter,
3160 1243 3217 1294 et
3249 1238 3309 1293 in
3340 1235 3599 1310 pluribus
3625 1241 3857 1312 operibus

2273 1332 2402 1402 ejus
2419 1347 2540 1387 non
2553 1331 2664 1386 eris
2686 1330 2973 1386 curiosus.
2995 1328 3254 1383 Plurima
3279 1327 3442 1381 enim
3468 1342 3639 1398 supra
3663 1343 3861 1384 sensum

2275 1421 2536 1477 hominis
2548 1424 2790 1476 ostensa
2808 1422 2945 1474 sunt
2963 1417 3084 1472 tibi.
3113 1415 3324 1471 Multos
3339 1416 3496 1470 enim
3515 1416 3862 1487 supplantavit

2279 1509 2572 1581 suspectio
2600 1508 2858 1571 illorum,
2883 1511 2938 1562 et
2953 1507 3015 1561 in
3030 1504 3284 1561 vanitate
3303 1503 3547 1559 detinuit
3567 1504 3862 1560 sensusillo-

522 1603 675 1656 Deus
682 1599 923 1671 justitiaa
936 1596 1182 1657 measJil.
1200 1595 1650 1653 lntribulatione
1688 1595 1948 1652 dilatasti
1992 1596 2152 1652 mihi.
2203 1617 2248 1672 Β
2277 1613 2430 1652 rum.
2462 1599 2570 1652 Cor
2589 1596 2806 1652 durum
2829 1593 2983 1650 male
3006 1591 3323 1648 habebitin
3347 1591 3700 1647 novissimo:
3727 1594 3862 1664 etqui

523 1691 788 1746 Miserere
815 1689 950 1755 mei,
981 1691 1038 1741 et
1062 1685 1278 1741 exaudi
1309 1685 1642 1742 orationem
1692 1701 1915 1742 meam.

596 1777 818 1833 Oratio.
852 1778 998 1831 Cum
1027 1774 1379 1830 invocamus
1407 1777 1479 1839 te,
1513 1772 1730 1828 exaudi
1772 1788 1883 1829 nos
1923 1773 2164 1841 Christe,

521 1867 623 1938 qui
650 1881 714 1921 es
731 1864 962 1935 justitia
988 1867 1193 1919 nostra
1222 1865 1315 1917 :ut
1337 1862 1440 1933 qui
1458 1877 1566 1933 pro
1603 1861 1804 1932 impiis
1833 1861 2167 1918 tribulatio-

523 1970 672 2009 num
693 1969 756 2008 es
787 1968 1107 2024 perpessus
1161 1950 1464 2022 injuriam,
1502 1949 1972 2022 supplicantibus
1993 1950 2168 2006 nobis

525 2042 714 2098 dones
747 2040 1210 2111 indulgentiam.
1259 2049 1321 2110 Iv.
1354 2040 1564 2094 Amen.

597 2131 724 2185 Per.

595 2218 940 2287 Antiphona
961 2221 1012 2270 2.
1049 2214 1339 2271 Laboravi
1368 2214 1430 2269 in
1486 2215 1709 2284 gemitu
1753 2229 1908 2284 meo,
1949 2214 2169 2271 lavabo

525 2322 630 2379 per
647 2306 915 2377 singulas
931 2305 1361 2360 nocteslectum
1401 2319 1593 2358 meum
1628 2319 1640 2358 :
1672 2303 1998 2375 lachrymis
2031 2303 2169 2358 meis

529 2400 780 2452 stratum
801 2409 1002 2449 meum
1030 2392 1257 2462 rigabo.
1273 2391 1333 2452 ii.
1367 2392 1661 2447 Turbatus
1677 2396 1764 2447 est
1785 2408 1907 2463 prae
1925 2393 2010 2447 ira
2031 2407 2170 2447 ocu-

527 2484 619 2540 lus
647 2499 818 2538 meus
843 2500 854 2536 :
882 2481 1205 2538 inveteravi
1233 2480 1384 2535 inter
1437 2495 1648 2535 omnes
1673 2479 1947 2535 inimicos
1977 2495 2168 2535 meos.

601 2573 817 2626 Oratio.
851 2572 956 2634 Te,
988 2571 1148 2631 Jesu,
1177 2567 1497 2638 proimpiis
1525 2567 1836 2622 laborasse
1862 2567 1919 2622 in
1947 2567 2170 2637 gemitu

527 2659 826 2714 credimus
878 2655 1220 2728 passionis;
1266 2655 1397 2709 ideo
1435 2654 1716 2725 petimus,
1771 2658 1838 2710 ut
1871 2654 2171 2724 singulare

527 2745 867 2816 exemplum
885 2743 1180 2815 patientiae
1199 2747 1312 2797 tuas
1325 2741 1595 2813 proﬁciat
1607 2742 1685 2797 ad
1698 2742 2170 2798 emolumentum

528 2834 744 2890 animae
774 2837 991 2889 nostrae
1020 2847 1292 2904 :quoper
1323 2829 1592 2900 singulas
1617 2836 1822 2887 noctes
1847 2831 1930 2887 sic
1952 2832 2170 2887 lectum

528 2926 898 2992 stratumque
931 2923 1195 2975 nostrum
1208 2919 1471 2988 rigemus
1496 2918 1556 2973 in
1578 2919 1928 2991 lachrymis,
1946 2925 2007 2976 ut
2037 2935 2171 2976 con-

523 3009 690 3064 tinua
714 3009 1028 3078 capiamus
1056 3006 1331 3077 praesidia
1356 3005 1702 3062 sanctitatis.
1753 3018 1816 3078 Βι.
1841 3012 2049 3064 Amen.

597 3096 732 3149 Per.

594 3182 948 3252 Antiphona
969 3185 1020 3238 3.
1069 3181 1383 3236 Exaudivit
1406 3181 1694 3237 Dominus
1726 3199 1934 3239 vocem
1993 3184 2169 3241 ﬂetus

525 3272 644 3329 mei
677 3288 691 3339 ;
753 3271 1054 3327 exaudivit
1089 3269 1379 3326 Dominus
1435 3269 1909 3342 deprecationem
1946 3288 2170 3328 meam.

524 3362 587 3424 )7.
603 3361 936 3418 Disceditea
949 3376 1044 3417 me
1061 3375 1272 3416 omnes
1293 3359 1397 3431 qui
1418 3361 1750 3432 operamini
1764 3361 2164 3434 iniquitatem:

523 3452 816 3523 quoniam
846 3449 1148 3506 exaudivit
1176 3449 1462 3504 Dominus
1485 3465 1696 3506 vocem
1721 3450 1894 3507 ﬂetus
1923 3454 2061 3512 mei.

596 3550 662 3610 Βί.
693 3541 837 3593 Tota
866 3538 964 3594 die
984 3537 1362 3593 contristatus
1405 3538 1815 3596 ambulabam.
1843 3541 1908 3596 P.
1955 3543 2170 3606 Quoni-

525 3643 624 3682 am
656 3626 859 3682 anima
887 3641 1023 3682 mea
1049 3625 1346 3698 completa
1366 3631 1453 3682 est
1481 3626 1883 3684 inlusionibus
1918 3647 1930 3684 :
1963 3635 2021 3686 et
2047 3645 2166 3689 non

524 3720 611 3770 est
638 3714 862 3770 sanitas
893 3715 954 3769 in
975 3730 1152 3770 carne
1172 3714 1401 3775 mea.)7.
1427 3716 1778 3773 Incurvatus
1803 3734 1957 3783 sum,
1983 3724 2038 3774 et
2061 3719 2169 3775 hu-

525 3802 788 3860 miliatus
821 3819 956 3858 sum
976 3803 1149 3859 valde
1180 3819 1646 3875 :usquequaque
1682 3806 1993 3876 rugiebam
2015 3823 2050 3863 a
2075 3824 2169 3878 ge-

524 3892 676 3948 mitu
704 3891 899 3946 cordis
926 3891 1070 3947 mei.
1106 3891 1474 3956 P.Quoniam
1502 3893 1852 3950 animamea
1873 3896 2170 3967 completa

527 3985 615 4035 est
642 3979 1039 4035 inlusionibus
1071 3995 1083 4033 :
1109 3984 1164 4035 et
1192 3994 1313 4034 non
1348 3985 1436 4034 est
1467 3981 1689 4036 sanitas
1714 3982 1774 4037 in
1793 3999 1970 4039 carne
2000 4000 2159 4041 mea.

599 4069 826 4126 Preces.
859 4069 1115 4125 Verbum
1149 4069 1335 4125 Patris
1358 4068 1656 4134 Altissimi,
1689 4073 1751 4124 P.
1785 4071 2167 4146 Redemptor,

526 4159 913 4231 peccantibus
944 4159 1244 4216 miserere.
1277 4157 1338 4219 IV.
1369 4158 1528 4214 Elide
1570 4165 1841 4216 nostrum
1891 4161 2166 4221 facimus.

527 4249 630 4320 qui
646 4264 749 4320 pro
777 4248 954 4304 nobis
980 4264 1042 4302 es
1061 4247 1329 4303 traditus.
1362 4249 1419 4302 P.
1454 4248 1827 4321 Redemptor,
1877 4253 2169 4322 peccanti-

524 4335 660 4392 bus.
692 4336 754 4397 ἲν.
787 4337 1042 4392 Puriﬁca
1057 4351 1168 4393 nos
1195 4353 1232 4392 a
1260 4336 1435 4402 vitiis,
1493 4337 1595 4410 qui
1619 4312 1898 4394 caesus-es
1958 4340 2165 4413 alapis.
2201 4312 2246 4368 D

526 4425 590 4481 Ρ.
632 4426 1008 4498 Redemptor,
1040 4424 1445 4498 peccantibus.
1468 4423 1529 4486 7V.
1558 4429 1639 4481 Tu
1661 4443 1769 4499 pro
1790 4428 1967 4485 nobis
2004 4435 2170 4502 pota-

525 4518 622 4570 tus
644 4531 705 4570 es
723 4514 851 4570 felle
871 4531 1007 4574 ;nos
1022 4514 1177 4585 reple
1190 4513 1530 4570 dulcedine.
1562 4516 1626 4572 P.
1650 4517 2170 4590 Redemptor,pec-

528 4603 829 4661 cantibus.
859 4603 926 4664 ἲν.
952 4603 1222 4659 Accende
1260 4618 1372 4659 nos
1401 4604 1536 4673 igne
1568 4605 1758 4660 crucis
1824 4609 1961 4672 tuae,
2015 4621 2169 4679 quos

527 4693 832 4749 redemisti
860 4693 1171 4764 sanguine.
1206 4693 1267 4747 P.
1329 4692 1713 4766 Redemptor,
1763 4696 2168 4767 peccantibus.

601 4785 882 4853 Hymnus.
915 4784 958 4840 Ο
989 4783 1306 4850 Nazarene,
1335 4782 1457 4840 lux.
1484 4785 1596 4852 fol.
1623 4784 1744 4840 144.

600 4871 1133 4928 0ratio.Salvanos
1154 4872 1401 4927 Domine
1431 4875 1671 4944 prOpter
1706 4872 2175 4931 misericordiam

528 4960 875 5029 tuam,quos
907 4959 1021 5014 scis
1058 4959 1348 5015 inﬁrmari
1378 4967 1618 5032 propter
1649 4958 2022 5032 iniquitatem
2045 4979 2178 5034 pro-

527 5045 722 5118 priam
745 5064 757 5101 :
786 5050 843 5102 et
859 5048 1146 5118 quoniam
1160 5048 1396 5104 turbata
1407 5053 1494 5104 est
1522 5049 1724 5104 anima
1739 5054 1941 5105 nostra
1957 5050 2036 5106 ob
2058 5068 2178 5108 me-

529 5140 660 5192 tum
689 5140 928 5191 tuorum
945 5135 1244 5206 justorum
1270 5135 2170 5214 judiciorum,requiescat,pro-

529 5230 658 5298 pter
665 5225 1170 5294 jocundissimum
1184 5224 1564 5294 indulgentia:
1581 5232 1693 5282 tuae
1705 5228 1824 5285 don
1834 5246 1931 5284 um
1938 5250 1955 5302 ;
1973 5235 2028 5286 et
2045 5247 2174 5286 eum

527 5315 815 5388 percipiat
825 5314 904 5372 ad
925 5314 1192 5372 sanitatis
1219 5314 1660 5387 prmmium,qui
1676 5333 1924 5374 suorum
1936 5319 2176 5376 conﬁte-

530 5410 625 5463 tur
654 5405 898 5467 vulnera
930 5408 1310 5480 peccatorum
1343 5408 1741 5478 :utpurgatus
1774 5423 1879 5480 per
1895 5409 2170 5482 gratiam,

2279 1689 2442 1742 amat
2454 1684 2870 1756 periculum,in
2888 1683 3019 1754 ipso
3040 1681 3274 1752 peribit.
3291 1683 3408 1737 Cor
3425 1679 3740 1749 ingrediens
3749 1680 3869 1736 duas

2277 1773 2426 1839 vias,
2455 1788 2576 1828 non
2606 1771 2851 1828 habebit
2876 1786 3205 1835 successus,
3239 1773 3295 1824 et
3320 1768 3498 1839 pravi
3522 1767 3700 1823 cordis
3718 1767 3766 1822 in
3784 1768 3868 1823 illis

2277 1859 2906 1916 scandalizabitur.Cor
2917 1873 3173 1930 nequam
3191 1855 3536 1926 gravabitur
3548 1855 3873 1925 doloribus,et

2276 1955 2552 2022 peccator
2564 1949 2801 2019 adjiciet
2820 1947 2899 2004 ad
2922 1945 3317 2019 peccandum.
3334 1947 3453 2001 Cor
3475 1944 3696 2016 sapiens
3711 1944 3872 1999 intelli-

2277 2038 2497 2110 giturin
2513 2036 3049 2108 sapientia,etauris
3062 2035 3216 2091 bona
3229 2033 3873 2105 audietconcupiscentiee

2279 2126 2654 2197 sapientiam.
2671 2128 2873 2194 Ignem
2887 2123 3194 2180 ardentem
3209 2121 3499 2193 extinguit
3519 2137 3688 2194 aqua,
3701 2127 3746 2176 et
3762 2121 3875 2176 elee-

2279 2229 2536 2285 mosyna
2562 2212 2849 2282 extinguit
2870 2211 3469 2284 peccatum.Sapiens
3500 2226 3615 2275 cor,
3641 2213 3691 2264 et
3712 2208 3874 2264 intelli-

2278 2301 2454 2371 gibile
2480 2300 2792 2357 abstinebit
2817 2315 2877 2354 se
2905 2316 2940 2355 a
2973 2303 3217 2370 peccato
3247 2305 3303 2354 et
3343 2298 3414 2354 in
3445 2297 3712 2371 operibus
3740 2297 3876 2367 justi-

2277 2390 2370 2444 tiaa
2399 2405 2713 2444 successus
2741 2387 3007 2444 habebit.
3049 2399 3112 2458 ἢ.
3149 2390 3364 2442 Amen.

2408 2477 2594 2533 Lectio
2627 2476 2770 2531 libri
2796 2475 3089 2532 Samuelis
3115 2474 3322 2547 (Primi
3356 2475 3502 2545 Reg.
3529 2473 3661 2544 Cap.
3689 2473 3777 2543 iv).

2348 2575 2417 2635 Βι.
2459 2567 2580 2620 Deo
2614 2564 2859 2634 gratias.

2351 2656 2415 2708 ln
2454 2653 2566 2708 illis
2590 2652 2800 2708 diebus
2835 2669 2846 2708 :
2885 2651 3115 2723 Egressi
3147 2654 3286 2708 sunt
3312 2651 3501 2708 Israel
3531 2649 3753 2707 obviam
3779 2647 3881 2703 Phi-

2278 2741 2601 2810 listhiim,et
2623 2745 3074 2798 castrametatus
3095 2744 3187 2796 est
3207 2740 3389 2812 juxta
3408 2739 3680 2813 Lapidem
3697 2737 3882 2809 adjuto-

2281 2830 2369 2886 rii.
2406 2832 2586 2886 Porro
2609 2829 2915 2886 Philistiim
2936 2835 3227 2884 venerunt
3245 2829 3305 2884 in
3332 2831 3560 2901 Aphec,
3575 2832 3630 2885 et
3650 2827 3885 2882 instruxe-

2282 2924 2420 2974 runt
2450 2920 2638 2974 aciem
2671 2924 2878 2974 contra
2920 2917 3120 2974 Israel.
3173 2918 3319 2974 Inito
3355 2923 3558 2974 autem
3587 2915 3880 2980 certamine,

2283 3011 2447 3076 terga
2476 3007 2644 3063 vertit
2687 3006 2866 3062 Israel
2911 3010 3047 3062 ante
3076 3005 3457 3063 Philisthaeos
3494 3022 3504 3061 :
3538 3009 3592 3061 et
3618 3018 3756 3060 caesa
3779 3004 3886 3056 sunt

2279 3096 2382 3152 illa
2418 3096 2508 3152 die
2534 3097 2763 3168 passim
2788 3110 2892 3168 per
2922 3110 3120 3165 agros,
3153 3095 3327 3168 quasi
3360 3100 3621 3168 quatuor
3636 3091 3800 3149 millia
3823 3091 3881 3144 vi-

2279 3200 2506 3241 rorum.
2523 3187 2867 3240 Etreversus
2891 3188 2979 3238 est
3008 3182 3269 3256 populus
3284 3183 3370 3239 ad
3385 3189 3580 3240 castra
3603 3198 3615 3236 :
3639 3182 3887 3236 dixerunt-

2279 3289 2395 3344 que
2427 3272 2683 3344 majores
2697 3272 3028 3328 natulsrael
3057 3289 3070 3324 :
3101 3273 3293 3337 Quare
3306 3271 3718 3342 percussitnos
3733 3265 3889 3322 Domi-

2278 3377 2393 3416 nus
2422 3361 2597 3417 hodie
2629 3377 2830 3417 coram
2846 3359 3192 3416 Philisthiim
3208 3360 3235 3414 ‘l
3261 3358 3528 3416 Aﬂ'eram
3538 3375 3603 3414 us
3620 3357 3691 3415 ad
3711 3371 3802 3412 nos
3819 3369 3887 3409 ar-

2278 3466 2414 3506 cam
2444 3450 2683 3506 foederis
2713 3449 2946 3506 Domini
2990 3449 3065 3505 de
3107 3448 3242 3520 Silo,
3285 3452 3350 3505 et
3396 3449 3600 3505 veniat
3644 3447 3702 3502 in
3731 3443 3888 3501 medic

2277 3540 2485 3604 nostri,
2521 3543 2577 3594 et
2601 3538 2785 3596 salvet
2813 3554 2924 3594 nos
2953 3538 3026 3593 de
3058 3553 3245 3593 manu
3281 3537 3669 3594 inimicorum
3697 3537 3884 3589 nostro-

2275 3643 2430 3682 rum.
2464 3628 2610 3682 Misit
2639 3643 2779 3698 ergo
2800 3627 3058 3699 populus
3078 3627 3136 3681 in
3152 3625 3289 3691 Silo,
3317 3631 3379 3682 et
3400 3626 3660 3682 tulerunt
3681 3621 3801 3678 inde
3821 3634 3889 3674 ar-

2277 3731 2411 3771 cam
2438 3715 2677 3771 fcederis
2695 3716 2923 3771 Domini
2937 3715 3298 3771 exercituum
3314 3714 3586 3771 sedentis
3610 3726 3772 3784 super
3784 3706 3890 3765 Che-

2275 3804 2473 3861 rubim
2508 3809 2830 3876 :erantque
2859 3821 2981 3877 quo
3013 3803 3116 3858 filii
3161 3801 3280 3859 Heli
3310 3820 3460 3860 cum
3507 3818 3646 3860 arca
3694 3795 3890 3855 imderis

2278 3894 2530 3964 Domini,
2551 3894 2763 3966 Ophni,
2779 3898 2833 3949 et
2851 3893 3400 3964 Phinees.Cumque
3415 3892 3801 3948 venissetarea
3814 3885 3891 3938 fae-

2279 3983 2432 4038 deris
2452 3984 2672 4040 Domini
2684 3984 2744 4038 in
2757 3981 3336 4045 castra,vociferatus
3357 3986 3452 4038 est
3467 3980 3667 4038 omnis
3681 3973 3891 4051 populus

2282 4071 2460 4144 264
2481 4072 2741 4130 clamore
2767 4071 3000 4145 grandi,
3025 4077 3083 4126 et
3107 4071 3426 4144 personuit
3453 4075 3635 4126 terra.
3653 4069 3712 4122 Et
3733 4061 3892 4120 audie-

2277 4165 2415 4215 runt
2434 4161 2718 4216 Philistim
2735 4175 2946 4217 vocem
2976 4158 3274 4224 clamoris,
3309 4158 3717 4229 dixeruntque
3738 4151 3894 4216 :QUE’

2277 4265 2422 4306 nam
2447 4250 2674 4305 haecest
2699 4265 2816 4306 vox
2837 4247 3113 4305 clamoris
3129 4248 3333 4318 magni
3360 4247 3427 4303 in
3461 4246 3640 4303 castri
3672 4241 3897 4298 Hebraeo-

2277 4355 2411 4396 rum
2432 4341 2459 4395 ‘I
2490 4343 2554 4395 Et
2583 4344 2991 4410 cognoverunt
3015 4338 3180 4411 quod
3209 4353 3351 4394 arca
3385 4335 3629 4393 Domini
3682 4334 3822 4389 esset
3852 4327 3897 4381 in

2278 4429 2994 4500 castris.Timueruntque
3014 4426 3354 4494 Philistiim,
3401 4426 3674 4482 dicentes
3721 4416 3900 4476 :Venit

2281 4519 2566 4576 Dominus
2588 4519 2647 4573 in
2670 4521 2880 4573 castra.
2907 4520 2973 4572 Et
2992 4517 3440 4586 ingemuerunt,
3478 4514 3740 4570 dicentes
3783 4525 3793 4564 :
3823 4507 3896 4559 VEB

2278 4608 2483 4665 nobis:
2507 4622 2626 4662 non
2643 4605 2926 4662 enimfuit
2947 4609 3107 4661 tanta
3119 4603 3406 4660 exultatio
3429 4603 3584 4669 heri,
3614 4606 3670 4657 et
3696 4597 3902 4655 nudius-

2280 4697 2481 4754 tertius
2515 4716 2525 4755 :
2555 4711 2640 4751 vae
2658 4694 2849 4752 nobis.
2884 4694 3023 4757 Quis
3038 4707 3149 4748 nos
3180 4691 3446 4748 servabit
3468 4691 3546 4746 de
3577 4703 3758 4745 manu
3789 4685 3902 4739 Deo-

2281 4786 2678 4842 rumistorum
2708 4782 3057 4839 sublimium
3076 4781 3179 4838 ?hi
3214 4784 3352 4836 sunt
3379 4780 3474 4835 Dii
3505 4780 3612 4852 qui
3641 4784 3907 4850 percusse-

2282 4878 2421 4930 runt
2450 4874 2774 4945 {Egyptum
2793 4872 2958 4928 omni
2977 4870 3174 4942 plaga,
3227 4869 3288 4925 in
3325 4868 3599 4925 deserto.
3648 4863 3907 4923 Conforta—

2284 4963 2513 5029 mini,et
2543 4967 2726 5019 estote
2752 4961 2855 5015 viri
2881 4959 3191 5015 Philistiim
3221 4973 3320 5017 :ne
3352 4958 3635 5013 servietis
3667 4948 3907 5015 Hebraeis,

2285 5053 2434 5109 sicut
2461 5051 2541 5108 illi
2567 5049 2890 5107 servierunt
2919 5047 3126 5104 nobis:
3178 5045 3635 5111 confortamini,
3690 5039 3900 5098 bellate.

2283 5142 2702 5212 Pugnavernnt
2725 5135 2867 5209 ergo
2893 5137 3201 5193 Philistiim
3218 5142 3273 5192 et
3304 5151 3513 5191 caesus
3541 5138 3631 5191 est
3652 5126 3834 5191 Israel,
3869 5138 3912 5190 et

2282 5229 2430 5302 fugit
2463 5229 2876 5302 unusquisque
2909 5228 2969 5283 in
3003 5223 3394 5283 tabernacula
3420 5239 3561 5290 sua,
3596 5226 3652 5278 et
3680 5220 3820 5275 facta
3843 5214 3911 5268 est

2282 5319 2457 5390 plaga
2473 5317 2889 5390 magnanimis
2920 5321 3005 5373 :et
3021 5316 3361 5372 ceciderunt
3385 5313 3467 5369 de
3492 5308 3676 5369 Israel
3704 5305 3910 5376 triginta

2281 5407 2470 5467 millia
2487 5409 2774 5482 peditum.
2804 5409 2869 5464 Et
2889 5421 3028 5464 arca
3057 5403 3161 5462 Dei
3181 5405 3360 5476 capta
3383 5401 3580 5460 ducta
3609 5402 3697 5457 est
3719 5391 3906 5464 ;etduq
