4094 6164
128 253 228 306 457

125 461 208 516 vir
230 460 310 516 de
343 458 656 530 Benjamin
720 473 793 513 ex
822 458 968 527 acie,
1000 457 1161 513 venit
1191 458 1255 512 in
1308 457 1423 514 Silo
1453 458 1513 513 in
1543 456 1637 512 die
1667 455 1785 522 illa,

126 549 309 604 scissa
333 551 516 613 veste,
546 551 602 603 et
626 561 986 618 conspersus
1014 546 1254 618 pulvere
1283 549 1480 618 caput.
1522 545 1789 616 Cumque

125 638 215 694 ille
245 635 658 701 venisset,Heli
679 634 926 692 sedebat
953 651 1131 707 super
1152 634 1359 691 sellam
1396 638 1602 690 contra
1626 634 1787 688 viam

129 733 470 800 aspectans.
494 728 632 780 Erat
650 725 812 780 enim
843 740 945 781 cor
972 741 1201 797 pavens
1227 741 1334 796 pro
1365 739 1504 780 arca
1528 721 1784 780 Domini.

133 817 230 870 Vir
269 823 470 872 autem
505 815 597 869 ille
637 819 968 886 postquam
1007 815 1313 884 ingressus
1354 818 1464 880 est,
1497 813 1789 868 nuntiavit

130 904 267 960 urbi
296 922 310 959 :
338 909 393 959 et
415 902 652 959 ululavit
674 903 874 958 omnis
892 902 1122 959 civitas.
1152 905 1216 959 Et
1243 902 1473 958 audivit
1492 901 1615 958 Heli
1635 901 1788 957 soni-

129 998 259 1049 tum
289 993 591 1061 clamoris,
619 991 888 1064 dixitque
919 1008 931 1046 :
957 992 1097 1058 Quis
1117 996 1206 1048 est
1231 991 1462 1048 sonitus
1490 991 1670 1061 hujus
1700 995 1788 1046 tu-

125 1081 354 1137 multus
379 1084 409 1138 ?
450 1085 520 1136 At
547 1079 642 1136 ille
672 1080 990 1147 festinavit,
1026 1084 1082 1137 et
1105 1081 1282 1151 venit,
1317 1084 1370 1137 et
1414 1079 1788 1137 annuntiavit

126 1171 282 1228 Heli:
307 1170 435 1226 Heli
466 1175 671 1226 autem
702 1174 828 1226 erat
855 1169 1206 1240 nonaginta,
1239 1174 1295 1226 et
1323 1173 1456 1226 octo
1487 1183 1784 1226 annorum

123 1267 174 1317 et
203 1260 361 1317 oculi
396 1261 532 1331 ejus
556 1259 961 1331 caligaverant
989 1264 1046 1315 et
1078 1259 1268 1316 videre
1295 1275 1416 1316 non
1444 1262 1688 1331 poterat.
1723 1259 1785 1314 Et

120 1350 261 1405 dixit
283 1349 366 1405 ad
401 1349 561 1404 lleli:
598 1352 717 1420 Ego
732 1365 869 1404 sum
899 1348 1004 1420 qui
1029 1348 1204 1405 venio
1233 1348 1306 1404 de
1324 1347 1548 1420 praelia,
1583 1351 1639 1403 et
1670 1361 1782 1416 ego

120 1440 185 1493 de
217 1438 348 1493 acie
381 1438 512 1507 fugi
535 1437 736 1494 hodie.
769 1436 872 1493 Cui
899 1436 994 1492 ille
1025 1437 1104 1493 ait
1135 1436 1324 1500 :Quid
1355 1441 1555 1491 actum
1581 1440 1668 1492 est
1698 1434 1782 1490 ﬁli

119 1527 198 1582 mi
226 1528 253 1582 ?
277 1526 675 1594 Respondens
698 1531 897 1582 autem
919 1525 1336 1592 annuntiabat,
1366 1524 1533 1596 fugit,
1565 1523 1776 1597 inquit,

122 1615 294 1672 Israel
317 1633 354 1671 a
376 1615 530 1671 facie
563 1615 940 1685 Philisthiim,
963 1620 1020 1670 et
1050 1613 1224 1670 ruina
1244 1629 1465 1683 magna
1491 1618 1576 1670 est
1601 1615 1660 1668 in
1683 1629 1781 1685 po-

1315 244 1665 302 DOMINICA
1704 244 1772 302 IV
1814 240 2413 312 QUADRAGESIM/E.

123 371 220 427 ﬁlii
248 370 475 443 Opbni,
509 373 566 426 et
590 368 837 424 Phinees
868 369 1085 425 mortui
1110 372 1265 424 sunt.
1296 369 1550 425 Curreus
1589 372 1792 424 autem
1821 369 1867 422 A

3449 264 3551 321 458

2493 376 2588 433 Ad
2629 377 2955 448 Vesperum.

1969 463 2187 519 Lauda.
2212 467 2294 520 Tu
2308 464 2612 524 illuminas
2631 466 2940 524 lucernam
2959 484 3179 541 meam,
3206 473 3471 531 Domine.

1970 550 2256 607 Dominus
2287 554 2362 610 sit
2388 571 2626 628 semper
2648 556 3068 629 vobiscumJ}.
3107 562 3172 616 Et
3200 577 3356 618 cum.

1967 638 2328 710 Antiphone.
2361 644 2663 701 Auxilium
2695 662 2899 702 meum
2921 662 2956 703 a
2988 647 3258 716 Domino,
3281 652 3384 723 qui
3412 652 3544 710 fecit

1897 726 2114 784 coelum
2141 735 2196 786 et
2219 735 2455 790 terram.
2485 736 2750 792 Psalmus
2779 752 2905 792 cxx.

1969 826 2192 885 Lauda.
2218 829 2302 885 Ab
2319 831 2592 888 omnibus
2611 833 3110 905 persequentibus
3127 852 3232 902 me,
3256 838 3317 891 P.
3341 838 3545 898 Libera

1895 929 2010 980 me,
2047 917 2314 974 Domine.
2345 918 2407 979 ἲν.
2440 920 2689 977 Domine
2719 922 2896 988 Deus,
2929 923 2988 978 in
3035 927 3088 980 te
3119 927 3354 997 speravi
3389 946 3401 984 :
3435 931 3545 988 sal-

1895 1019 2036 1059 vum
2069 1021 2163 1061 me
2198 1006 2291 1063 fac
2320 1024 2391 1063 ex
2419 1009 2702 1065 omnibus
2721 1012 3213 1083 persequentibus
3243 1030 3360 1080 me,
3393 1021 3450 1074 et
3476 1019 3543 1076 li-

1892 1090 2039 1148 bera
2071 1111 2181 1149 me.
2236 1097 2296 1149 P.
2335 1095 2563 1154 Libera.

1964 1183 2238 1252 Hymnus,
2263 1184 2517 1241 Verbum
2540 1187 2722 1242 Patris
2747 1189 2860 1257 fol.
2890 1192 3011 1243 232.

1966 1271 2271 1340 Capitula.
2298 1273 2578 1345 Gloriose,
2603 1280 2833 1346 potens,
2878 1293 2948 1333 ac
2985 1277 3321 1336 misericors
3360 1283 3532 1350 Deus,

1892 1373 2030 1412 erue
2052 1375 2161 1414 nos
2182 1360 2260 1415 ab
2281 1361 2512 1417 insidiis
2534 1362 2754 1419 inimici
2789 1380 2802 1429 ;
2831 1369 2905 1429 et,
2939 1379 3013 1421 ne
3039 1366 3244 1424 anima
3273 1373 3474 1426 nostra
3501 1386 3539 1428 a

1890 1446 2280 1518 rugientibus,
2295 1448 2484 1505 leonis
2501 1455 2676 1522 raptu
2693 1451 2926 1523 rapido,
2947 1453 3236 1525 rapiatur,
3253 1459 3537 1528 protectio

1891 1535 2144 1592 dexterae
2164 1543 2276 1593 tute
2295 1538 2355 1593 in
2371 1539 2559 1596 nostri
2578 1541 2912 1598 custodiam
2929 1541 3245 1614 deputetur
3269 1562 3281 1599 :
3301 1560 3376 1602 ne
3391 1545 3538 1604 dum

1889 1640 2010 1681 non
2031 1628 2231 1698 estqui
2258 1627 2533 1695 redimat,
2562 1628 2654 1685 ille
2676 1645 2870 1686 saevus
2895 1631 3162 1689 occidat:
3190 1638 3311 1700 aut,
3343 1635 3393 1690 si
3415 1651 3538 1693 non

120 1705 259 1777 pulo
289 1723 301 1757 :
331 1705 589 1776 insuper
618 1709 674 1758 et
697 1702 818 1759 duo
843 1703 948 1758 ﬁlii
975 1703 1056 1758 tui
1077 1702 1294 1758 mortui
1320 1708 1473 1767 sunt.
1503 1702 1696 1774 Ορὺηὶ
1726 1707 1782 1758 et
1813 1721 1856 1776 Β
1890 1720 1980 1770 est
2015 1715 2119 1788 qui
2150 1717 2384 1773 salvum
2430 1717 2629 1785 faciat,
2684 1719 2778 1774 ille
2825 1720 3271 1779 subvertat.Sed
3323 1729 3390 1780 tu
3418 1725 3534 1783 Leo

125 1793 376 1848 Phinees
410 1811 423 1848 :
457 1797 515 1848 et
537 1807 678 1847 arca
705 1791 830 1854 Dei,
857 1797 1033 1863 capta
1055 1795 1158 1847 est.
1187 1792 1452 1862 Cumque
1474 1789 1567 1846 ille
1590 1790 1782 1847 nomi-

121 1887 333 1938 nasset
347 1897 548 1938 arcam
570 1880 692 1944 Dei,
717 1879 925 1936 cecidit
947 1879 1069 1935 Heli
1100 1878 1174 1935 de
1197 1879 1340 1936 sella
1360 1885 1704 1949 retrorsum,
1726 1884 1781 1936 et

120 1970 328 2026 fractis
349 1969 678 2026 cervicibus
706 1973 978 2025 mortuus
999 1973 1104 2024 est.
1133 1970 1321 2024 Senex
1343 1968 1504 2024 enim
1547 1973 1690 2034 erat,
1725 1975 1781 2024 ct

121 2059 493 2130 grandaevus
512 2059 599 2116 vir
617 2075 629 2113 :
647 2063 704 2115 et
724 2059 852 2131 ipse
869 2058 1160 2129 judicavit
1183 2057 1360 2114 Israel
1375 2057 1780 2130 quadraginta

123 2151 317 2207 annis.
342 2161 410 2214 Βι.
438 2153 650 2205 Amen.

185 2239 550 2308 Antiphona
569 2238 691 2292 1.1n
711 2235 963 2292 Domino
980 2236 1227 2292 conﬁdit
1240 2236 1444 2294 anima
1459 2252 1614 2294 mea:
1635 2237 1779 2309 quia

123 2329 269 2383 oculi
287 2329 423 2398 ejus
441 2329 504 2383 in
530 2342 854 2399 pauperem
887 2326 1222 2398 respiciunt.
1241 2326 1304 2387 Ψ.
1331 2326 1626 2392 Quoniam
1643 2342 1776 2383 ecce

118 2422 465 2490 peccatores
495 2415 869 2471 tetenderunt
897 2431 1123 2482 arcum,
1144 2419 1506 2487 paraverunt
1535 2416 1777 2486 sagittas

121 2524 248 2563 suas
278 2509 343 2562 in
396 2506 701 2578 pharetra,
735 2510 799 2560 ut
844 2505 1119 2574 sagittent
1164 2505 1224 2560 in
1285 2503 1537 2561 obscuro
1585 2509 1776 2562 rectos

121 2597 310 2653 corde.

186 2706 406 2761 Oratio.
437 2705 618 2770 Deus,
643 2704 813 2775 cujus
831 2704 986 2760 oculi
1003 2703 1062 2759 in
1084 2718 1413 2776 pauperem
1437 2704 1774 2776 respiciunt,

123 2796 174 2849 in
196 2801 244 2850 te
260 2793 597 2850 conﬁdenti
611 2794 829 2849 animae
847 2797 1060 2848 nostrae
1079 2792 1240 2848 dona
1257 2792 1574 2848 auxilium:
1597 2796 1658 2848 ut
1673 2793 1778 2864 qui

122 2886 315 2940 sanari
337 2899 453 2939 nos
474 2883 768 2954 passionis
785 2887 899 2938 tuae
922 2880 1266 2938 vulneribus
1283 2882 1704 2954 imprecamur,
1724 2885 1777 2938 te

109 2974 445 3030 auxiliante
460 2989 496 3028 a
510 2972 726 3027 nostris
739 2971 1470 3042 passionibusliberemur.
1499 2975 1775 3042 mAmen.

185 3064 293 3117 Per
322 3061 810 3117 misericordiam

181 3171 523 3243 Antiphone
547 3172 600 3224 2.
637 3169 818 3225 Pedes
851 3167 1174 3240 impiorum
1201 3168 1434 3224 veloces
1465 3169 1541 3225 ad
1598 3168 1782 3225 effun-

101 3263 380 3319 dendum
406 3259 794 3328 sanguinem.
826 3257 1012 3313 Deum
1040 3273 1162 3313 non
1192 3259 1620 3314 invocaverunt
1646 3257 1776 3322 sibi,

103 3351 444 3409 timuerunt
475 3349 710 3413 timore,
746 3346 845 3403 ubi
898 3363 1018 3403 non
1039 3351 1166 3403 erat
1191 3347 1382 3402 timor.
1408 3346 1473 3406 ir.
1517 3346 1668 3402 Dixit
1698 3347 1782 3403 in-

105 3441 333 3513 sipiens
357 3442 422 3495 in
447 3437 632 3494 corde
661 3453 770 3493 suo
797 3454 808 3492 :
833 3437 974 3495 Non
1006 3441 1090 3492 est
1115 3437 1290 3491 Deus.
1324 3437 1593 3508 Corrupti
1620 3441 1777 3505 sunt,

103 3537 158 3584 et
186 3525 785 3585 abominabilesfacti
807 3525 1013 3580 suntin
1039 3524 1448 3596 voluptatibus
1469 3525 1592 3579 suis
1618 3542 1631 3578 :
1657 3541 1777 3580 non

105 3625 192 3673 est
215 3620 322 3690 qui
354 3616 547 3672 faciat
571 3615 825 3683 bonum,
846 3629 968 3670 non
993 3619 1081 3670 est
1103 3630 1291 3686 usque
1314 3613 1391 3670 ab
1417 3630 1623 3671 unum.
1643 3614 1776 3671 Non

102 3710 342 3764 dicatur
367 3705 594 3775 Gloria,
626 3709 680 3759 et
705 3704 917 3760 honor.

175 3798 417 3852 Oratio.
446 3793 678 3848 Inimici
710 3793 790 3848 tui
814 3793 1082 3857 Domine,
1106 3791 1388 3848 adversus
1420 3797 1470 3848 te
1489 3807 1780 3849 convene-

103 3892 262 3951 runt,
287 3901 420 3941 non
444 3889 506 3938 ut
539 3887 1087 3953 compungerentur
1117 3881 1466 3953 paenitentia
1497 3881 1776 3947 salutari;

103 3977 212 4032 sed
239 3976 334 4046 (ut
365 3973 548 4042 soliti)
600 3971 952 4028 tentandum
984 3979 1037 4026 te
1065 3969 1296 4028 adirent
1326 3973 1608 4028 inrisione
1649 3989 1778 4028 cru-

105 4064 268 4119 deli:
293 4063 403 4135 qui
428 4078 567 4131 ergo
590 4062 881 4117 innocens
903 4077 1220 4134 perpessus
1248 4061 1701 4117 esinimicorum
1725 4066 1780 4118 et

107 4151 444 4208 inrisiones
456 4155 511 4206 et
526 4151 774 4207 vulnera
794 4167 808 4218 ;
829 4151 1099 4207 nostrain
1116 4146 1210 4206 his
1230 4149 1407 4205 ablue
1423 4151 1776 4221 propitiatus

103 4243 400 4314 peccata.
435 4248 495 4308 Br.
525 4243 733 4297 Amen.

171 4347 544 4416 Antiphona
562 4350 614 4402 3.
638 4344 908 4414 Domine,
934 4341 1102 4400 salva
1121 4361 1214 4401 me
1241 4361 1277 4401 a
1295 4341 1780 4403 contradictioni-
1814 4346 1857 4400 D

97 4441 220 4494 bus
244 4435 463 4510 populi
487 4453 504 4490 :
531 4435 856 4492 constitues
876 4450 968 4490 me
984 4435 1044 4489 in
1073 4440 1253 4505 caput
1272 4436 1535 4506 gentium
1556 4441 1611 4493 et
1627 4436 1781 4493 exal-

101 4532 266 4583 tetur
289 4527 449 4580 Deus
474 4523 681 4580 salutis
722 4539 888 4578 mete.
915 4521 976 4582 ἲν.
1015 4522 1262 4592 Diligam
1305 4530 1356 4580 te
1383 4526 1628 4582 Domine
1672 4526 1783 4582 vir-

101 4624 200 4672 tus
226 4630 373 4671 mea
410 4633 423 4669 :
458 4615 612 4669 Deus
643 4613 1089 4670 firmamentum
1123 4629 1347 4680 meum,
1382 4621 1437 4670 et
1485 4616 1780 4686 refugium

105 4722 344 4770 meum,
371 4708 430 4758 et
457 4703 741 4758 liberator
770 4719 960 4758 meus.

182 4813 486 4882 Hymnus.
522 4811 566 4866 Ο
595 4811 912 4866 Nazarene.
945 4810 1054 4880 fol.
1095 4811 1212 4865 144.

182 4921 417 4976 Oratio.
454 4916 684 4973 Christe
711 4919 863 4972 Deus
893 4919 1110 4984 noster,
1142 4916 1248 4989 qui
1279 4920 1648 4976 contumacis
1678 4935 1780 4992 po-

101 5009 234 5080 puli
256 5005 840 5065 contradictionibus
869 5021 932 5062 es
961 5012 1357 5080 contemptus,
1390 5013 1444 5063 et
1470 5009 1549 5064 ob
1578 5009 1692 5065 hoc
1719 5010 1779 5066 in

99 5100 306 5170 capite
334 5097 609 5170 gentium
632 5096 982 5151 constitutus
1002 5113 1015 5163 ;
1035 5112 1164 5163 nos,
1185 5097 1406 5170 quibus
1427 5113 1533 5170 per
1554 5099 1781 5170 passio-

97 5203 252 5242 nem
270 5193 324 5242 et
347 5185 850 5242 resurrectionem
868 5189 1036 5241 tuam
1058 5192 1237 5258 caput
1261 5186 1388 5241 ﬁeri
1408 5187 1638 5243 voluisti
1659 5206 1778 5245 non

93 5276 358 5349 patiaris
382 5293 419 5331 a
444 5283 497 5330 te
524 5273 857 5346 aliquando
883 5275 1122 5344 prtecidi
1159 5295 1170 5331 :
1207 5282 1268 5331 ut
1289 5281 1341 5331 te
1369 5276 1519 5332 duce
1569 5277 1642 5333 de
1675 5279 1780 5334 ad-

95 5369 296 5421 versis
313 5365 721 5439 potestatibus
742 5363 1178 5435 triumphemus,
1199 5380 1368 5438 quem
1391 5381 1498 5438 pro
1516 5367 1691 5425 nobis
1717 5370 1777 5426 in

93 5457 315 5512 Crucis
339 5452 621 5530 patibulo
647 5452 972 5510 exaltatum
992 5453 1310 5510 credimus.

93 5547 277 5603 Pater
297 5548 528 5604 noster.

485 5632 726 5690 PATROL.
770 5631 1065 5692 LXXXVI.

1892 1806 2066 1876 265
2097 1805 2169 1860 de
2198 1806 2353 1861 tribu
2375 1806 2531 1862 Juda
2558 1807 2617 1862 in
2638 1807 2728 1864 ira
2747 1811 2850 1864 tua
2866 1823 3105 1880 exurge,
3129 1815 3184 1866 et
3233 1813 3535 1871 severitate

1885 1893 2110 1964 judicii,
2141 1894 2417 1950 insidiosi
2446 1895 2601 1951 hosti
2634 1901 2921 1953 cattervas
2944 1897 3217 1955 interime
3257 1919 3269 1958 :
3300 1916 3534 1974 nosque

1888 1982 1948 2038 in
1967 1986 2282 2055 praecepto,
2310 1984 2472 2054 quod
2493 1985 2811 2057 mandasti,
2839 1985 3078 2044 credere
3103 1991 3159 2045 et
3185 2003 3537 2061 permanere

1887 2073 2163 2129 concede.

1957 2162 2122 2218 Pater
2141 2166 2358 2220 noster.

1961 2251 2270 2309 llumiliate
2304 2267 2408 2308 vos
2433 2252 2856 2311 benedictioni.

1960 2342 2244 2397 Dominus
2270 2341 2342 2398 sit
2365 2358 2619 2414 semper.
2650 2355 2716 2414 ἢ.
2744 2346 2826 2400 Et.

1955 2430 2310 2487 Benedictio.
2337 2431 3024 2506 ChristusDominus,qui
3043 2439 3231 2492 morte
3255 2452 3366 2494 sua
3391 2453 3536 2511 quas

1886 2517 2248 2575 driduanam
2269 2520 2656 2577 humanitatis
2676 2527 2892 2578 nostrae
2909 2529 3163 2580 mortem
3194 2525 3430 2591 devicit,
3450 2527 3539 2582 vi-

1886 2611 2073 2663 ctores
2098 2623 2202 2662 vos
2231 2607 2449 2664 efficiat
2478 2609 2740 2664 criminis
2768 2611 2965 2665 vestri.
2997 2621 3061 2680 Bt.
3091 2615 3297 2667 Amen.
3339 2614 3403 2669 Et
3433 2615 3537 2687 qui

1887 2695 2038 2752 tradi
2065 2711 2124 2751 se
2167 2695 2439 2767 permisit
2457 2697 2535 2751 ad
2555 2697 2774 2768 impiis,
2798 2697 2876 2753 ab
2896 2702 3257 2755 aeternorum
3279 2716 3384 2757 vos
3401 2717 3540 2775 sup-

1887 2785 2200 2856 pliciorum
2230 2784 2442 2856 eripiat
2490 2785 2704 2857 pcenis.
2736 2797 2800 2857 ῆι.
2831 2790 3040 2841 Amen.
3074 2788 3142 2842 Ut
3171 2803 3309 2842 cum
3358 2804 3429 2845 eo
3467 2791 3541 2845 si-

1888 2888 1962 2928 ne
2021 2875 2140 2929 ﬁne
2187 2873 2416 2940 vivatis,
2461 2874 2568 2945 qui
2619 2873 2805 2932 victor
2833 2873 3024 2931 factus
3065 2880 3152 2932 est
3192 2877 3419 2933 mortis.
3472 2877 3536 2938 7V.

1895 2972 2102 3019 Amen.

1813 3075 1853 3131 ρ
1964 3052 2072 3106 Per
2093 3051 2556 3109 misericordiam
2597 3052 2809 3124 ipsius,
2841 3056 2954 3112 etc.

1964 3142 2200 3197 Lauda.
2239 3144 2502 3198 Lucerna
2530 3141 2788 3214 pedibus
2815 3142 2964 3198 meis
2987 3142 3254 3200 verbum.
3275 3144 3391 3215 fol.
3415 3146 3538 3202 260.

2507 3246 2700 3286 FERTIA
2738 3247 2960 3289 TERTIA.

2455 3319 2549 3374 Ad
2583 3319 2970 3376 Matutinum.

1959 3409 2317 3479 Antiphona.
2334 3411 2579 3478 Exurge,
2592 3407 2838 3463 Domine
2855 3407 3089 3463 salvum
3117 3423 3212 3464 me
3231 3407 3344 3464 fac.
3370 3411 3538 3466 Psal-

1889 3514 2016 3555 mus
2047 3504 2126 3554 ni.
2173 3498 2366 3554 Oratio
2411 3500 2658 3566 Exurge,
2714 3496 2958 3552 Domine
3011 3495 3164 3552 Deus
3219 3501 3438 3565 noster,
3473 3498 3536 3556 in

1889 3588 2178 3643 auxilium
2209 3587 2544 3643 humilium.
2569 3586 2670 3657 fol.
2703 3589 2831 3641 258.

1957 3677 2307 3745 Antiphona
2337 3681 2380 3730 1.
2428 3674 2672 3730 Salvum
2701 3689 2796 3730 me
2816 3673 2910 3730 fac
2963 3674 3222 3742 Domine,
3249 3675 3538 3748 quoniam

1887 3764 2098 3820 defecit
2115 3770 2382 3820 sanctus:
2406 3763 2697 3836 quoniam
2719 3762 3026 3819 diminutas
3047 3768 3187 3819 sunt
3202 3763 3476 3821 veritates
3501 3781 3538 3824 a

1887 3853 2021 3908 ﬁliis
2050 3853 2384 3909 hominum.
2431 3854 2594 3908 Vana
2635 3851 2870 3907 locutus
2895 3856 2983 3908 est
3025 3852 3427 3924 ususquisque
3459 3853 3538 3910 ad

1888 3943 2227 4015 proximum
2256 3957 2460 3998 suum:
2496 3940 2807 4013 Disperdat
2835 3941 3124 3996 Dominus
3151 3940 3433 3999 universa
3455 3942 3538 4000 la-

1887 4032 1986 4088 bia
2008 4031 2240 4097 dolosa,
2269 4037 2324 4086 et
2353 4031 2622 4100 linguam
2653 4029 3122 4101 magniloquam.

1961 4122 2184 4178 Oratio.
2217 4121 2458 4177 Salvum
2479 4119 2572 4176 fac
2611 4119 2903 4192 populum
2934 4125 3103 4176 tuum
3137 4120 3406 4186 Domine,
3429 4121 3537 4195 qui

1889 4211 2149 4282 gloriosa
2168 4209 2465 4283 passionis
2479 4215 2594 4267 tuas
2615 4209 2959 4281 exceptione
2975 4208 3278 4266 laetamur:
3297 4215 3361 4266 ut
3375 4209 3538 4269 labia

1889 4299 2100 4356 dolosa
2123 4315 2245 4355 non
2274 4299 2608 4355 habeamus
2659 4296 2719 4352 in
2747 4297 2925 4354 corde
2950 4313 2960 4352 :
2996 4299 3096 4353 sed
3128 4314 3231 4355 ore
3256 4299 3535 4371 simplici,

1889 4395 1946 4446 et
1975 4405 2121 4445 vane
2143 4388 2521 4462 loquentibus
2541 4387 2722 4442 ﬁnem
2740 4402 2901 4458 pore,
2932 4391 2987 4443 et
3010 4387 3069 4442 in
3095 4391 3147 4443 te
3165 4387 3537 4445 credentium

1890 4479 2190 4552 possimus
2216 4477 2540 4534 accendere
2568 4476 2935 4532 charitatem.
2971 4488 3033 4548 Bg.
3051 4482 3248 4533 Amen.

1963 4569 2070 4624 Per
2100 4567 2590 4624 misericordiam.

1957 4659 2302 4729 Antiphona
2325 4661 2377 4712 2.
2409 4660 2584 4712 Notas
2610 4657 2702 4712 fac
2747 4656 2893 4712 mihi
2925 4656 3050 4712 vias
3095 4657 3225 4712 vitae
3264 4653 3527 4719 Domine,

1889 4749 1968 4804 im
1979 4747 2164 4820 plebis
2185 4763 2280 4802 me
2302 4745 2504 4801 lmtitia
2527 4762 2664 4801 cum
2688 4745 2851 4802 vultu
2870 4750 2972 4802 tuo
2997 4762 3010 4802 :
3035 4744 3454 4800 delectationes
3471 4742 3534 4798 in

1890 4837 2131 4893 dextera
2163 4843 2257 4890 tua
2285 4852 2478 4906 usque
2507 4835 2568 4890 in
2589 4835 2794 4892 tinem.
2827 4834 2886 4896 ἰν.
2925 4837 3222 4892 Conserva
3276 4847 3372 4887 me
3414 4834 3536 4890 Do-

1890 4925 2068 4990 mine,
2093 4923 2382 4996 quoniam
2413 4923 2471 4977 in
2503 4927 2555 4978 te
2611 4923 2862 4994 speravi.
2899 4921 3022 4977 Dixi
3060 4920 3347 4980 Domino:
3381 4923 3534 4979 Deus

1891 5029 2057 5070 meus
2071 5029 2134 5068 es
2148 5011 2525 5084 tu,quoniam
2540 5010 2834 5067 bonorum
2853 5026 3125 5067 meorum
3139 5025 3261 5066 non
3278 5010 3532 5081 indiges.

1961 5103 2183 5159 Oratio.
2219 5104 2519 5171 Rogamus
2561 5104 2635 5168 te,
2663 5101 2908 5156 Domine
2957 5103 3122 5157 Pater
3151 5101 3531 5173 omnipotens

1892 5195 2042 5248 Deus
2067 5212 2076 5248 :
2103 5196 2162 5245 ut
2184 5189 2697 5261 quemadmodum
2711 5190 2884 5247 nobis
2901 5189 3259 5247 intellectum
3280 5190 3532 5245 tribuere

1888 5283 2169 5351 dignatus
2193 5296 2283 5338 es;
2317 5278 2464 5334 itaet
2485 5283 2719 5335 (eterna;
2739 5281 2868 5336 vitae
2891 5287 3064 5336 notas
3093 5281 3220 5336 vias
3242 5275 3484 5334 ostende
3514 5288 3526 5327 :

1888 5375 1950 5428 ut
1975 5369 2282 5441 adimplcti
2314 5367 2513 5426 laetitia
2551 5385 2689 5426 cum
2717 5370 2886 5427 vultu
2916 5374 3037 5438 tuo,
3088 5369 3147 5425 in
3186 5379 3368 5436 regno
3427 5367 3528 5418 tuo

1880 5458 2283 5532 jocundemnr
2307 5475 2343 5516 a
2372 5457 2605 5515 dextris.
2646 5470 2706 5530 ne.
2743 5463 2952 5516 Amen.

1958 5550 2065 5606 Per
2095 5548 2584 5609 misericordiam.

3179 5631 3246 5688 15
