4094 6164
556 266 663 334 559

1828 239 2277 342 enavimus!
2319 245 2710 310 GOTHIOUM.

3860 241 3967 313 leo

615 370 965 468 Antiphone
985 400 1035 451 3.
1068 389 1684 464 Usquequo,Domine,
1703 384 2057 442 exaltabitur
2090 381 2196 436 ini-
2225 377 2269 431 A
2304 394 2426 434 non
2455 383 2678 450 parcat,
2704 375 3276 468 'neceontradicam
3309 368 3696 468 sermonibus
3704 367 3966 468 sanctis;

545 491 738 546 micus
770 501 940 542 meus
969 496 1147 554 super
1162 496 1257 536 me
1273 481 1302 536 ?
1333 479 1641 550 respice,et
1657 474 1873 532 exaudi
1898 487 1991 528 me
2012 469 2195 526 Domi-

545 594 621 634 ne
655 580 805 632 Deus
838 589 1036 628 meus:
1078 567 1396 641 nequando
1442 566 1601 621 dicat
1654 564 1928 619 inimicus
1968 573 2140 615 meus
2177 573 2191 612 :

546 663 832 724 Praevalui
854 661 1144 718 adversus
1177 672 1334 713 eum.
1363 659 1484 723 Ego
1515 658 1718 710 autem
1749 653 1808 706 in
1830 656 1936 706 tua
1965 646 2192 704 miseri-

548 753 750 810 cordia
766 746 1320 822 speravi.Exultavit
1343 758 1444 800 cor
1465 755 1667 797 meum
1685 740 1745 795 in
1770 737 2012 794 salutari
2033 750 2188 790 meo.

618 841 823 898 Oratio
838 883 850 896 .
894 840 1234 908 Usquequo,
1255 833 1525 901 Domine,
1540 828 1894 885 exaltabitur
1914 825 2190 882 inimicus

547 931 762 987 animae
773 923 1165 996 nostrae,quid
1179 937 1291 978 nos
1304 919 1653 993 quotidiana
1662 916 1943 972 vitiorum
1957 911 2196 969 abrodit

549 1017 822 1086 rubigine
839 1017 867 1070 ?
882 1013 1123 1084 Respice
1133 1012 1345 1081 jam,et
1359 1007 1577 1065 exaudi
1590 1022 1700 1062 nos
1721 1022 1734 1061 :
1753 1021 1822 1061 ac
1866 1001 2194 1075 nequando

548 1105 814 1161 inimicus
829 1105 1022 1158 noster
1034 1100 1339 1156 adversum
1354 1113 1463 1152 nos
1478 1093 1858 1165 praevaluisse
1896 1108 1956 1148 se
1974 1092 2190 1161 jactet:

548 1192 795 1248 victoria
820 1189 1010 1244 crucis
1044 1193 1160 1243 tuae
1191 1201 1428 1258 semper
1450 1184 1529 1241 ad
1558 1198 1820 1256 superna
1848 1197 1957 1237 nos
1987 1179 2145 1248 erige
2178 1195 2190 1231 :

549 1285 606 1337 et
644 1295 781 1335 eum
812 1278 1047 1349 quinos
1071 1280 1564 1345 conaturrapere,
1615 1272 1726 1326 sub
1774 1269 1993 1326 nostris
2036 1265 2198 1339 pedi-

548 1369 663 1425 bus
683 1365 1113 1423 conterendum
1135 1364 1440 1432 immerge.
1470 1372 1534 1430 It.
1559 1361 1768 1414 Amen.

620 1459 730 1512 Per
745 1452 1231 1512 misericordiam.

620 1557 684 1615 Βτ.
712 1547 790 1599 Ne
850 1539 1244 1597 obduraveris
1282 1553 1479 1595 aurem
1518 1541 1682 1592 tuam
1735 1534 1813 1591 ad
1861 1532 2196 1589 orationem

549 1648 750 1689 meam
772 1652 782 1689 :
800 1633 863 1686 in
884 1628 1172 1686 auxilium
1184 1627 1329 1682 mihi
1345 1625 1664 1690 accessisti,
1695 1623 1941 1679 Domine
1964 1637 1975 1676 :
1994 1621 2057 1676 in
2077 1620 2194 1685 die,

2375 468 2516 531 Quae
2537 472 2623 522 est
2647 467 2806 521 enim
2820 464 3101 521 fortitudo
3136 477 3286 525 mea,
3311 463 3377 516 ut
3405 456 3568 512 mala
3590 455 3961 512 sustineam?

2302 556 2323 576 '
2352 560 2454 610 aut
2480 555 2616 627 quis
2642 555 2778 610 ﬁnis
2799 569 2990 619 meus,
3027 558 3090 607 ut
3109 549 3400 623 patienter
3438 546 3661 616 agam?

2372 646 2485 698 Nec
2505 643 2787 700 fortitudo
2814 641 3088 714 lapidum
3116 637 3399 695 fortitudo
3421 650 3580 705 mea,
3618 634 3640 657 “
3671 648 3786 689 nec
3821 648 3959 691 caro

2300 746 2437 787 mea
2464 747 2632 789 aenea
2659 738 2765 788 est.

2372 823 2535 891 Ecce,
2590 837 2711 877 non
2755 824 2846 875 est
2877 818 3167 876 auxilium
3206 816 3269 872 in
3316 830 3434 880 me,
3458 816 3474 832 '
3517 816 3576 869 et
3634 813 3963 868 necessarii

2300 925 2542 980 quoque
2564 911 2676 965 mei
2715 912 3083 964 recesserunt
3111 922 3148 962 a
3168 921 3288 961 me.
3323 916 3387 974 Βι.
3420 903 3634 958 Amen.

2374 996 2595 1052 Oratio.
2627 997 2767 1062 Quis
2796 996 2916 1060 det,
2949 996 3234 1051 utveniat
3283 991 3489 1065 petitio
3537 988 3825 1046 Ecclesiae
3853 993 3962 1045 tute

2305 1086 2558 1153 Christe;
2581 1085 2694 1141 nisi
2721 1085 2935 1156 tui,qui
2959 1084 3224 1156 optimus
3250 1081 3533 1138 liberator
3558 1095 3624 1134 es
3658 1079 3687 1134 ?
3718 1080 3964 1144 Prmsta,

2306 1180 2368 1230 ut
2385 1174 2490 1246 qui
2516 1189 2625 1244 pro
2654 1189 2725 1230 ea
2755 1189 2979 1244 egenus
3005 1178 3062 1229 et
3099 1185 3334 1245 pauper
3360 1168 3607 1226 effectus
3649 1184 3740 1233 es,
3790 1166 3964 1224 donis

2305 1262 2642 1318 cmlestibus
2671 1278 2805 1318 eam
2830 1263 2892 1317 in
2912 1262 3111 1318 futuro
3134 1259 3470 1316 muniﬁces.
3503 1268 3567 1328 1}.
3593 1262 3814 1312 Amen.

2374 1356 2481 1408 Per
2504 1352 2993 1408 misericordiam.

2374 1441 2471 1496 Ad
2499 1441 2870 1497 Benedictus.
2896 1439 3264 1511 Antiphona.
3288 1441 3350 1493 In
3377 1435 3686 1494 matutinis
3705 1434 3959 1492 medita-

2303 1528 2415 1585 hor
2433 1529 2495 1584 in
2516 1533 2608 1585 te:
2657 1529 2804 1602 quia
2859 1529 3018 1585 fuisti
3074 1527 3309 1599 adjutor
3337 1541 3537 1582 meus.
3578 1524 3857 1581 Domine.
3896 1524 3958 1583 ῒ.

2305 1619 2458 1673 Deus
2477 1635 2661 1683 meus,
2690 1618 2768 1674 ad
2790 1623 2844 1674 te
2869 1618 2944 1673 de
2966 1615 3099 1673 luce
3131 1615 3330 1686 vigilo.

549 1725 757 1793 quate
795 1717 1090 1782 invocavi,
1121 1715 1360 1770 dixisti:
1395 1716 1452 1768 P.
1481 1717 1560 1769 Ne
1593 1714 1826 1768 timeas.
1851 1710 1913 1771 γ.
1948 1708 2198 1764 Effunde
2232 1731 2274 1785 Β
2378 1707 2678 1764 Canticum
2733 1707 2997 1764 Danielis
3033 1720 3118 1762 ιιι.
3174 1703 3533 1760 Benedictus
3571 1706 3661 1759 est
3705 1702 3964 1760 Domine

550 1809 797 1877 framea,
834 1810 890 1862 et
930 1804 1220 1861 conclude
1250 1802 1537 1860 adversus
1568 1816 1689 1865 eos,
1723 1800 1826 1871 qui
1861 1814 1958 1854 me
2004 1811 2200 1869 perse-

548 1901 834 1969 quuntur,
877 1899 933 1950 et
957 1894 1047 1949 dic
1077 1893 1294 1949 animae
1318 1907 1466 1947 mem
1486 1909 1501 1944 :
1525 1891 1584 1946 P.
1613 1891 1692 1945 Ne
1718 1889 1946 1943 timeas.

623 1984 846 2040 Oratio.
875 1986 952 2038 Ne
967 1981 1250 2048 obdures,
1280 1980 1754 2043 Domine,aurem
1777 1982 1939 2032 tuam
1963 1973 2042 2031 ad
2059 1990 2198 2030 ora-

551 2075 773 2130 tionem
803 2071 1075 2128 Ecclesiae
1103 2075 1248 2126 tuae:
1273 2070 1335 2125 in
1364 2068 1650 2125 auxilium
1700 2068 1830 2138 ejus
1860 2065 2110 2132 accede;
2139 2068 2202 2121 ut

551 2165 655 2236 qui
684 2179 792 2235 pro
814 2177 883 2216 ea
900 2176 1112 2232 passus
1132 2175 1194 2214 es
1224 2158 1576 2230 passionum
1603 2157 1758 2213 dura
1782 2154 2094 2226 supplicia,
2114 2154 2201 2209 in-

551 2255 866 2306 vocantem
892 2263 1027 2303 eam
1059 2250 1159 2303 tua
1179 2245 1374 2302 Deitas
1402 2260 1525 2300 non
1554 2247 1799 2316 spernat
1823 2248 1914 2298 :ut
1934 2257 2070 2315 quas
2087 2241 2199 2297 tuis

550 2337 930 2411 passionibus
959 2335 1382 2398 conformatur,
1415 2334 1530 2391 tuis
1564 2347 1808 2406 quoque
1848 2329 2199 2388 muneribus

553 2427 908 2486 consoletur.
937 2437 1001 2496 ﬁ.
1023 2428 1238 2480 Amen.

621 2519 744 2574 Per.

1187 2601 1256 2655 In
1269 2598 1594 2655 Laudibus.

618 2691 983 2762 Antiphona.
1009 2688 1350 2746 Secundum
1384 2701 1675 2755 magnam
1725 2683 2198 2742 misericordiam

549 2788 714 2838 tuam
728 2781 1003 2837 miserere
1029 2777 1308 2833 meiDeus
1337 2774 1833 2841 meus.Quoniam
1863 2790 1966 2831 cor
1993 2789 2197 2830 meum

547 2869 868 2927 contritum
904 2871 1012 2934 est,
1053 2865 1372 2938 deprecor:
1398 2865 1665 2920 Miserere
1687 2863 1823 2920 mei.
1843 2864 2118 2920 Psalmus
2141 2878 2192 2919 1..

618 2959 838 3014 Oratio.
873 2957 1139 3011 Miserere
1183 2954 1355 3008 nobis
1381 2953 1651 3017 Domine,
1709 2952 2040 3007 secundum
2070 2967 2196 3008 ma-

547 3064 728 3116 gnam
753 3044 1225 3101 misericordiam
1254 3047 1505 3109 tuam,et
1531 3042 1609 3098 ab
1635 3058 1831 3099 errore
1843 3043 2194 3114 resipiscen-

544 3134 701 3190 tibus
727 3132 1052 3188 clementiae
1083 3136 1197 3186 tuae
1219 3131 1382 3200 aperi
1399 3130 1677 3199 januam.
1707 3132 1964 3187 Tuarum
1990 3133 2190 3203 itaque

545 3220 1081 3277 misericordiarum
1098 3217 1492 3288 magnitudine
1504 3233 1625 3273 non
1642 3218 1887 3273 sinimur
1904 3219 2190 3276 malorum

543 3315 886 3366 nostrorum
911 3308 1086 3364 obrui
1106 3305 1492 3379 depressione
1515 3323 1527 3362 ε
1551 3322 1659 3362 nos
1676 3309 1835 3362 enim
1852 3308 2190 3380 iniquitates

543 3402 778 3454 nostras
807 3397 1227 3469 agnoscimus;
1256 3401 1311 3451 et
1339 3411 1444 3467 per
1465 3394 1654 3450 moles
1680 3395 2001 3452 criminum
2029 3411 2189 3453 com-

543 3488 867 3544 missorum
895 3487 956 3542 in
988 3485 1207 3542 nostris
1247 3483 1432 3541 oculis
1464 3485 1766 3556 punimur.
1809 3487 1917 3540 Pro
1951 3501 2071 3558 qua
2102 3501 2184 3553 re,

543 3577 829 3632 Domine:
879 3575 1038 3631 unde
1068 3591 1179 3631 nos
1220 3573 1652 3641 erubescimus,
1685 3578 1749 3629 tu
1807 3574 2086 3644 ignosce;
2134 3580 2189 3631 et

542 3680 612 3721 ea
631 3681 766 3737 quas
795 3664 986 3735 egisse
1024 3679 1134 3720 nos
1165 3663 1430 3735 poenitet,
1475 3669 1539 3719 tu
1569 3661 1698 3719 dele
1747 3661 2082 3719 clementer.
2119 3675 2182 3735 ﬁ.

543 3759 752 3810 Amen.

610 3843 720 3898 Per
751 3841 1236 3898 misericordiam.

610 3932 703 3987 Ad
727 3933 1053 3988 Canticum.
1085 3929 1446 3998 Antiphone.
1471 3929 1614 3995 Quis
1639 3929 1738 3986 det
1763 3937 1827 3987 ut
1853 3931 2053 3987 veniat
2080 3946 2184 4003 pe-

538 4021 663 4078 titio
701 4036 863 4076 mea:
891 4025 945 4075 et
983 4019 1141 4090 quod
1171 4022 1452 4089 exspecto
1485 4018 1704 4076 tribuat
1724 4020 1872 4075 mihi
1912 4021 2114 4076 Deus?

963 4107 1267 4165 Canticum
1298 4105 1404 4162 Job
1443 4107 1608 4177 (Cap.
1643 4109 1747 4178 vi).

610 4199 800 4254 Verba
836 4213 972 4254 mea
997 4195 1201 4252 dolore
1223 4195 1580 4266 suntplena:
1615 4198 1634 4217 "
1662 4195 1804 4267 quia
1818 4198 2047 4266 sagittae
2069 4199 2182 4254 Do-

538 4288 682 4343 mini
703 4287 764 4342 in
797 4302 893 4342 me
923 4290 1082 4342 sunt.

608 4380 875 4442 Quarum
905 4374 1236 4444 indignatio
1283 4373 1469 4430 ebibit
1515 4374 1781 4445 spiritum
1826 4391 2048 4440 meum,
2081 4377 2094 4394 ‘
2127 4383 2181 4432 et

535 4470 786 4521 terrores
816 4463 1047 4522 Domini
1073 4464 1328 4520 militant
1355 4468 1564 4520 contra
1584 4480 1699 4520 me.

607 4555 909 4627 Numquid
929 4554 1119 4627 rugiet
1135 4568 1360 4623 onager
1375 4570 1512 4609 cum
1539 4553 1813 4612 habuerit
1839 4553 2090 4610 herbam
2111 4555 2140 4609 ?
2162 4557 2181 4578 ’

538 4650 639 4700 aut
670 4646 894 4714 mugiet
922 4643 1032 4699 bos
1063 4658 1200 4699 cum
1215 4648 1350 4698 ante
1373 4657 1637 4714 praesepe
1660 4643 1906 4714 plenum
1921 4643 2183 4700 steterit?

609 4735 785 4804 266
812 4737 924 4788 Aut
952 4731 1405 4804 poteritcomedi
1425 4731 1746 4800 insulsum,
1765 4732 1930 4803 quod
1949 4747 2070 4789 non
2095 4736 2184 4790 est

537 4822 659 4878 sole
679 4823 990 4880 conditum
1011 4822 1074 4877 ‘P'
1104 4827 1208 4879 aut
1236 4825 1429 4894 potest
1471 4822 1687 4893 aliquis
1726 4825 1984 4892 gustare,
2017 4821 2183 4894 quod

535 4916 838 4979 gustatum
866 4912 1036 4969 affert
1057 4914 1310 4968 mortem
1324 4911 1352 4966 ‘t

603 4999 746 5063 Quae
776 5000 939 5072 prius
985 5005 1228 5068 tangere
1261 4998 1502 5057 nolebat
1542 4998 1749 5056 anima
1781 5013 1937 5063 mea,
1973 4998 1993 5020 '
2020 5015 2182 5057 nunc

532 5102 652 5159 pres
681 5089 975 5157 angustia,
1018 5087 1134 5145 cibi
1159 5088 1273 5145 mei
1295 5093 1450 5145 sunt.

606 5175 749 5241 Quis
778 5175 877 5232 det
907 5181 968 5233 ut
997 5177 1195 5234 veniat
1211 5177 1414 5249 petitio
1445 5193 1610 5235 mea:
1643 5176 1884 5250 etquod
1909 5181 2177 5251 expecto,

533 5265 755 5322 tribuat
780 5266 927 5322 mihi
958 5269 1111 5323 Deus
1129 5267 1156 5322 ‘I

603 5359 668 5414 Et
705 5358 805 5429 qui
848 5357 1042 5428 coepit,
1076 5355 1202 5427 ipse
1222 5371 1318 5410 me
1337 5360 1640 5412 conterat:
1673 5359 1687 5374 '
1711 5358 1904 5415 solvat
1926 5375 2179 5417 manum

531 5460 724 5510 suam,
745 5450 802 5501 et
833 5443 1101 5500 succidat
1138 5443 1278 5500 me?

599 5534 667 5588 Et
702 5533 830 5590 haec
842 5533 988 5591 mihi
1005 5532 1081 5590 sit
1098 5530 1521 5598 consolatio,ut
1543 5532 1820 5604 afﬂigens
1837 5550 1934 5592 me
1948 5535 2174 5608 dolore,

2302 1797 2417 1866 fol.
2449 1800 2503 1851 6.

2381 1885 2605 1941 Lauda.
2651 1885 2992 1942 Secundum
3034 1880 3469 1940 multitudinem
3520 1881 3966 1952 magnitudinis

2307 1973 2467 2044 ejus:
2487 1973 2727 2030 laudate
2745 1972 3070 2031 Dominum
3087 1973 3148 2028 in
3169 1971 3389 2029 sanctis
3412 1971 3541 2042 ejus
3554 1970 3864 2029 .Psatmus
3878 1988 3964 2029 eL.

2423 2063 2618 2119 Lectio
2655 2063 2796 2119 libri
2818 2063 3112 2120 Samuelis
3133 2061 3358 2132 (Primi
3388 2060 3534 2132 Reg.
3567 2074 3700 2131 cap.
3732 2060 3855 2132 vn).

2377 2162 2442 2222 ῐτι.
2462 2151 2580 2206 Deo
2613 2151 2852 2220 gratias.

2376 2242 2440 2295 In
2467 2239 2580 2295 illis
2607 2239 2840 2295 diebus.
2881 2240 3179 2296 Venerunt
3204 2238 3315 2294 viri
3340 2236 3776 2304 Cariathiarim,
3792 2243 3852 2295 et
3871 2253 3962 2296 re-

2305 2326 2604 2384 duxerunt
2641 2342 2844 2386 arcam
2883 2328 3138 2399 Domini,
3170 2331 3223 2384 et
3250 2326 3575 2384 intulerunt
3605 2341 3744 2384 eam
3772 2326 3839 2383 in
3855 2327 3968 2385 do-

2305 2432 2474 2472 mum
2495 2416 2813 2473 Abinadab
2837 2417 2898 2472 in
2928 2417 3164 2474 Gabaa:
3194 2415 3540 2472 Eleazarum
3593 2420 3799 2472 autem
3825 2417 3966 2488 ejus

2304 2505 2494 2561 ﬁlium
2519 2505 3127 2575 sanctiﬁeaverunt,ut
3147 2503 3474 2563 custodiret
3497 2520 3705 2562 arcam
3718 2505 3967 2562 Domini

2304 2594 2364 2650 in
2387 2593 2817 2651 Cariathiarim.
2850 2594 3148 2652 Etfactum
3174 2598 3283 2659 est,
3317 2611 3391 2652 ex
3437 2609 3564 2666 qua
3607 2594 3704 2650 die
3735 2594 3970 2651 mansit

2305 2699 2446 2739 arca
2472 2683 2696 2740 Domini
2719 2685 2782 2741 in
2809 2683 3240 2753 Cariatbiarim,
3267 2683 3642 2756 multiplicati
3663 2688 3808 2740 sunt
3827 2683 3965 2741 dies

2306 2772 2458 2844 (erat
2485 2773 2712 2846 quippe
2737 2773 2864 2844 jam
2880 2787 3075 2830 annus
3101 2772 3440 2843 vicesimus)
3458 2771 3969 2845 etrequievitom-

2304 2863 2396 2918 nis
2425 2863 2644 2919 domus
2662 2863 2842 2919 Israel
2871 2869 3006 2934 post
3033 2862 3242 2919 Deum.
3274 2861 3369 2918 Ait
3387 2866 3588 2918 autem
3612 2862 3861 2920 Samuel
3883 2863 3972 2920 ad

2305 2951 2646 3009 universam
2665 2951 2908 3008 domum
2944 2951 3146 3019 Israel,
3179 2951 3413 3008 dicens:
3445 2950 3500 3007 Si
3523 2950 3584 3006 in
3624 2954 3752 3006 toto
3782 2951 3969 3008 corde

2303 3047 2496 3097 vestro
2513 3040 2923 3097 convertimini
2939 3039 3017 3097 ad
3032 3039 3376 3105 Dominum,
3395 3039 3618 3096 auferte
3639 3039 3794 3097 deos
3823 3039 3969 3096 alie-

2302 3145 2416 3184 nos
2444 3129 2519 3185 de
2567 3129 2764 3186 medio
2801 3130 2999 3194 vestri,
3022 3128 3255 3185 Baalim
3282 3132 3340 3184 et
3367 3129 3684 3208 Astarothq:
3726 3135 3785 3184 et
3816 3145 3967 3201 pras-

2299 3224 2502 3289 parate
2522 3218 2706 3274 corda
2744 3224 2937 3274 vestra
2963 3217 3252 3273 Domino:
3281 3221 3337 3273 et
3375 3210 3586 3274 servite
3615 3216 3672 3272 ei
3722 3211 3855 3283 soli,
3909 3224 3968 3276 et

2297 3313 2462 3363 eruet
2499 3323 2606 3364 vos
2641 3306 2715 3362 de
2741 3321 2926 3362 manu
2965 3305 3336 3362 Philisthiim.
3389 3305 3782 3364 Abstulerunt
3818 3322 3966 3377 ergo

2297 3394 2401 3450 ﬁlii
2421 3396 2557 3451 lsrel
2597 3393 2845 3465 Baalim,
2875 3399 2931 3450 et
2965 3394 3262 3459 Astaroth,
3287 3397 3344 3450 et
3374 3394 3710 3452 servierunt
3761 3395 3964 3451 Domi-

2295 3499 2373 3540 no
2388 3483 2677 3539 soli.Dixit
2696 3488 2898 3540 autem
2923 3481 3182 3540 Samuel:
3206 3483 3572 3552 Congregate
3602 3484 3964 3540 universum

2295 3572 2470 3628 Israel
2483 3571 2540 3627 in
2565 3571 2915 3644 Mastphath,
2935 3576 2995 3628 ut
3011 3587 3176 3628 orem
3190 3587 3297 3643 pro
3319 3570 3489 3627 vobis
3507 3570 3587 3627 ad
3607 3573 3961 3631 Dominum.

2253 3695 2257 3698 ~
2295 3664 2358 3716 Et
2382 3661 2862 3716 conveneruntin
2891 3659 3199 3732 Masphath
3225 3677 3236 3713 :
3268 3659 3711 3733 hauseruntque
3730 3678 3962 3735 aquam

2293 3754 2350 3807 et
2370 3749 2708 3806 eﬁuderunt
2731 3749 2793 3805 in
2822 3753 3142 3821 conspectu
3157 3747 3410 3819 Domini,
3435 3754 3492 3805 et
3502 3749 3958 3821 jejunaverunt,

2295 3839 2356 3894 in
2387 3839 2480 3895 die
2519 3838 2637 3904 illa,
2664 3843 2841 3912 atque
2869 3837 3145 3894 dixerunt
3172 3854 3184 3893 :
3208 3837 3334 3894 Tibi
3353 3838 3741 3909 peccavimus
3759 3839 3964 3897 Domi—

2293 3944 2386 3984 ne.
2431 3927 2843 4000 Judicavitque
2868 3926 3106 3983 Samuel
3132 3925 3287 3982 ﬁlios
3316 3927 3499 3982 Israel
3529 3926 3594 3982 in
3615 3928 3956 4000 Masphath.

2293 4017 2737 4089 Audierantque
2764 4015 3114 4071 Philisthiim
3146 4014 3311 4087 quod
3354 4016 3708 4088 congregati
3750 4020 3962 4073 essent

2292 4105 2397 4162 lilii
2423 4105 2597 4162 Israel
2626 4107 2686 4161 in
2702 4105 3094 4177 Masphath,et
3110 4101 3503 4160 ascenderunt
3521 4108 3797 4178 satrapes
3819 4104 3959 4160 Phi-

2291 4195 2671 4251 listhinorum
2698 4194 2776 4250 ad
2805 4192 3004 4251 Israel.
3039 4192 3212 4259 Quod
3243 4209 3381 4248 cum
3403 4193 3717 4250 audissent
3751 4191 3863 4250 ﬁlii
3885 4197 3960 4248 Is-

2291 4283 2544 4348 rael,tim
2553 4289 2765 4338 uerunt
2782 4299 2817 4338 a
2833 4281 2982 4339 facie
3016 4281 3958 4357 Philisthinorum.Dixeruntque

2292 4373 2395 4428 ﬁlii
2415 4371 2591 4428 Israel
2612 4371 2689 4428 ad
2721 4368 2991 4428 Samuel:
3015 4373 3093 4426 Ne
3122 4385 3319 4426 cesses
3350 4369 3608 4427 clamare
3629 4375 3746 4444 pro
3777 4371 3959 4428 nobis

2292 4462 2370 4518 ad
2402 4461 2719 4517 Dominum
2733 4459 2923 4516 Deum
2939 4462 3302 4527 nostrum,ut
3317 4459 3503 4516 salvet
3519 4475 3634 4516 nos
3661 4459 3742 4516 de
3771 4471 3958 4518 manu

2291 4548 2955 4607 Philisthinorum.Tulit
2974 4554 3176 4606 autem
3210 4547 3449 4605 Samuel
3469 4563 3701 4621 agnum
3725 4549 3959 4608 lactan-

2291 4645 2411 4696 tem
2443 4655 2651 4710 unum,
2671 4641 2728 4695 et
2757 4635 2993 4695 obtullit
3016 4636 3184 4693 illum
3207 4637 3621 4694 holocaustum
3644 4639 3960 4711 integrum

2292 4729 2575 4785 Domino:
2606 4731 2663 4784 et
2691 4726 2972 4783 clamavit
2995 4725 3235 4782 Samuel
3261 4725 3341 4783 ad
3368 4725 3695 4784 Dominum
3725 4743 3840 4801 pro
3873 4731 3964 4784 is.

2290 4817 2428 4882 rael,
2453 4822 2509 4873 et
2537 4817 2990 4872 exaudiviteum
3023 4815 3586 4874 Dominus.Factum
3605 4822 3696 4874 est
3723 4824 3962 4884 autem,

2291 4923 2429 4964 cum
2444 4904 3368 4972 Samueloﬁ‘erretholocaustum,
3387 4905 3737 4962 Philisthiim
3770 4907 3967 4964 iniere

2291 4995 2563 5070 praelium
2575 5000 2784 5052 contra
2806 4993 2987 5052 Israel
3005 5009 3017 5048 :
3047 4994 3512 5053 intonuitautem
3529 4995 3826 5052 Dominus
3836 4995 3967 5054 fra-

2292 5102 2434 5158 gore
2446 5084 2798 5156 magnorein
2809 5084 2902 5141 die
2918 5083 3018 5141 illa
3029 5099 3208 5156 super
3219 5083 3654 5152 Philisthiim,et
3665 5085 3968 5143 exterruit

2292 5193 2416 5248 eos,
2443 5181 2498 5232 et
2518 5174 2655 5232 caesi
2703 5177 2842 5232 sunt
2866 5173 3056 5232 aﬁliis
3088 5172 3290 5230 Israel.
3332 5173 3688 5246 Egressique
3743 5174 3858 5232 ﬁlii
3887 5175 3969 5231 Is-

2290 5265 2413 5323 rael
2440 5264 2514 5320 de
2533 5263 3162 5336 Masphath,persecuti
3183 5265 3320 5319 sunt
3341 5262 3806 5328 Pbilisthaaos,et
3825 5279 3969 5336 per-

2291 5359 2604 5409 cusserunt
2641 5369 2761 5420 eos,
2782 5368 2975 5426 usque
2995 5351 3073 5408 ad
3099 5351 3301 5409 locum
3327 5351 3645 5408 Betbchar.
3672 5353 3830 5409 Tulit
3855 5367 3967 5408 au-

2290 5449 2409 5500 tem
2438 5443 2676 5500 Samuel
2699 5443 2963 5515 lapidem
2974 5446 3248 5507 unum,et
3263 5442 3461 5513 posuit
3473 5457 3615 5499 eum
3626 5442 3785 5500 inter
3800 5444 3964 5500 Mas-

2290 5531 2497 5603 phath,
2530 5535 2586 5589 et
2607 5532 2758 5590 inter
2789 5533 2902 5590 Sen
2935 5549 2948 5587 :
2984 5535 3041 5589 et
3077 5531 3313 5589 vocavit
3340 5545 3564 5592 nomen
3591 5531 3745 5603 ejus,
3767 5531 3966 5604 Lupi!
