4094 6164
137 321 234 378 461
1290 318 1640 375 DOMINICA
1680 318 1753 375 IV

1939 318 2398 381 DHAGESIMAZ.
3451 340 3556 398 462

132 447 227 517 adj
240 443 437 500 utorii.
473 443 771 515 Dixitque:
800 444 1119 516 Hucusque
1148 444 1467 536 auxiliatos
1497 447 1589 500 est
1615 442 1792 499 nobis
1822 444 1869 497 A
1910 458 2027 514 que
2059 463 2326 514 numera,
2353 454 2410 507 et
2434 455 2813 522 perveterunt
2834 454 3147 524 judicium.
3198 462 3554 536 Congregati

136 532 442 588 Dominus.
479 534 546 588 Et
569 531 865 587 humiliati
898 541 1040 588 sunt
1060 532 1431 597 Philisthiim,
1474 547 1584 587 nec
1609 547 1793 603 appo~
1907 546 2048 602 ergo
2082 538 2342 593 universi
2367 540 2627 612 majores
2645 547 2790 599 natu
2818 543 3011 614 Israel,
3024 555 3310 605 venerunt
3335 531 3417 608 ad
3434 531 3551 612 'Sa-

134 626 381 678 suerunt
410 620 582 685 ultra,
627 620 977 714 utvenirent
1005 620 1067 676 in
1096 621 1384 714 terminos
1407 620 1793 714 Israel.Facta
1900 623 2060 714 muel
2090 624 2151 679 in
2176 628 2898 703 Ramatha.Dixeruntque
2929 632 3011 688 ei:
3040 634 3183 690 Ecce
3204 640 3266 692 tu
3282 642 3547 714 senuisti,

136 716 225 768 est
263 714 467 766 autem
484 723 704 765 manus
719 708 956 765 Domini
969 725 1149 782 super
1164 709 1554 773 Philisthaaos,
1564 709 1792 765 cunctis
1902 713 1958 765 et
1995 710 2099 766 ﬁlii
2129 714 2211 769 tui
2226 730 2348 770 non
2364 717 2677 775 ambulant
2697 719 2759 775 in
2775 720 2883 775 viis
2897 721 3012 776 tuis
3034 738 3045 777 :
3062 725 3354 781 constitue
3378 708 3550 786 nobis

138 800 359 856 diebus
386 797 989 854 Samuel.Etredditoe
1005 803 1143 855 sunt
1159 798 1516 870 urbes,quas
1539 797 1794 854 tulerant
1900 812 2122 867 regem,
2157 806 2218 859 ut
2239 803 2774 874 judicetnos,sicut
2799 814 2853 865 et
2880 811 3176 868 universae
3205 812 3431 872 habent
3447 832 3554 875 na-

138 888 494 944 Philisthiim
522 887 725 951 Israel,
754 888 831 943 ab
861 892 1128 944 Accaron
1168 902 1358 960 usque
1386 888 1548 953 Geth,
1582 892 1639 943 et
1684 892 1793 943 ter-
1902 885 2109 943 tiones.
2134 890 2556 965 Displicuitque
2599 912 2797 953 sermo
2826 898 2888 953 in
2912 898 3097 955 oculis
3120 900 3443 971 Samuelis,
3479 921 3551 963 eo

135 979 342 1034 minos
360 992 527 1033 suos:
556 976 962 1033 liberaverunt
980 977 1055 1033 de
1076 991 1265 1034 manu
1287 976 1788 1041 Philisthinorum,
1900 976 2067 1047 quod
2097 977 2412 1036 dixissent:
2438 982 2523 1038 Da
2546 983 2725 1040 nobis
2740 1000 2963 1055 regem,
2998 991 3062 1043 ut
3088 987 3463 1058 judicetnos.
3487 995 3552 1051 Et

133 1072 388 1139 eratque
415 1081 532 1137 pax
555 1066 710 1121 inter
722 1064 987 1132 Israel,et
1014 1064 1793 1122 AmorrhasumJudicabat-
1900 1065 2090 1120 oravit
2113 1068 2350 1124 Samuel
2369 1070 2448 1127 ad
2487 1072 2832 1129 Dominum.
2850 1074 3003 1130 Dixit
3032 1080 3233 1132 autem
3258 1080 3549 1137 Dominus

132 1170 249 1225 que
274 1153 718 1211 Samuellsrael
744 1154 973 1209 cunctis
1001 1153 1215 1210 diebus
1244 1154 1378 1209 vitae
1411 1169 1555 1209 suae.
1573 1156 1640 1209 Et
1668 1152 1792 1210 ibat
1900 1152 1979 1207 ad
2002 1154 2241 1210 Samuel
2272 1173 2283 1211 :
2312 1159 2465 1214 Audi
2486 1176 2695 1215 vocem
2716 1162 2923 1233 populi
2939 1163 2999 1218 in
3020 1164 3301 1221 omnibus
3317 1168 3550 1238 quaalo-

130 1259 233 1314 per
258 1243 538 1313 singulos
559 1258 757 1299 annos
783 1242 1143 1298 circumiens
1184 1241 1401 1308 Bethel,
1436 1245 1491 1297 et
1544 1241 1606 1296 in
1660 1242 1790 1298 Gal—
1899 1246 2165 1311 quuntur
2196 1245 2329 1300 tibi:
2353 1262 2479 1303 non
2507 1249 2661 1304 enim
2688 1255 2739 1305 te
2766 1250 3132 1321 abjecerunt,
3153 1254 3261 1309 sed
3309 1272 3424 1325 me,
3471 1273 3548 1314 ne

131 1333 281 1401 gala,
313 1338 374 1389 et
398 1332 734 1403 Masphath,
761 1336 816 1386 et
836 1331 1145 1400 judicabat
1167 1331 1345 1387 Israel
1389 1331 1452 1387 in
1483 1330 1790 1402 supradic—
1897 1344 2141 1399 regnem
2168 1350 2347 1405 super
2383 1352 2505 1392 eos.
2545 1341 2721 1395 Juxta
2742 1339 2947 1396 omnia
2962 1356 3144 1412 opera
3168 1358 3439 1416 sua,qua3
3468 1345 3549 1402 fe-

131 1424 199 1478 tis
227 1422 406 1478 locis.
458 1424 525 1476 Et
550 1419 960 1476 revertabatur
980 1420 1041 1474 in
1062 1419 1659 1476 Ramathazubierat
1687 1420 1790 1476 do-
1898 1425 2106 1476 cerunt
2129 1437 2165 1476 a
2203 1421 2298 1478 die
2324 1440 2446 1495 quo
2475 1425 2654 1481 eduxi
2674 1443 2775 1483 eos
2827 1426 2901 1482 de
2944 1432 3198 1501 zEgypto
3242 1448 3431 1504 usque
3469 1436 3548 1492 ad

128 1528 263 1568 mus
302 1511 464 1580 ejus,
488 1515 547 1565 et
577 1508 983 1580 ibijudicabat
1009 1508 1187 1565 Israel
1214 1526 1228 1564 :
1255 1507 1690 1579 aediﬁcavitque
1708 1508 1791 1565 ibi
1899 1506 2059 1562 diem
2106 1508 2297 1565 hanc:
2330 1512 2482 1569 sicut
2502 1514 2949 1587 dereliquerth
2989 1534 3102 1583 me,
3141 1524 3197 1576 et
3220 1520 3550 1579 servierunt

127 1600 308 1657 altare
333 1598 622 1654 Domino,
1900 1594 2014 1651 diis
2044 1597 2271 1670 alienis,
2304 1600 2386 1655 sic
2418 1600 2637 1658 facient
2664 1604 2843 1660 etiam
2873 1604 2995 1661 tibi.
3030 1608 3195 1662 Nunc
3232 1623 3374 1677 ergo
3405 1610 3551 1667 audi

194 1688 504 1757 Hymnus.
534 1686 732 1742 Noctis
768 1688 1026 1756 tempus.
1061 1684 1165 1754 fol.
1198 1684 1319 1740 257.
1355 1684 1660 1755 Capitula.
1704 1684 1790 1739 Li-
1900 1699 2101 1740 vocem
2119 1702 2317 1742 eorum
2338 1695 3547 1768 ;verumtamencontestareeos,etpraedic

124 1777 270 1834 hera
302 1792 419 1831 nos
447 1774 699 1831 Domine
725 1775 838 1843 fol.
872 1777 1000 1829 260.
1823 1799 1866 1853 Β
1901 1771 1985 1827 eis
1993 1772 2091 1843 jus
2112 1776 2285 1845 regis,
2317 1778 2419 1849 qui
2449 1783 2804 1849 regnaturus
2835 1785 2924 1837 est
2945 1797 3119 1852 super
3140 1782 3414 1840 eos.Dixit
3440 1785 3543 1843 ita-

206 1865 439 1921 Lauda.
465 1866 800 1919 Posuerunt
828 1860 1436 1933 peccatoreslaqueos
1453 1860 1601 1917 mihi
1626 1880 1639 1925 ;
1665 1864 1721 1917 et
1754 1877 1791 1918 a
1898 1876 2016 1932 que
2047 1863 2285 1919 Samuel
2315 1866 2520 1923 omnia
2548 1868 2731 1923 verba
2761 1868 2995 1924 Domini
3021 1869 3099 1926 ad
3119 1871 3546 1944 populum,qui

128 1953 437 2011 mandatis
466 1952 607 2018 tuis,
634 1950 905 2015 Domine,
932 1965 1057 2006 non
1086 1948 1400 2005 declinavi.
1444 1948 1505 2011 il.
1548 1948 1789 2005 Heredi-
1900 1950 2145 2021 petierat
2174 1969 2209 2009 a
2238 1969 2299 2009 se
2316 1970 2540 2025 regem,
2576 1962 2631 2012 et
2659 1958 2773 2013 ait:
2820 1959 2941 2013 Hoc
2966 1958 3075 2015 erit
3107 1960 3207 2029 jus
3230 1959 3409 2030 regis,
3439 1961 3546 2032 qui

124 2041 561 2114 tateacquisivi
582 2038 1112 2096 testimoniatuain
1132 2043 1422 2095 aeternum
1443 2056 1455 2091 :
1475 2040 1617 2110 quia
1629 2040 1788 2096 exul—
1898 2039 2297 2110 imperaturus
2328 2045 2624 2100 estvobis:
2647 2046 2832 2104 Filios
2858 2052 3089 2104 vestros
3107 2048 3345 2113 tollet,et
3366 2053 3549 2120 ponet

124 2136 265 2190 tatio
289 2131 503 2189 cordis
534 2130 654 2186 mei
679 2134 838 2185 sunt.
1896 2128 1958 2183 in
1979 2131 2252 2187 curribus
2282 2132 2726 2207 suis,facietque
2761 2135 2873 2192 sibi
2893 2136 3121 2208 equites
3138 2142 3193 2194 et
3215 2154 3545 2211 praecurso-

192 2223 423 2279 Oratt'o.
451 2219 668 2275 Tribue
715 2218 911 2283 nobis,
955 2218 1227 2284 Domine,
1255 2217 1659 2288 adjutorium:
1689 2218 1788 2274 de-
1896 2232 1990 2273 res
2004 2220 2425 2291 quadrigarum
2443 2228 2764 2290 suarum,et
2779 2225 3094 2282 constituet
3123 2226 3237 2281 sibi
3252 2225 3541 2292 tribunos,

124 2312 277 2368 clina
304 2309 455 2366 odia
486 2307 849 2379 iniquorum,
887 2310 943 2362 et
961 2301 1261 2363 fallaciam
1300 2322 1582 2377 superare
1635 2323 1789 2379 prae-
1898 2312 1952 2360 et
1971 2308 2429 2377 centuriones,et
2458 2319 2718 2368 aratores
2744 2328 3027 2382 agrorum
3047 2319 3546 2380 suorum,etmes-

122 2401 569 2457 varicatorum:
596 2399 730 2452 Esto
762 2399 1056 2467 protector
1084 2396 1455 2466 sperantium
1502 2394 1566 2450 in
1609 2395 1788 2452 verbo
1900 2409 2062 2450 sores
2093 2402 2381 2466 segetum,
2413 2406 2469 2455 et
2493 2399 2695 2457 fabros
2735 2418 3042 2459 armorum
3067 2408 3388 2461 etcurrum
3410 2420 3545 2461 suo-

126 2492 329 2554 ωοςθι
348 2484 604 2556 suscipe
616 2482 861 2541 humiles
882 2483 1051 2553 267
1070 2482 1244 2552 juxta
1260 2482 1565 2554 eloquium
1583 2486 1785 2539 tuum:
1897 2484 2233 2541 rum.Filias
2262 2502 2503 2558 quoque
2532 2495 2760 2546 vestras
2775 2489 3068 2546 facietsibi
3091 2492 3540 2561 unguentarias,

125 2584 428 2650 quatenus
452 2572 758 2645 possimus
777 2575 879 2628 tua
904 2571 1192 2627 mandata
1210 2586 1466 2637 servare,
1495 2576 1551 2627 et
1562 2571 1791 2642 judicia
1897 2574 1956 2627 et
1981 2570 2255 2637 focarias,
2297 2578 2353 2628 et
2389 2575 2699 2645 paniﬁcas.
2726 2577 2915 2645 Agros
2937 2593 3180 2649 quoque
3200 2584 3451 2649 vestros,
3489 2584 3547 2637 et

126 2672 224 2722 tua
238 2660 690 2733 metuere,etab
706 2658 1440 2730 admissisindulgentiam
1456 2661 1788 2731 promereri.
1897 2658 1994 2713 vin
2004 2674 2123 2727 eas,
2139 2664 2196 2715 et
2230 2660 2448 2717 oliveta
2476 2664 2705 2734 optima
2724 2663 2900 2733 tollet,
2921 2669 2978 2720 et
3001 2664 3169 2721 dabit
3187 2668 3373 2722 servis
3395 2668 3541 2724 suis.

130 2766 193 2823 ἢ.
226 2759 444 2809 Amen.
1903 2746 2016 2802 Sed
2033 2752 2258 2818 segetes
2273 2753 2517 2816 vestras,
2548 2752 2930 2807 etvinearum
2957 2752 3183 2807 reditus
3220 2754 3551 2812 addecima-

190 2843 305 2899 Per
336 2838 847 2897 misericoridam.
1898 2834 2005 2905 bit,
2037 2837 2515 2894 utdeteunuchis
2547 2845 2603 2895 et
2623 2839 2862 2896 famulis
2901 2842 3043 2897 suis.
3079 2843 3292 2899 Servos
3305 2858 3549 2915 quoque

762 2927 861 2982 Ad
892 2926 1175 2982 Tertiam.
1900 2929 2147 2993 vestros,
2168 2930 2221 2983 et
2256 2926 2524 2997 ancillas,
2551 2933 2606 2984 et
2626 2929 2875 2999 juvenes
2908 2930 3191 3002 optimos,
3240 2936 3299 2988 et
3351 2930 3550 2988 asinos

392 3017 787 3076 Ecclesiastes
815 3016 1158 3073 Salomonis
1184 3014 1355 3087 (Cap.
1399 3017 1519 3087 VII).
1902 3013 2145 3080 auferet,
2187 3021 2243 3071 et
2271 3020 2453 3088 ponet
2470 3017 2531 3072 in
2556 3033 2734 3089 opere
2758 3021 3112 3090 suo.Greges
3130 3024 3355 3076 vestros
3372 3020 3551 3077 adde-

189 3123 256 3183 ἢ.
290 3113 417 3167 Deo
450 3106 696 3203 gratias:
830 3194 838 3203 .
892 3194 902 3203 ι
1435 3193 1449 3203 .
1482 3193 1513 3203 η
1745 3193 1755 3203 .
1818 3146 1859 3203 Ο
1902 3101 2164 3203 cimabit,
2188 3120 2423 3203 vosque
2445 3106 2608 3203 eritis
2626 3106 2679 3162 ei
2710 3108 2887 3203 servi.
3005 3108 3339 3203 clamabitis
3370 3110 3431 3165 in
3455 3109 3553 3167 die

189 3200 452 3264 Filimon
482 3200 575 3253 est
598 3194 661 3251 in
676 3194 940 3250 hominis
954 3194 1296 3250 conditione
1324 3193 1639 3265 prohibere
1668 3193 1789 3265 spi-
1821 3190 1859 3203 ν
1900 3190 2001 3247 illa
2021 3208 2057 3249 a
2085 3192 2235 3249 facie
2246 3194 2405 3264 regis
2433 3196 2823 3268 vestri,quem
2841 3196 3097 3267 elegistis
3116 3198 3290 3254 vobis
3310 3216 3324 3252 :
3343 3203 3400 3255 et
3426 3214 3551 3255 non

108 3291 319 3355 ritum,
342 3303 464 3344 nec
488 3284 675 3342 habet
687 3287 1040 3356 potestatem
1065 3282 1127 3338 in
1146 3282 1244 3338 die
1264 3283 1493 3349 mortis,
1516 3298 1626 3338 nec
1652 3282 1791 3339 sini-
1900 3281 2305 3363 exaudiet‘vos
2339 3284 2625 3339 Dominus
2657 3286 2716 3339 in
2747 3285 2841 3340 die
2863 3285 3131 3356 illa,quia
3144 3285 3551 3355 petistisvobis

112 3380 543 3453 turquiescere
571 3374 883 3443 ingruente
913 3370 1087 3441 bello,
1105 3387 1302 3443 neque
1332 3370 1792 3443 salvabitimpie-
1898 3370 2333 3439 regem.Noluit
2353 3376 2553 3427 autem
2580 3372 2840 3444 populus
2857 3372 3063 3429 audire
3079 3388 3285 3427 vocem
3303 3374 3548 3429 Samue-

111 3477 205 3526 tas
244 3466 543 3539 impium.
579 3462 794 3519 Omnia
821 3462 950 3517 haec
994 3460 1387 3527 consideravi,
1427 3464 1483 3518 et
1526 3460 1659 3517 dedi
1690 3477 1792 3518 cor
1898 3459 1995 3528 lis,
2027 3459 2132 3514 sed
2162 3459 2467 3515 dixerunt:
2502 3464 2620 3515 Rex
2646 3460 2808 3515 enim
2848 3459 2957 3516 erit
2992 3475 3173 3532 super
3200 3474 3333 3529 nos,
3357 3465 3415 3518 et
3437 3462 3548 3517 eri-

111 3557 411 3616 meumin
445 3552 653 3610 multis
710 3550 1012 3622 operibus,
1058 3566 1193 3621 quae
1237 3550 1389 3607 ﬁunt
1426 3550 1571 3608 sole.
1602 3552 1790 3608 Inter—
1900 3564 2038 3604 mus
2061 3565 2299 3620 quoque
2318 3548 2674 3618 nos,sicutet
2698 3565 2909 3604 omnes
2928 3553 3133 3619 gentes
3157 3548 3551 3620 :etjudicabit

114 3648 254 3703 dum
270 3644 639 3701 dominatur
664 3640 850 3695 homo
865 3637 1098 3694 homini
1120 3638 1182 3693 in
1199 3640 1426 3696 malum
1452 3655 1639 3694 suum.
1664 3640 1793 3697 Vidi
1900 3653 2010 3693 nos
2039 3654 2160 3699 rex,
2195 3641 2250 3691 et
2278 3637 2571 3707 pugnabit
2594 3637 2755 3693 bella
2776 3642 2981 3693 nostra
3004 3652 3113 3709 pro
3130 3637 3325 3692 nobis.
3343 3640 3409 3693 Et
3438 3654 3549 3694 au-

112 3736 335 3809 impios
359 3730 641 3803 sepultos
664 3727 802 3800 :qui
830 3730 1010 3784 etiam
1026 3727 1176 3783 dum
1209 3728 1408 3784 adhuc
1420 3728 1708 3801 viverent,
1730 3729 1792 3785 in
1900 3725 2041 3782 divit
2067 3725 2303 3781 Samuel
2335 3727 2541 3782 omnia
2562 3725 2742 3782 verba
2770 3725 2999 3798 populi,
3030 3731 3087 3782 et
3107 3726 3341 3782 locutus
3359 3731 3447 3782 est
3476 3742 3549 3784 ea

110 3826 245 3883 loco
268 3826 495 3881 sancto
520 3822 710 3884 erant,
744 3822 801 3874 et
823 3817 1227 3874 laudabantur
1257 3816 1320 3873 in
1353 3817 1590 3874 civitate
1616 3818 1793 3889 quasi
1898 3814 1961 3869 in
1992 3813 2237 3870 auribus
2266 3814 2523 3869 Domini.
2555 3814 2706 3869 Dixit
2735 3818 2937 3870 autem
2998 3815 3284 3871 Dominus
3336 3814 3415 3871 ad
3448 3817 3548 3873 Sa-

108 3917 429 3986 justorum
449 3907 868 3981 operumzsed
897 3910 955 3961 et
995 3906 1112 3962 hoc
1138 3906 1373 3963 vanitas
1398 3911 1505 3963 est.
1562 3906 1791 3964 Etenim
1900 3903 2097 3959 muel:
2138 3903 2292 3958 Audi
2321 3918 2531 3959 vocem
2555 3919 2785 3974 eorum,
2818 3908 2875 3961 et
2896 3904 3187 3961 constitue
3221 3919 3401 3976 super
3445 3920 3547 3961 eos

110 4006 262 4077 quia
283 4015 421 4058 non
447 3997 741 4070 profertur
766 3996 881 4052 cito
902 3999 1111 4051 contra
1131 3996 1323 4051 malos
1340 3996 1647 4059 sententia,
1659 3995 1792 4052 abs—
1899 4007 2126 4063 regem.
2160 4003 2223 4063 13;.
2248 3992 2459 4047 Amen.

111 4108 241 4164 que
289 4088 421 4144 ullo
462 4088 674 4143 timore
708 4083 816 4140 ﬁlii
866 4083 1184 4139 hominum
1225 4087 1565 4155 perpetrant
1603 4084 1787 4141 mala.
1967 4080 2317 4151 Antiphona
2353 4084 2400 4136 t.
2430 4080 2593 4138 Vana
2645 4082 2879 4137 locutus
2903 4087 2991 4138 est
3022 4082 3440 4155 unusquisque
3469 4082 3549 4139 ad

111 4184 408 4235 Attamen
444 4174 601 4245 quod
622 4176 897 4245 peccator
923 4172 1143 4229 centies
1169 4172 1305 4228 fecit
1326 4170 1575 4238 malum,
1604 4178 1661 4229 et
1685 4188 1791 4244 per
1899 4170 2240 4241 proximum
2278 4185 2489 4225 suum:
2521 4169 2685 4227 labia
2719 4170 2931 4226 dolosa
2956 4170 3017 4225 in
3065 4170 3263 4237 corde,
3289 4174 3343 4227 et
3372 4170 3547 4227 corde

106 4264 490 4341 patientiam
511 4266 895 4332 sustentatur,
935 4276 1046 4331 ego
1072 4260 1326 4333 cognovi
1356 4261 1519 4333 quod
1544 4261 1652 4317 erit
1679 4261 1785 4318 bo-
1894 4259 2075 4315 locuti
2106 4262 2247 4314 sunt
2279 4257 2459 4314 mala.
2496 4260 2560 4313 P.
2602 4258 2913 4331 Disperdat
2942 4258 3231 4315 Dominus
3268 4259 3549 4317 universa

104 4372 272 4413 num
310 4352 660 4409 timentibus
688 4352 898 4420 Deum,
933 4349 1037 4421 qui
1078 4354 1352 4405 verentur
1392 4349 1605 4406 faciem
1635 4351 1783 4422 ejus.
1898 4348 2058 4404 labia
2078 4347 2309 4403 dolosa.
2344 4347 2410 4409 iv.
2452 4346 2693 4403 Salvum
2719 4363 2817 4403 me
2847 4347 2939 4404 fac
2961 4347 3232 4414 Domine,
3258 4349 3548 4421 quoniam

104 4450 244 4501 Non
269 4443 349 4498 sit
376 4440 617 4497 bonum
635 4438 846 4510 impio,
870 4453 979 4494 nec
1002 4437 1426 4509 prolengentur
1455 4439 1585 4495 dies
1636 4440 1783 4511 ejus,
1824 4503 1858 4511 κ
1895 4436 2108 4492 defecit
2137 4441 2411 4492 sanctus:
2447 4434 2736 4508 quoniam
2767 4436 3074 4493 diminuta
3107 4441 3245 4493 sunt
3274 4436 3548 4493 veritates

101 4528 645 4604 sedquasiumbra
665 4503 1647 4598 transeantquinontimentfaciem
1662 4503 1783 4582 Dei:
1822 4503 1864 4556 D
1895 4541 1931 4582 a
1955 4526 2091 4580 filiis
2125 4503 2544 4582 hominum.—P.
2566 4525 2897 4597 Disperdat.

101 4630 304 4679 Amor
343 4620 679 4691 quoque,et
706 4615 915 4671 odium
941 4614 1121 4669 simul
1145 4620 1414 4685 pereunt,
1442 4616 1787 4672 nechabent
1969 4616 2193 4671 Oratio.
2228 4618 2391 4671 Vana
2422 4615 2587 4679 satis,
2613 4616 2881 4686 Domine,
2906 4614 2981 4671 de
3010 4620 3060 4670 te
3089 4613 3545 4687 loquuntur,qui

103 4718 360 4785 partem
390 4708 456 4763 in
496 4703 741 4769 saeculo,
770 4709 825 4760 et
861 4704 923 4758 in
952 4718 1133 4775 opere
1161 4702 1327 4775 quod
1346 4703 1459 4759 sub
1488 4704 1609 4759 sole
1642 4704 1787 4775 geri-
1896 4708 1949 4761 te
1982 4705 2080 4759 Dei
2112 4704 2318 4759 Filium
2347 4704 2614 4759 conﬁteri
2644 4703 2882 4759 nefariis
2921 4704 3170 4760 vocibus
3218 4702 3546 4770 dedignan-

108 4808 232 4857 tur.
252 4796 431 4855 Vade
455 4810 600 4865 ergo
640 4797 695 4849 et
725 4792 973 4848 comede
1004 4792 1064 4848 in
1101 4790 1300 4848 laetitia
1340 4809 1558 4863 panem
1592 4798 1784 4859 tuum,
1896 4799 1989 4850 tur
2012 4813 2024 4849 :
2050 4793 2326 4864 disperde
2358 4808 2498 4863 ergo
2533 4793 2692 4850 labia
2741 4793 2950 4850 dolosa
2989 4810 3024 4849 a
3069 4798 3225 4849 coetu
3274 4790 3547 4846 Ecclesia;

107 4893 170 4947 et
202 4887 353 4945 bibe
372 4899 521 4942 cum
544 4880 768 4952 gaudio
786 4880 993 4937 vinum
1015 4885 1217 4937 tuum:
1244 4881 1387 4952 quia
1408 4882 1525 4939 Deo
1548 4882 1789 4955 placent
1898 4888 2034 4951 tuae,
2065 4888 2125 4937 ut
2150 4882 2449 4937 destructa
2462 4882 2715 4938 vanitate
2748 4881 3066 4953 superbiae,
3092 4880 3319 4937 candor
3349 4880 3408 4936 in
3432 4896 3547 4938 nos

104 4991 309 5051 opera
340 4981 470 5031 tua.
498 4983 561 5042 ﬂ.
580 4972 794 5027 Amen.
1895 4972 2089 5027 rutilet
2117 4971 2357 5026 humilis
2378 4970 2723 5041 disciplinas.
2762 4982 2821 5039 Bg.
2859 4977 3065 5025 Amen.

256 5066 455 5121 Lectio
487 5061 630 5117 libri
651 5057 947 5116 Samuelis
974 5057 1335 5129 (Prz'milteg.
1363 5074 1494 5128 cap.
1524 5059 1662 5132 vui).
1967 5061 2070 5116 Per
2094 5059 2576 5116 misericordiam.

188 5168 258 5227 nr.
303 5157 428 5211 Deo
467 5148 713 5222 gratias.
1968 5150 2312 5218 Antz‘phona
2334 5153 2385 5205 2.
2430 5150 2829 5219 Susceperunt
2854 5164 2971 5218 me,
3010 5147 3160 5205 sicut
3182 5148 3275 5205 leo
3305 5152 3549 5221 paratus

186 5248 258 5301 ω
292 5243 413 5300 illis
461 5238 718 5297 diebus:
767 5237 911 5292 Cum
964 5236 1261 5293 senuisset
1306 5237 1561 5309 Samuel,
1591 5238 1790 5310 posuit
1900 5238 1979 5294 ad
2007 5236 2302 5309 praedam.
2338 5238 2567 5305 Exurge
2598 5237 2865 5303 Domine,
2895 5238 3158 5309 praeveni
3181 5253 3305 5305 eos,
3336 5240 3392 5290 et
3412 5233 3548 5289 sub-

100 5336 284 5392 ﬁlios
315 5347 462 5389 suos
482 5328 719 5401 judices
756 5325 954 5382 Israel.
978 5326 1223 5398 Fuitque
1274 5342 1497 5383 nomen
1526 5326 1629 5382 lilii
1662 5329 1791 5398 ejus
1902 5332 2059 5384 verte
2089 5325 2217 5381 illos
2247 5343 2259 5380 :
2290 5326 2449 5397 eripe
2480 5326 2747 5382 animam
2782 5344 2980 5383 meam
3011 5328 3085 5383 de
3135 5323 3409 5381 manibus
3439 5319 3547 5374 ini-

98 5420 517 5499 primogeniti
536 5417 701 5474 Joel:
734 5420 788 5471 et
808 5430 1029 5471 nomen
1048 5415 1295 5471 secundi
1311 5416 1483 5487 Abia,
1516 5416 1794 5487 judicum
1903 5417 2196 5472 micorum
2219 5414 3001 5485 meorum.i’.l§xaudi,Deus,
3021 5412 3297 5499 justitiam
3317 5422 3497 5463 meam
3530 5422 3546 5462 :

98 5496 179 5571 in
208 5511 532 5568 Bersabee.
572 5506 645 5562 Et
674 5519 799 5561 non
830 5504 1290 5561 ambulaverunt
1316 5504 1421 5561 lilii
1451 5505 1499 5576 ej
1512 5523 1576 5562 us
1601 5506 1663 5562 in
1687 5506 1795 5563 viis
1904 5506 2144 5563 intende
2165 5505 2645 5578 deprecationem
2676 5523 2894 5561 meam.
2928 5502 3103 5573 268
3134 5496 3392 5553 Auribus
3422 5511 3550 5569 per-

104 5600 427 5675 ejmzsed
449 5594 905 5656 declinaverunt
921 5597 1056 5665 post
1075 5592 1797 5667 avaritiam,acceperunt-
1906 5595 2034 5667 cipe
2075 5595 2406 5652 orationem
2448 5610 2669 5665 meam,
2700 5599 2755 5650 et
2780 5608 2901 5649 non
2924 5592 2985 5648 in
3010 5588 3183 5648 labiis
3205 5585 3455 5645 dolosis.
