4094 6164
559 340 662 398 463

1800 306 2255 378 BREVIARIUM
2296 306 2690 365 GOTHICUM.
3867 306 3963 360 1,51,

633 464 862 519 Oratio.
912 458 1199 514 Auxiliare
1228 454 1497 517 Domine,
1538 453 1595 506 et
1623 448 1847 520 adjuva
1889 439 2211 499 Ecclesiam
2249 433 2295 488 Α
2395 426 3088 520 Αηζίρὴονξαίοβίεοθάίίθ
3141 420 3967 520 ἃῐξθ-ωᾶἶίεῐξίιξαοιξροὶἃω

560 556 941 622 tuam,quam
965 544 1341 602 adversiarus
1363 544 1565 596 noster
1582 536 1784 593 nititur
1797 531 2094 622 suscipere
2112 526 2209 581 de-

560 616 915 703 vorandam,
948 633 1101 688 sicut
1139 630 1230 686 leo
1262 632 1508 701 paratus
1536 623 1615 680 ad
1645 621 1909 693 praedam
1943 634 1955 671 :
1984 616 2213 682 Exurge

556 727 683 797 jam
709 724 975 787 Domine,
1018 726 1076 777 et
1095 723 1330 775 nostros
1353 713 1611 788 praeveni
1638 709 1936 775 inimicos,
1970 704 2214 761 subver—

562 796 691 871 tens
708 829 809 869 eos
831 816 886 869 et
911 810 1207 883 passionis
1226 806 1412 877 gloria
1425 808 1481 860 et
1500 796 1945 858 resurrectionis
1969 799 2083 883 tum
2120 806 2215 862 po-

563 903 741 958 tentia
772 918 783 953 :
814 904 879 955 ut
900 882 1201 954 conversis
1221 894 1351 961 illis,
1381 897 1435 948 et
1456 890 1659 964 passio
1703 892 1806 943 tua
1831 882 2085 941 victorias
2109 896 2215 936 no-

561 990 651 1046 bis
683 991 742 1044 in
782 1001 1103 1043 commune
1139 986 1430 1055 praeparet
1473 978 1740 1047 titulum;
1777 980 1834 1031 et
1862 969 2212 1028 resurrectio

560 1077 877 1148 praemium
899 1072 1165 1129 conferat
1196 1070 1645 1143 sempiternum.
1678 1076 1740 1134 By.
1772 1068 1979 1119 Amen.

634 1168 739 1219 Per
768 1161 1253 1218 misericordiam.

632 1252 983 1321 Antiphona
1010 1254 1059 1305 3.
1096 1252 1373 1305 Fructum
1403 1245 1806 1311 inimicorum,
1845 1237 2109 1301 Domine,
2138 1235 2213 1291 de

562 1344 715 1398 terra
748 1340 959 1411 perdes
992 1355 1004 1393 :
1037 1344 1093 1393 et
1138 1351 1343 1392 semen
1379 1349 1578 1390 eorem
1622 1347 1657 1387 a
1693 1330 1827 1385 ﬁliis
1871 1326 2207 1382 hominum.

562 1430 633 1483 Ρ.
654 1431 697 1493 Q
709 1428 954 1483 ueniam
980 1425 1432 1480 declinaverunt
1448 1422 1509 1476 in
1535 1426 1589 1477 te
1604 1417 1792 1488 mala;
1809 1415 2213 1485 cogitaverunt

562 1516 829 1580 consilia,
854 1529 990 1587 quae
1020 1528 1141 1569 non
1173 1514 1492 1584 potuerunt
1511 1506 1795 1565 stabilire.
1822 1504 1882 1564 tif.
1925 1501 2211 1587 Dominus

561 1604 622 1659 in
654 1604 742 1659 ira
781 1586 891 1658 sua
915 1599 1292 1657 conturbabit
1318 1613 1443 1664 eos,
1474 1600 1531 1653 et
1556 1592 1864 1651 devorabit
1893 1606 1994 1647 eos
2031 1586 2207 1659 ignis.

562 1693 627 1750 P.
658 1690 975 1757 Quoniam.

634 1792 695 1850 Bt.
723 1783 875 1847 Quot
920 1782 1060 1834 sunt
1086 1777 1212 1833 dies
1243 1775 1395 1832 servi
1439 1773 1566 1830 tui?
1602 1772 1667 1827 P.
1698 1769 1943 1828 Domine
1963 1764 2207 1840 quando

562 1869 745 1925 facies
771 1869 845 1924 de
878 1866 1374 1940 persequentibus
1402 1880 1498 1919 me
1514 1861 1809 1934 judicium
1840 1859 1867 1914 ?
1896 1857 1964 1918 πῖ.
1993 1858 2212 1913 Posue-

561 1962 700 2012 runt
750 1960 1091 2028 peccatores
1119 1954 1371 2027 laqueos
1398 1951 1572 2009 mihi:
1623 1954 1679 2007 et
1698 1965 1734 2006 δ.
1762 1946 2062 2004 mandatis
2091 1942 2209 2000 tuis

561 2058 685 2101 non
717 2042 925 2101 erravi.
964 2045 1027 2099 P.
1063 2043 1329 2099 Domine.

638 2134 862 2189 Preces.
907 2132 1181 2187 Dicamus
1211 2145 1448 2187 omnes:
1487 2129 1752 2185 Miserere
1788 2124 1982 2191 nobis,
2029 2124 2205 2177 Deus.

564 2224 625 2276 P.
655 2221 922 2277 Miserere
945 2220 1136 2276 nobis.
1160 2218 1221 2279 ﬁt.
1272 2221 1355 2274 Tu
1404 2216 1761 2288 Redemptor
1805 2217 1941 2270 Jesu
1987 2211 2209 2267 Christe

564 2310 729 2366 salva
759 2310 1054 2365 mundum
1077 2312 1404 2365 tuamorte.
1436 2308 1498 2360 P.
1523 2307 1785 2362 Miserere
1802 2301 1995 2359 nobis.
2017 2299 2211 2365 ihQui

563 2415 671 2471 pro
701 2399 876 2455 nobis
915 2414 977 2453 es
1016 2412 1354 2469 percussus,
1386 2400 1441 2451 et
1459 2394 1659 2467 inique
1668 2391 2080 2465 judicatus.P.
2115 2388 2211 2443 Mi-

562 2503 752 2543 serere
792 2485 987 2541 nobis.
1022 2484 1082 2544 ﬁt.
1118 2482 1229 2549 Qui
1258 2483 1473 2553 ligatus
1512 2497 1748 2537 crucem
1797 2483 2020 2551 portas,
2067 2480 2124 2532 et
2151 2476 2211 2531 in

562 2591 734 2631 cruce
783 2575 1017 2629 Patrem
1070 2587 1271 2627 vocas.
1332 2572 1400 2627 P.
1453 2570 1742 2625 Miserere.
1796 2567 1857 2627 ti’.
1906 2566 2085 2637 Cujus
2130 2564 2213 2620 la-

562 2670 657 2719 tus
682 2660 1034 2734 perfoditur,
1063 2663 1121 2715 et
1147 2656 1451 2715 humilitas
1480 2657 1776 2713 irridetur.
1836 2655 1901 2710 P.
1944 2653 2211 2711 Miserere

558 2750 756 2807 nobis.

632 2841 928 2910 Hymnus.
972 2838 1015 2893 Ο
1039 2839 1352 2901 Nazarene,
1384 2834 1483 2891 lux
1509 2835 1629 2905 fol.
1668 2836 1786 2889 144.

633 2928 941 2997 Capitula.
970 2927 1246 2980 Fructum
1266 2922 1939 2989 inimicorum,Domine,
1970 2921 2043 2976 de
2058 2922 2213 2977 terra

561 3015 859 3087 disperde,
895 3018 949 3069 et
975 3027 1179 3068 semen
1205 3027 1412 3068 eorum
1434 3028 1469 3068 a
1498 3010 1641 3067 ﬁliis
1672 3011 2008 3076 hominum,
2032 3008 2137 3081 qui
2156 3011 2211 3064 te

565 3083 752 3159 unum
814 3100 1107 3157 Christum
1156 3100 1277 3165 Dei,
1327 3099 1664 3155 ethominis
1693 3099 1901 3155 Filium
1944 3095 2211 3154 conﬁteri
2241 3083 2281 3139 Ο

562 3191 863 3262 refugiunt
884 3209 895 3249 :
914 3192 977 3244 ut
1003 3190 1157 3244 Crux
1185 3194 1304 3254 tua,
1328 3202 1465 3260 quin
1493 3186 1716 3243 Judasis
1737 3185 2207 3251 estscandalum,

564 3279 891 3337 Gentilibus
915 3282 1117 3335 autem
1138 3276 1690 3348 stultitia,utrosque
1704 3274 1960 3348 populos
1982 3274 2060 3330 ad
2074 3273 2213 3329 ﬁdei

562 3370 831 3442 regulam
859 3368 1107 3438 dirigat;
1134 3365 1357 3439 tibique
1388 3364 1804 3429 conectendos,
1823 3380 1891 3420 ac
1922 3378 2213 3421 coronan-

562 3459 673 3516 dos
704 3459 831 3514 sine
855 3457 974 3513 ﬁne
1004 3456 1349 3527 conjungat.

636 3550 801 3603 Pater
837 3549 1054 3601 noster.

1181 3633 1278 3688 Ad
1306 3633 1576 3689 Sextum.

635 3724 831 3782 Lectio
860 3722 1001 3779 libri
1023 3721 1349 3779 Ezechielis
1375 3720 1691 3790 Prophetas
1717 3720 1885 3794 (Cap.
1915 3723 2135 3787 xxvm).

636 3825 698 3884 ἢ.
724 3814 843 3868 Deo
867 3810 1112 3881 gratias.

630 3904 846 3959 Factus
860 3908 946 3958 est
959 3914 1154 3955 sermo
1168 3898 1405 3956 Domini
1428 3898 1502 3954 ad
1526 3914 1621 3954 me
1642 3898 1876 3955 dicens:
1900 3897 2001 3955 Fili
2021 3897 2212 3954 homi-

564 3993 674 4060 nis,
704 4006 860 4063 poue
880 3989 1276 4045 faciemtuam
1310 3990 1517 4043 contra
1532 3986 1845 4044 Sidonem:
1881 3991 1937 4043 et
1958 3986 2212 4059 prophe-

562 4082 718 4139 tabis
740 4080 814 4136 de
844 4095 934 4145 ea,
967 4082 1023 4134 et
1052 4076 1243 4133 dices:
1273 4078 1403 4131 Haec
1421 4075 1895 4133 dicitDominus:
1929 4079 2074 4133 Ecce
2100 4092 2210 4147 ego

563 4170 642 4227 ad
682 4175 735 4227 te
768 4168 967 4235 Sidon,
992 4171 1047 4223 et
1079 4164 1462 4237 gloriﬁcabor
1480 4164 1541 4220 in
1564 4164 1764 4221 medio
1784 4166 1900 4221 tui:
1935 4170 1991 4221 et
2028 4165 2213 4221 scient

562 4258 704 4331 quia
718 4272 829 4328 ego
851 4255 1159 4325 Dominus,
1190 4268 1328 4309 cum
1355 4252 1548 4309 fecero
1577 4252 1637 4308 in
1656 4268 1728 4309 ea
1751 4253 2209 4326 judicia,etsan-

563 4348 857 4404 ctiticatus
887 4344 1055 4401 fuero
1076 4343 1136 4399 in
1163 4358 1252 4399 ea.
1288 4344 1353 4399 Et
1377 4342 1609 4399 mittam
1636 4342 1687 4398 ei
1719 4342 2210 4415 pestilentiam,et

563 4434 919 4506 sanguinem
949 4433 1008 4489 in
1040 4431 1251 4505 plateis
1272 4431 1431 4502 ejus:
1467 4435 1523 4487 et
1541 4435 1817 4488 corruent
1845 4431 2129 4489 interfecti
2150 4432 2209 4489 in
2241 4436 2283 4492 D

562 4525 765 4581 medio
796 4523 924 4595 ejus
943 4520 1143 4593 gladio
1165 4520 1623 4594 percircuitum:
1648 4524 1701 4576 et
1722 4520 2066 4594 scientquia
2099 4536 2211 4592 ego

564 4614 870 4672 Dominus.
903 4614 969 4668 Et
994 4626 1116 4667 non
1139 4611 1249 4667 erit
1277 4608 1659 4666 ultradomus
1699 4610 2212 4667 lsraeloffendicu-

562 4706 685 4761 lum
706 4701 1198 4767 amaritudinis,et
1212 4700 1385 4773 spina
1399 4699 1657 4756 dolorem
1671 4700 1928 4757 inferens
1946 4701 2211 4774 undique

562 4794 991 4864 percircuitum
1012 4789 1345 4861 eorum,qui
1374 4789 1764 4847 adversantur
1788 4790 1872 4846 eis
1897 4808 1908 4845 :
1943 4795 1998 4846 et
2028 4791 2213 4847 scient

562 4881 704 4951 quia
719 4896 830 4951 ego
856 4897 987 4935 sum
1003 4878 1300 4938 Dominus
1316 4880 1467 4933 Deus
1495 4877 1749 4943 Quando
1767 4892 2211 4948 congregavero

561 4968 812 5024 domum
834 4968 1012 5025 Israel
1038 4967 1112 5023 de
1142 4966 1396 5040 populis,
1418 4965 1477 5021 in
1499 4965 1721 5039 quibus
1765 4966 2021 5038 dispersi
2050 4972 2206 5032 sunt,

562 5056 980 5113 sanctiﬁcabor
1004 5056 1065 5112 in
1104 5056 1187 5111 eis
1216 5071 1419 5112 coram
1446 5055 1749 5125 gentibus:
1779 5060 1835 5111 et
1854 5055 2213 5114 habitabunt

560 5146 619 5203 in
651 5150 869 5201 terram
900 5158 1094 5211 suam,
1129 5158 1317 5215 quam
1345 5141 1487 5197 dedi
1526 5158 1696 5200 servo
1724 5158 1857 5199 meo
1899 5144 2107 5201 Jacob.
2148 5147 2213 5201 Et

558 5233 917 5293 habitabant
944 5233 1008 5289 in
1059 5246 1130 5289 ea
1176 5229 1409 5287 securi:
1452 5235 1508 5288 et
1547 5231 1933 5291 eediﬁcabuut
1974 5233 2207 5306 domos,

559 5325 1039 5398 plantabuntque
1066 5321 1299 5391 vineas,
1341 5323 1397 5375 et
1436 5319 1794 5377 habitabunt
1824 5322 2206 5389 conﬁdenter,

560 5431 697 5472 cum
719 5414 913 5471 fecero
934 5409 1158 5483 judicia
1184 5407 1244 5463 in
1274 5406 1556 5463 omnibus
1584 5410 1686 5481 qui
1712 5410 2106 5468 adversantur
2129 5411 2211 5467 eis

560 5502 1023 5573 percircuitum:
1056 5497 1313 5555 etscient
1347 5496 1489 5569 quia
1510 5510 1621 5568 ego
1643 5498 1928 5556 Dominus
1956 5504 2213 5558 Deuseo-

560 5604 717 5647 rum.
742 5601 806 5661 Βι.
833 5594 1042 5647 Amen.

2322 519 2621 576 exaudivit
2644 517 2933 573 Dominus
2964 528 3175 571 vocem
3204 511 3381 567 ﬂetus
3399 509 3537 580 mei,
3564 514 3622 566 et
3641 511 3969 569 orationem

2323 624 2522 664 meam
2542 606 2823 679 suscepit.
2843 606 2904 667 tif.
2937 600 3227 661 Laboravi
3247 601 3309 656 in
3336 600 3562 670 gemitu
3582 616 3744 668 meo,
3761 600 3969 659 lavabo

2321 712 2427 768 per
2456 695 2722 766 singulas
2743 698 2949 751 noctes
2974 692 3194 749 lectum
3206 704 3413 746 meum
3440 706 3451 743 :
3485 688 3825 761 lachrymis
3840 695 3972 748 stra-

2322 789 2447 840 tum
2480 800 2683 840 meum
2710 782 2941 853 rigabo.
2972 781 3046 836 P.
3074 778 3391 845 Quoniam.

2394 874 2611 930 Oratio.
2656 871 2971 928 Discedant
3002 884 3039 925 a
3075 872 3131 925 te
3176 866 3427 924 Domine
3472 881 3687 923 omnes
3730 865 3971 937 maligni

2320 977 2471 1034 quos
2502 962 2706 1033 utique
2731 957 3095 1016 inﬁdelitatis
3110 973 3234 1012 suae
3252 970 3476 1024 vorago
3514 971 3551 1011 a
3581 959 3633 1012 te
3666 954 3970 1012 discedere

2320 1050 2456 1106 fecit
2482 1067 2494 1105 :
2537 1064 2659 1105 non
2683 1065 2804 1121 quo
2843 1048 2953 1119 ipsi
2983 1045 3202 1119 poenali
3233 1044 3454 1100 ultione
3484 1059 3520 1099 a
3553 1048 3604 1099 te
3626 1044 3877 1116 perituri
3900 1061 3971 1101 reo

2320 1139 2570 1205 cedant;
2603 1138 2703 1194 sed
2738 1143 2801 1194 ut
2823 1135 3185 1193 inﬁdelitatis
3206 1150 3416 1191 eorum
3460 1132 3815 1190 discedente
3849 1150 3970 1205 pro-
4026 1168 4029 1169 ν

2325 1230 2525 1300 tervia,
2572 1226 2886 1283 mitissima
2919 1225 3031 1282 levi
3065 1225 3213 1297 jugo
3244 1227 3345 1281 tuo
3386 1238 3496 1280 sua
3537 1222 3695 1280 colla
3724 1222 3970 1281 submit-

2321 1324 2463 1377 tant.
2506 1331 2570 1391 Bz.
2595 1320 2804 1376 Amen.

2391 1412 2496 1464 Per
2526 1405 3020 1463 misericordiam.

2390 1495 2738 1565 Antiphona
2763 1499 2819 1552 2.
2849 1492 3101 1550 Domine
3126 1493 3281 1548 Deus
3305 1506 3500 1561 meus,
3529 1492 3590 1547 in
3613 1495 3667 1547 te
3693 1492 3973 1563 speravi:

2321 1587 2387 1642 P.
2425 1585 2600 1641 Salva
2628 1600 2749 1642 me:
2786 1582 2865 1640 ab
2898 1581 3200 1644 omnibus,
3232 1580 3335 1653 qui
3382 1596 3478 1637 me
3509 1586 3974 1653 persequuntur,

2318 1673 2504 1730 libera
2520 1689 2615 1729 me
2629 1716 2641 1729 .
2653 1672 2842 1744 inNeq
2852 1671 3050 1729 nando
3067 1670 3334 1743 rapiatut
3351 1668 3444 1725 leo
3458 1669 3729 1725 animam
3748 1685 3974 1737 meam,

2320 1762 2465 1820 dum
2487 1778 2609 1819 non
2639 1765 2725 1818 est
2753 1761 2857 1833 qui
2881 1759 3155 1827 redimat,
3183 1758 3496 1831 nequequi
3513 1758 3753 1815 salvum
3772 1758 3973 1829 faciat,

2320 1853 2388 1909 P.
2431 1850 2620 1909 Salva.

2392 1941 2614 1998 Oratio.
2655 1939 2903 1995 Domine
2927 1939 3081 1995 Deus
3117 1941 3461 2010 sperantem
3486 1937 3548 1993 in
3588 1940 3644 1993 te
3676 1940 3855 1993 tuam
3886 1940 3973 1994 Ec.

2321 2029 2561 2087 clesiam
2587 2028 2750 2085 salva
2770 2043 2783 2095 ;
2800 2043 2936 2100 quae
2960 2030 3152 2100 perte,
3179 2025 3283 2098 qui
3314 2040 3422 2098 pro
3446 2040 3516 2081 ea
3547 2041 3767 2097 passus
3794 2041 3865 2081 es
3889 2042 3901 2092 ;
3923 2031 3972 2082 et

2319 2119 2399 2177 ab
2424 2119 2705 2176 omnibus
2742 2115 3236 2190 persequentibus
3262 2114 3558 2181 liberetur,
3589 2119 3650 2171 et
3675 2131 3820 2171 cum
3860 2132 3975 2173 om-

2319 2209 2498 2266 nibus
2518 2208 2692 2281 quite
2707 2206 2961 2277 diligunt
2975 2204 3260 2279 perpetim
3272 2204 3652 2276 jocundetur.
3666 2215 3735 2274 ﬁ.
3770 2206 3974 2261 Amen.

2392 2298 2503 2353 Per
2536 2294 3027 2352 misericordiam.

2392 2387 2741 2456 Antiphona
2765 2388 2816 2441 3.
2857 2384 3157 2439 Liberator
3193 2398 3364 2439 meus
3402 2384 3557 2438 Deus
3586 2380 3663 2437 de
3691 2382 3975 2452 gentibus

2322 2474 2649 2532 iracundis.
2679 2476 2746 2529 P.
2772 2476 2836 2529 Et
2853 2472 2930 2530 ab
2960 2470 3403 2542 insurgentibus
3436 2472 3608 2527 inme
3637 2470 3838 2527 libera
3867 2488 3976 2535 me,

2324 2564 2594 2621 Domine.
2635 2563 2698 2623 37.
2734 2562 3005 2635 Dilligam
3031 2565 3107 2631 te,
3132 2560 3381 2617 Domine
3411 2558 3603 2616 virtus
3632 2575 3774 2617 mea
3806 2580 3821 2618 :
3872 2562 3979 2617 Do-

2323 2654 2521 2710 minus
2552 2653 3001 2708 ﬁrmamentum
3031 2665 3257 2720 meum,
3288 2653 3345 2706 et
3367 2648 3651 2706 liberator
3671 2664 3873 2705 meus.
3916 2649 3976 2702 P.

2325 2746 2391 2800 Et
2415 2743 2493 2799 ab
2517 2740 2979 2813 insurgentibus.

2394 2830 2816 2903 13,.Humiliatus
2829 2846 2963 2886 sum
2978 2832 3032 2886 et
3049 2832 3331 2885 curvatus
3345 2844 3480 2884 sum
3496 2842 3971 2901 usquequaque:

2324 2922 2387 2977 P.
2414 2924 2557 2979 Tota
2587 2921 2675 2977 die
2702 2920 3083 2977 contristatus
3127 2917 3539 2975 ambulabam.
3573 2918 3639 2979 Ῡ.
3676 2918 3975 2983 Quoniam

2322 3012 2525 3069 anima
2562 3026 2700 3067 mea
2755 3009 3054 3083 completa
3082 3012 3173 3066 est
3195 3006 3569 3064 illusionibus
3598 3024 3610 3063 :
3645 3010 3704 3064 et
3735 3022 3871 3063 non
3898 3010 3975 3062 est

2324 3100 2549 3159 sanitas
2585 3100 2646 3156 in
2677 3115 2854 3156 carne
2880 3115 3031 3155 mea.
3059 3099 3122 3153 P.
3150 3100 3293 3154 Tota
3312 3097 3432 3153 die.

2391 3190 2622 3247 Preces.
2668 3188 2829 3245 Servi
2877 3187 2984 3254 tui,
3042 3187 3312 3257 Domine,
3346 3185 3621 3243 acclives.
3658 3188 3718 3240 P.
3764 3184 3971 3242 Miseri-

2321 3278 2545 3337 cordia.
2570 3278 2633 3339 V.
2662 3279 2749 3334 Da
2772 3277 3013 3334 veniam
3034 3275 3393 3349 delictis,qui
3421 3291 3487 3331 es
3541 3273 3765 3330 illusus
3802 3273 3974 3346 269

2321 3368 2399 3426 ab
2437 3367 2734 3440 impiis.P.
2769 3365 3185 3423 Misericordia.
3209 3376 3274 3435 Br.
3304 3366 3462 3431 Quos
3482 3362 3755 3419 liberasti
3779 3378 3973 3425 cruce,

2318 3472 2443 3515 non
2467 3456 2712 3529 patiaris
2736 3455 2933 3512 venire
2963 3454 3026 3511 in
3054 3458 3320 3511 mortem.
3349 3454 3414 3511 P.
3446 3452 3877 3510 Misericordia.
3915 3453 3973 3511 ῒ.

2320 3545 2543 3602 Eﬁ‘usio
2569 3544 2653 3602 tui
2703 3543 3013 3614 sanguinis
3062 3542 3259 3601 valeat
3302 3542 3379 3599 ad
3418 3539 3841 3598 liberationem
3892 3556 3973 3596 re-

2319 3635 2597 3707 demptis.
2630 3634 2692 3690 P.
2713 3632 3137 3690 Misericordia.

2388 3726 2693 3795 Hymnus.
2742 3724 2785 3781 Ο
2817 3724 3134 3787 Nazarene,
3159 3720 3283 3777 lux.
3311 3720 3420 3789 fol.
3452 3722 3573 3775 144.

2393 3814 2615 3871 Oratio.
2650 3812 2951 3869 Liberator
3003 3814 3205 3867 noster
3241 3814 3299 3866 et
3332 3810 3603 3877 Domine,
3666 3808 3749 3866 da
3795 3811 3970 3867 nobis

2320 3918 2589 3959 amorem
2614 3901 2898 3972 diligendi
2922 3904 2973 3956 te
3000 3917 3014 3966 ;
3045 3904 3109 3956 ut
3133 3898 3452 3955 laudantes
3489 3899 3849 3955 invocemus
3876 3904 3929 3955 te
3956 3915 3967 3951 :

2320 3997 2376 4049 et
2400 3996 2463 4049 tu
2494 3992 2693 4048 mittas
2714 3991 2957 4061 sagittas
2985 3993 3143 4059 tuas,
3163 3992 3221 4045 et
3241 3988 3499 4061 dissipes
3524 3987 3804 4044 inimicos
3824 4002 3969 4043 nos-

2320 4086 2469 4147 tros;
2497 4085 2551 4137 et
2589 4079 2805 4153 eripias
2836 4094 2945 4135 nos
2971 4077 3049 4134 ab
3073 4076 3167 4133 his
3196 4076 3301 4149 qui
3317 4076 3738 4133 oderuntnos:
3767 4075 3971 4146 sicque

2319 4174 2375 4226 et
2398 4167 2934 4225 illiconfundantur
2948 4166 3093 4222 dum
3126 4169 3541 4222 conteruntur:
3563 4168 3747 4221 etnos
3763 4165 3971 4237 jocun-

2318 4258 2532 4313 demur
2556 4260 2613 4313 et
2639 4272 2776 4312 cum
2804 4261 2909 4312 tua
2935 4254 3299 4328 protectione
3324 4252 3653 4311 salvemur.

2390 4347 2556 4403 Pater
2584 4348 2805 4401 noster.

2932 4434 3030 4490 Ad
3061 4434 3305 4491 Nonam.

2814 4522 3189 4579 Ecclesiastes
3216 4522 3382 4593 (Cap.
3399 4522 3461 4591 χ)

2392 4623 2455 4684 ἢ.
2498 4615 2616 4669 Deo
2648 4610 2888 4682 gratias.

2394 4702 2513 4770 Fili,
2546 4701 2736 4758 Verba
2765 4700 2884 4757 oris
2916 4700 3201 4773 sapientis
3245 4700 3472 4771 gratia:
3524 4703 3584 4756 et
3627 4699 3792 4757 labia
3840 4700 3979 4756 insi-

2321 4792 2537 4865 pientis
2566 4789 3030 4863 praecipitabunt
3062 4788 3469 4846 eum.lnitium
3489 4788 3818 4845 verborum
3850 4789 3980 4859 ejus

2320 4880 2582 4947 stultitia,
2614 4885 2668 4935 et
2695 4878 3088 4935 novissimum
3118 4878 3237 4935 oris
3262 4876 3417 4933 illius
3464 4892 3632 4934 error
3652 4878 3979 4951 pessimus.

2322 4969 2543 5027 Stultus
2570 4968 2756 5025 verba
2785 4967 3158 5040 multiplicat.
3190 4966 3635 5037 lgnorathomo,
3665 4965 3816 5039 quid
3844 4970 3981 5022 ante

2320 5058 2533 5116 fuerit:
2561 5062 2618 5115 et
2650 5057 2799 5129 quid
2846 5062 2981 5129 post
3026 5056 3296 5112 futurum
3317 5060 3438 5113 est:
3473 5056 3610 5128 quis
3656 5054 3737 5111 illi
3762 5053 3983 5127 poterit

2319 5148 2583 5205 indicare
2600 5147 2628 5203 ?
2646 5146 2836 5203 Labor
2848 5144 3163 5202 stultorum
3177 5144 3403 5216 afﬂiget
3422 5160 3545 5213 eos,
3565 5144 3672 5217 qui
3704 5145 3983 5201 nesciunt

2321 5237 2381 5293 in
2412 5237 2624 5293 urbem
2654 5249 2920 5308 pergere.
2944 5236 3038 5289 Vas
3055 5234 3159 5291 tibi
3193 5237 3366 5302 terra,
3390 5234 3562 5305 cujus
3587 5250 3691 5290 rex
3705 5237 3980 5306 estpuer,

2320 5329 2374 5382 et
2403 5341 2577 5395 cujus
2613 5324 2911 5398 principes
2936 5338 3113 5380 mane
3131 5322 3475 5380 comedunt.
3496 5324 3677 5380 Beata
3694 5325 3980 5389 terra,cu-

2314 5415 2415 5487 jus
2431 5429 2534 5469 rex
2554 5414 2770 5470 nobilis
2795 5418 2901 5480 est,
2949 5418 3006 5469 et
3026 5413 3197 5485 cujus
3227 5411 3526 5485 principes
3560 5413 3894 5469 vescuntur
3924 5410 3984 5465 in

2319 5507 2585 5575 tempore
2611 5519 2741 5568 suo,
2772 5502 2850 5559 ad
2878 5501 3290 5571 reﬁciendum,
3321 5505 3379 5558 et
3426 5516 3551 5558 non
3581 5506 3673 5558 est
3696 5500 3769 5558 ad
3804 5498 3985 5555 luxu-

2318 5592 2490 5652 riam.
2504 5595 2569 5649 ln
2594 5591 2831 5666 pigritia
2840 5590 3252 5651 humiliabitur
3266 5590 3715 5663 contignatio,et
3726 5586 3988 5647 inﬁrmi.
