4094 6164
167 210 271 265 465

1350 196 1699 255 DOMlNICA
1738 194 1808 250 IV
1848 195 2458 263 QUADRAGESIM/E.

3487 201 3594 256 466

167 335 283 389 tate
317 324 1007 399 manuumpraestillabit
1026 328 1335 383 domus.ln
1347 324 1472 380 risu
1492 322 1831 393 faciuntpa-
1860 320 1908 374 A
1938 320 2614 395 Philisthinorumzquia
2626 324 2860 395 respexi
2881 324 3175 396 populum
3200 324 3594 389 meum,venit

166 435 329 484 nem,
373 420 429 473 et
457 416 669 471 vinum
689 418 755 470 ut
785 414 1099 486 epulentur
1127 415 1428 471 viventes:
1460 417 1517 468 et
1559 410 1828 484 pecuniae

170 508 461 568 obediunt
474 504 778 560 omnia.ln
796 503 1155 573 cogitatione
1172 507 1276 559 tua
1294 502 1420 573 regi
1440 517 1514 557 ne
1527 498 1825 565 detrahas,

172 603 227 655 et
250 598 313 653 in
343 597 570 652 secreto
588 591 849 649 cubiculi
875 592 957 647 tui
972 607 1047 648 ne
1069 591 1449 649 maledixeris
1467 590 1630 646 diviti
1650 608 1663 642 :
1686 588 1831 661 quia

172 702 313 743 aves
343 682 475 740 caeli
500 680 1042 754 portabuntvocem
1062 685 1251 750 tuam,
1283 684 1340 736 et
1367 677 1827 751 quihabetpen-

172 792 287 833 nas
299 770 674 830 annuntiabit
686 770 1223 827 sententiam.Mitte
1240 784 1461 842 panem
1476 772 1641 823 tuum
1658 781 1831 837 super

175 865 548 922 transeuntes
575 875 770 931 aquas
799 876 811 914 :
848 859 992 931 quia
1020 858 1363 931 postmulta
1377 862 1650 929 tempora
1669 855 1830 912 inve-

173 953 308 1009 nies
329 966 493 1007 eum.
520 960 584 1017 Bt.
615 949 829 1003 Amen.

271 1041 480 1098 Lectio
509 1037 650 1094 libri
667 1035 960 1093 Samuelis
993 1035 1207 1104 (Primi
1248 1037 1411 1106 Reg.,
1457 1048 1591 1103 cap.
1619 1035 1721 1101 1x).

232 1142 303 1201 1y.
348 1130 473 1185 Deo
499 1126 749 1197 gratias.

232 1223 291 1275 In
317 1217 439 1273 illis
468 1214 684 1272 diebus
711 1234 723 1273 :
759 1216 892 1271 Erat
934 1214 1024 1269 vir
1048 1213 1121 1269 de
1149 1210 1827 1284 BenjaminnomineCis,

159 1309 317 1366 ﬁlius
354 1304 551 1368 Abiel,
581 1302 684 1358 ﬁlii
713 1303 885 1370 Seor,
911 1301 1016 1358 ﬁlii
1064 1301 1405 1367 Bechoreth,
1454 1300 1561 1356 ﬁlii
1616 1298 1827 1372 Aphia,

160 1398 264 1455 ﬁlii
290 1395 406 1452 viri
431 1392 849 1460 Jemini,fortis
870 1392 1247 1449 robore.Erat
1275 1391 1328 1447 ei
1358 1390 1515 1447 ﬁlius
1534 1387 1830 1446 vocabulo

163 1484 330 1549 Saul,
352 1482 607 1548 electus,
640 1484 695 1536 et
722 1479 920 1536 bonus
954 1500 965 1539 :
1001 1484 1058 1535 et
1099 1495 1219 1536 non
1252 1482 1374 1535 erat
1404 1478 1479 1533 de
1504 1476 1639 1534 ﬁliis
1656 1475 1832 1532 Israel

156 1573 373 1631 melior
395 1570 541 1627 illo:
571 1569 650 1625 ab
678 1569 932 1625 humero
962 1573 1019 1624 et
1044 1584 1283 1623 sursum
1322 1566 1623 1623 eminebat
1645 1580 1827 1637 super

1937 426 2078 481 ergo
2100 411 2330 468 clamor
2347 428 2554 468 eorum
2577 427 2781 468 coram
2812 427 2927 467 me.
2960 414 3225 484 Cumque
3263 412 3593 484 aspexisset

1940 500 2178 556 Samuel
2211 501 2469 566 Saulem,
2507 500 2795 556 Dominus
2810 500 2894 556 ait
2920 499 2972 555 ei
2994 516 3007 554 :
3026 498 3168 555 Ecce
3183 500 3271 555 vir
3300 516 3483 572 quem
3505 500 3590 555 di-

1936 603 2144 644 xeram
2178 589 2302 655 tibi,
2344 590 2449 646 iste
2481 587 3129 660 dominabiturpopulo
3150 603 3309 645 meo.
3331 588 3589 644 Accessit

1939 679 2139 733 autem
2168 677 2308 735 Saul
2324 678 2401 734 ad
2420 677 2759 736 Samuelem
2782 677 2842 734 in
2871 676 3073 732 medio
3086 678 3353 748 portae,et
3374 676 3481 732 ait:
3502 678 3591 731 ln-

1938 766 2092 831 dica,
2117 782 2241 831 oro,
2273 766 2888 834 mihi,ubiestdomus
2926 764 3593 834 Videntis.Etrespondit

1939 855 2176 910 Samuel
2199 856 2402 911 dicens
2423 872 2435 909 :
2459 856 2566 925 27
2579 856 2635 927 0
2664 858 2782 925 Ego
2806 870 2944 909 sum
2961 853 3175 908 Videns
3204 869 3216 907 :
3235 850 3493 908 ascende
3512 849 3591 905 ad

1938 957 2034 997 me
2050 942 2111 997 in
2137 943 2459 1009 excelsum,
2482 948 2546 998 ut
2565 941 2847 999 comedas
2867 937 3591 1005 mecumhodie,etdimit-

1938 1033 2062 1087 tam
2082 1034 2137 1088 te
2158 1047 2337 1088 mane
2368 1051 2380 1091 :
2416 1036 2473 1088 et
2491 1030 2695 1087 omnia
2715 1046 2852 1102 quae
2870 1028 3082 1085 suntin
3104 1026 3283 1084 corde
3310 1025 3595 1091 tuo,indi-

1939 1127 2092 1185 cabo
2114 1122 2397 1182 tibi.Etde
2418 1121 2622 1188 asinis,
2639 1136 2792 1193 quas
2805 1114 3588 1192 perdidistinudiustertius,

1938 1232 2015 1273 ne
2046 1214 2311 1273 solicitus
2336 1210 2439 1279 sis,
2479 1209 2621 1282 quia
2650 1208 2904 1264 inventas
2932 1209 3089 1261 sunt.
3110 1206 3177 1260 Et
3214 1204 3389 1272 cujus
3420 1204 3594 1257 erunt

1940 1305 2170 1378 optima
2190 1314 2448 1374 quaeque
2470 1297 2643 1353 Israel
2683 1297 2711 1351 ?
2750 1311 2949 1351 nonne
2968 1294 3173 1359 tibi,et
3195 1289 3591 1349 omnidomui

1938 1377 2123 1468 patris
2148 1389 2277 1448 tui?
2302 1386 2691 1459 Respondens
2723 1388 2923 1440 autem
2954 1380 3205 1447 Saul,ait
3239 1398 3252 1433 :
3290 1377 3592 1450 Numquid

1939 1466 2060 1539 non
2074 1480 2232 1536 ﬁlius
2248 1476 2467 1534 Jemini
2485 1490 2595 1545 ego
2619 1472 2854 1539 sum,de
2884 1472 3135 1527 minima
3164 1466 3595 1534 tribulsrael,et

1939 1568 2218 1640 cognatio
2231 1582 2355 1623 mea
2366 1563 2689 1621 novissima
2718 1562 2869 1618 inter
2906 1575 3107 1615 omnes
3124 1556 3508 1628 cognationes
3519 1552 3593 1609 de

158 1676 412 1722 omnem
455 1657 768 1731 populum.
804 1657 1047 1727 Peregre
1084 1657 1274 1713 ierant
1300 1660 1501 1713 autem
1530 1654 1713 1710 asinae
1736 1652 1827 1708 Cis
1856 1671 1902 1726 Β
1942 1658 2083 1716 tribu
2119 1654 2420 1727 Benjamin
2448 1654 2476 1710 ?
2506 1666 2687 1723 quare
2709 1666 2851 1720 ergo
2868 1649 3101 1705 locutus
3130 1662 3191 1702 es
3206 1644 3351 1701 mihi
3373 1657 3593 1699 sermo-

166 1750 362 1824 patris
387 1746 565 1805 Saul:
600 1745 817 1802 etdixit
838 1745 927 1801 Cis
948 1746 1026 1802 ad
1059 1744 1198 1802 Saul
1217 1744 1407 1802 ﬁlium
1422 1759 1599 1799 suum
1624 1762 1637 1810 ;
1659 1741 1817 1799 Tolle

157 1846 370 1897 tecum
385 1850 577 1893 unum
593 1834 667 1892 de
683 1835 907 1908 pueris,
926 1839 981 1891 et
998 1832 1615 1903 consurgensvade,et
1629 1846 1830 1904 quaere

163 1930 395 1987 asinas.
453 1928 725 1998 Cumque
759 1924 1111 1981 transissent
1123 1939 1226 1996 per
1238 1926 1503 1979 montem
1522 1920 1827 1994 Ephraim,

158 2024 218 2076 et
260 2033 376 2091 per
405 2022 659 2073 terrram
682 2013 895 2079 Salisa,
922 2018 979 2069 et
1012 2028 1135 2069 non
1165 2011 1524 2068 invenissent
1550 2029 1564 2079 ;
1589 2010 1829 2067 transie-

154 2112 301 2164 runt
331 2106 522 2162 etiam
552 2120 661 2176 per
678 2107 895 2160 terram
920 2100 1121 2168 Salim,
1146 2105 1202 2158 et
1232 2116 1350 2157 non
1379 2103 1580 2157 erant:
1632 2098 1737 2155 sed
1775 2104 1831 2154 et

152 2211 261 2269 per
287 2200 523 2251 terram
542 2191 779 2258 Jemini,
796 2196 854 2247 et
880 2191 1127 2247 minime
1151 2192 1523 2263 repererunt.
1562 2190 1709 2243 Cum
1731 2203 1832 2244 au-

154 2291 277 2342 tem
306 2283 624 2340 venissent
648 2282 709 2337 in
741 2284 959 2336 terram
986 2280 1164 2351 Suph,
1200 2284 1402 2334 etnon
1437 2276 1828 2340 invenissent,

156 2374 308 2431 dixit
342 2370 491 2429 Saul
515 2371 594 2427 ad
616 2385 871 2443 puerum
903 2384 1082 2424 suum
1117 2367 1221 2441 qui
1252 2370 1536 2423 eratcum
1564 2381 1635 2421 eo
1657 2382 1669 2421 :
1691 2364 1833 2421 Veni

158 2468 215 2520 et
237 2465 648 2525 revertamur,
672 2474 747 2514 ne
760 2457 908 2514 forte
928 2456 1220 2513 dimiserit
1236 2458 1402 2527 pater
1423 2471 1592 2511 mens
1614 2455 1825 2518 asinus,

162 2558 217 2609 et
245 2551 527 2608 solicitus
552 2548 626 2604 sit
646 2562 757 2620 pro
778 2546 975 2604 nobis.
1018 2546 1129 2612 Qui
1146 2544 1256 2602 ait:
1279 2546 1423 2600 Ecce
1448 2548 1535 2600 est
1553 2544 1642 2599 vir
1658 2542 1833 2599 Deiin

163 2641 405 2697 civitate
430 2639 574 2705 hac,
602 2636 693 2691 vir
712 2634 923 2692 nobilis
950 2649 1160 2691 :omne
1201 2633 1366 2706 quod
1385 2631 1666 2704 loquitur,
1696 2630 1831 2686 abs-

163 2746 276 2802 que
298 2726 707 2797 ambiguitate
723 2724 898 2780 venit.
931 2726 1097 2779 Nunc
1127 2738 1269 2793 ergo
1307 2737 1536 2788 eamus,
1589 2720 1639 2775 si
1685 2718 1832 2776 forte

160 2818 384 2875 indicet
402 2815 587 2873 nobis
604 2814 680 2869 de
700 2829 762 2869 re
788 2816 1011 2878 nostra,
1041 2815 1284 2885 propter
1310 2826 1500 2884 quam
1533 2807 1827 2865 venimus.

162 2908 440 2979 Dixitque
458 2903 600 2961 Saul
616 2902 686 2957 ad
701 2918 948 2975 puerum
968 2917 1145 2957 suum
1167 2918 1179 2955 :
1196 2903 1342 2957 Ecce
1372 2898 1624 2955 ibimus:
1682 2896 1828 2970 quid

1938 1764 2079 1806 nem
2118 1746 2301 1803 istum
2330 1743 2704 1798 ?.Assumens
2743 1738 2943 1809 itaque
2975 1733 3214 1793 Samuel
3256 1730 3515 1793 Saulem,
3538 1736 3595 1784 et

1939 1851 2189 1911 puerum
2215 1833 2364 1904 ejus,
2395 1828 2724 1886 introduxit
2744 1841 2846 1882 eos
2874 1824 2933 1879 in
2962 1821 3331 1892 ,triclinium,
3358 1821 3413 1874 et
3432 1817 3593 1873 dedit

1938 1907 2023 1983 eis
2040 1926 2245 1981 locum
2262 1923 2325 1977 in
2338 1918 2531 1991 capite
2548 1932 2755 1974 eorum
2779 1915 2875 1986 qui
2901 1912 3137 1969 fuerant
3150 1907 3380 1965 invitati
3396 1922 3408 1971 ;
3425 1908 3594 1961 erant

1937 2014 2097 2071 enim
2128 2012 2301 2084 quasi
2315 2007 2554 2079 triginta
2581 2003 2986 2074 viri.Dixitque
3018 1995 3489 2067 Samuelcoquo:
3510 1992 3593 2049 Da

1938 2108 2191 2177 partem,
2221 2114 2401 2172 quam
2441 2094 2579 2151 dedi
2610 2093 2733 2159 tibi,
2770 2096 2827 2147 et
2878 2087 3137 2162 praecepi
3176 2090 3241 2141 ut
3272 2096 3592 2155 reponeres

1939 2173 2215 2249 seorsum
2237 2186 2401 2260 apud
2419 2190 2493 2241 te.
2529 2182 2979 2240 Levavitautem
3007 2191 3238 2248 coquus
3269 2173 3593 2237 armum,et

1940 2280 2139 2353 posuit
2160 2259 2297 2334 ante
2326 2272 2758 2344 Saul.Dixitque
2791 2270 2841 2325 ei
2878 2265 3311 2353 Samueleece
3331 2259 3493 2353 quod
3507 2274 3592 2353 re-

1942 2347 2183 2435 mansit,
2206 2381 2357 2440 pone
2372 2362 2535 2436 apud
2564 2366 2636 2432 te,
2654 2357 2969 2416 etcomede
2996 2375 3007 2415 :
3037 2354 3176 2427 quia
3201 2352 3269 2407 de
3297 2347 3592 2406 industria

1942 2463 2242 2515 servatum
2264 2457 2348 2510 est
2374 2452 2499 2517 tibi,
2533 2449 2778 2523 quando
2803 2445 3096 2519 populum
3121 2440 3358 2499 vocavi.
3408 2440 3471 2493 Et
3497 2451 3593 2492 co-

1941 2546 2126 2603 medit
2149 2544 2288 2601 Saul
2316 2557 2453 2597 cum
2485 2537 2757 2596 Samuele
2789 2537 2850 2591 in
2870 2532 3101 2591 dieilla.
3160 2534 3224 2587 Et
3270 2525 3591 2584 descende-

1939 2638 2080 2692 runt
2102 2632 2177 2688 de
2206 2628 2439 2686 excelso
2464 2628 2525 2683 in
2550 2624 2861 2697 oppidum.
2886 2632 2956 2689 Ri.
2992 2625 3198 2675 Amen.

2010 2720 2340 2789 Antiphona
2372 2721 2421 2772 l.
2464 2706 3029 2780 Erubescantiimpii,
3062 2709 3119 2760 et
3148 2702 3591 2789 deducanturin

1938 2788 2236 2869 infernum
2270 2823 2283 2862 :
2319 2807 2485 2860 muta
2506 2800 2836 2857 efﬁciantur
2882 2794 3046 2852 labia
3072 2793 3295 2863 iniqua.
3331 2791 3472 2855 Quae
3508 2788 3589 2843 lo-

1939 2902 2206 2973 quuntur
2234 2894 2523 2952 adversus
2547 2890 2771 2961 justum
2800 2883 3188 2957 iniquitatem.
3225 2878 3289 2939 it.
3324 2877 3387 2932 In
3416 2882 3469 2932 te
3483 2878 3592 2930 Do-

162 2997 431 3053 feremus
448 2994 530 3050 ad
545 2993 741 3048 virum
762 2992 791 3047 ?
811 2991 985 3063 panis
1001 2990 1215 3046 defecit
1232 2990 1292 3045 in
1310 2987 1567 3044 sitarciis
1579 2966 1826 3043 nostris:
1860 3015 1901 3072 α
1944 2966 2103 3044 mine
2134 2982 2389 3057 speravi,
2423 2994 2546 3036 non
2575 2974 2912 3035 confundar
2940 2973 3001 3028 in
3023 2975 3312 3026 internum
3353 2966 3444 3022 :in
3488 2968 3591 3020 tua

161 3080 1060 3159 etsportulamnonhabemus,
1096 3079 1391 3136 utdemus
1432 3075 1664 3134 homini
1708 3074 1827 3131 Dei.

168 3191 273 3232 nec
292 3174 639 3249 quicquam
656 3170 814 3227 aliud
827 3173 1098 3226 .Rursum
1112 3184 1260 3241 puer
1278 3166 1584 3240 respondit
1602 3165 1762 3231 Saul,
1776 3167 1833 3221 et

160 3266 234 3321 ait
253 3282 266 3321 :
287 3264 446 3320 Ecce
460 3261 709 3317 inventa
739 3264 830 3315 est
856 3260 917 3314 in
949 3273 1129 3314 manu
1143 3273 1280 3314 mea
1304 3261 1522 3330 quarta
1552 3271 1694 3328 pars
1715 3258 1830 3311 sta-

161 3349 817 3422 terisargenti,demus
847 3348 1078 3404 homini
1116 3347 1236 3413 Dei,
1283 3350 1349 3403 ut
1398 3345 1617 3402 indicet
1654 3343 1829 3400 nobis

158 3443 321 3499 viam
354 3444 657 3497 nostram.
691 3436 869 3508 (Olim
900 3436 959 3491 iu
979 3434 1154 3492 lsrael
1173 3435 1255 3491 sic
1274 3433 1634 3507 loquebatur
1651 3446 1833 3487 unus-

160 3532 431 3604 quisque
477 3526 710 3583 vadens
757 3524 1068 3582 consulere
1113 3522 1468 3580 Dominum:
1502 3520 1721 3585 Venite,
1776 3523 1834 3575 et

162 3637 376 3678 eamus
400 3617 487 3674 ad
512 3617 845 3673 Videntem.
869 3615 978 3681 Qui
1000 3614 1158 3670 enim
1190 3611 1708 3687 Prophetadicitur
1722 3609 1832 3666 ho~

161 3710 276 3777 die,
299 3707 649 3766 vocabatur
677 3705 819 3761 olim
847 3703 1111 3775 Videns.)
1133 3706 1198 3759 Et
1251 3703 1391 3758 dixit
1410 3700 1549 3758 Saul
1569 3700 1648 3757 ad
1684 3714 1832 3772 pue-

159 3816 298 3856 rum
321 3813 551 3853 suum:
580 3793 856 3867 Optimus
893 3808 1089 3848 sermo
1123 3796 1275 3848 tuus.
1311 3791 1469 3857 Veni,
1504 3804 1736 3845 eamus.
1767 3790 1835 3843 Et

160 3890 367 3946 ierunt
394 3888 459 3943 in
480 3884 804 3954 civitatem,
853 3882 913 3938 in
951 3898 1074 3955 qua
1112 3885 1236 3938 erat
1256 3880 1344 3936 vir
1380 3879 1505 3935 Dei.
1564 3880 1833 3949 Cumque

160 3977 569 4035 ascenderant
612 3973 833 4029 clivum
867 3970 1148 4037 civitatis,
1202 3971 1561 4025 invenerunt
1598 3965 1829 4039 puellas

165 4066 545 4137 egredientes
565 4063 642 4119 ad
662 4060 1060 4118 hauriendam
1081 4062 1391 4132 aquam,et
1410 4057 1689 4111 dixerunt
1715 4053 1829 4109 eis:

174 4158 340 4210 Num
356 4153 455 4208 hic
481 4157 563 4208 est
588 4151 804 4208 Videns
827 4152 855 4207 ?
885 4151 1027 4216 Quae
1063 4147 1515 4219 respondentes,
1558 4142 1836 4199 dixerunt

167 4244 338 4302 illis:
373 4242 472 4297 Hic
496 4249 608 4298 est:
661 4256 800 4298 ecce
850 4244 986 4296 ante
1029 4244 1100 4305 te,
1137 4236 1352 4294 festina
1381 4250 1541 4291 nunc
1572 4246 1588 4296 :
1656 4232 1833 4289 hodie

1935 3076 2167 3149 justitia
2194 3072 2382 3129 libera
2412 3084 2529 3137 me,
2562 3074 2616 3123 et
2642 3065 2801 3137 eripe
2832 3077 2953 3119 me.
3000 3060 3288 3115 Psalmus.
3342 3071 3480 3110 xxx.

2015 3164 2239 3223 Oratio.
2268 3159 2652 3223 Erubescant,
2677 3144 3593 3222 Domine,impii,etdeducantur

1938 3257 2002 3314 in
2030 3249 2477 3322 infernum,qui
2505 3251 2556 3303 te
2605 3243 2904 3301 Christum
2958 3238 3059 3296 Dei
3097 3237 3306 3322 tilium,
3340 3246 3590 3322 negave-

1939 3349 2109 3402 runt:
2134 3345 2195 3398 ut
2225 3316 2419 3396 orate
2444 3332 2839 3407 loquentium,
2865 3328 2983 3383 alto
3012 3319 3447 3397 praedicationis
3469 3316 3591 3407 cul-

1942 3433 2103 3489 mine
2133 3403 2566 3504 polleant,dum
2586 3418 2869 3477 adversus
2876 3416 2896 3486 j
2910 3417 3107 3469 ustum
3124 3407 3496 3480 iniquitatem
3511 3403 3591 3459 lo-

1943 3519 2254 3596 quentium
2283 3508 2646 3572 destruxeris
2675 3506 2853 3562 labia.
2889 3514 2954 3573 1r.
2986 3505 3194 3556 Amen.

2014 3610 2124 3666 Per
2151 3600 2651 3663 misericordiam.

2014 3712 2362 3782 Antiphona
2388 3712 2441 3763 2.
2471 3704 2685 3761 Judiea
2716 3698 2962 3757 Domine
2991 3696 3275 3752 nocentes
3306 3691 3590 3755 me,etex-

1943 3780 2225 3880 pugnaim
2235 3798 2567 3872 pugnantes
2582 3783 3076 3861 me.Apprehende
3088 3783 3315 3880 armaet
3329 3780 3556 3833 scutum
3576 3791 3589 3830 :

1944 3866 2002 3951 et
2021 3866 2248 3960 exurge
2279 3866 2339 3943 in
2371 3875 2920 3955 adjutoriummihi.
2940 3873 3004 3933 in
3026 3866 3596 3960 Etl'undeframea,et

1943 3978 2234 4039 conclude
2264 3975 2553 4032 adversus
2586 3984 2708 4040 eos,
2742 3966 2849 4039 qui
2891 3978 2986 4020 me
3011 3951 3594 4034 persequuntur:dic

1944 4071 2152 4128 animai
2173 4080 2352 4122 meae:
2398 4061 2565 4119 Salus
2594 4063 2698 4113 tua
2748 4069 2861 4125 ego
2894 4048 3351 4107 sum.Psalmus.
3390 4057 3589 4098 xxxw.

2016 4170 2443 4232 OratioJudica
2461 4165 2706 4222 Domine
2719 4163 3002 4217 nocentes
3017 4172 3127 4211 nos
3146 4171 3158 4219 ;
3174 4153 3594 4222 etimpugnan-

1943 4271 2029 4323 tes
2045 4280 2156 4320 nos
2171 4262 2297 4333 ipse
2310 4271 2625 4330 expugna:
2652 4257 2715 4308 ut
2734 4249 2835 4323 qui
2848 4248 3108 4321 primum
3131 4260 3193 4298 es
3206 4241 3596 4313 impugnatus

164 4334 340 4424 9mm
364 4332 519 4424 vim“
537 4332 596 4424 in
616 4330 937 4424 θίνίξῗλίθᾳδ
951 4329 1096 4424 qui?
1122 4325 1483 4424 Sacriﬁcle
1502 4327 1591 4424 8,“
1606 4321 1833 4424 pOPuP
1865 4366 1911 4423 D
2023 4321 2269 4424 corpore
2286 4321 2501 4404 nostro
2513 4362 2526 4413 ;
2542 4358 2703 4399 nunc
2723 4321 3338 4407 nosinexpugnabiles
3360 4325 3594 4391 reddas,

162 4422 225 4477 in
250 4420 513 4478 excelso.
540 4417 943 4490 lngredientes
988 4416 1221 4485 urbem,
1266 4414 1467 4471 statim
1519 4413 1833 4470 invenietis

165 4527 314 4568 eum
328 4514 661 4583 antequam
674 4506 1034 4564 ascendatin
1047 4505 1313 4563 exelsum
1337 4504 1416 4561 ad
1432 4501 1831 4560 vescendum:

164 4616 375 4675 neque
405 4598 570 4656 enim
596 4612 945 4655 comesurus
964 4600 1052 4654 est
1081 4593 1340 4668 populus
1391 4593 1583 4650 donec
1611 4590 1707 4648 ille
1733 4606 1836 4646 ve-

173 4691 297 4748 niat
322 4712 336 4747 :
362 4689 518 4764 quia
541 4690 670 4761 ipse
689 4686 1002 4745 benedicet
1015 4683 1243 4753 hostiae,
1260 4688 1317 4740 et
1336 4682 1621 4755 deinceps
1641 4695 1838 4737 come-

183 4780 324 4838 dunt
344 4779 447 4854 qui
477 4778 671 4835 vocati
702 4780 854 4833 sunt.
876 4778 1042 4833 Nunc
1091 4788 1232 4844 ergo
1275 4770 1676 4836 conscendite,
1696 4770 1839 4843 quia

184 4870 357 4927 hodie
399 4866 706 4940 reperietis
733 4880 891 4921 eum.
915 4866 981 4920 Et
1008 4861 1404 4920 ascenderunt
1424 4860 1486 4917 in
1515 4859 1835 4917 civitatem.

187 4957 453 5031 Cumque
470 4954 556 5011 illi
571 4951 1029 5011 ambularentin
1052 4948 1256 5006 medio
1271 4948 1436 5005 urbis
1448 4946 1729 5020 apparuit
1742 4946 1842 5002 Sa-

178 5046 337 5104 muel
365 5044 688 5116 egrediens
711 5040 953 5097 obviam
974 5040 1078 5105 eis,
1102 5042 1166 5094 ut
1193 5036 1541 5094 ascenderet
1561 5035 1624 5091 in
1645 5033 1843 5091 excel-

170 5152 328 5193 sum.
352 5134 649 5191 Dominus
661 5138 861 5188 autem
873 5128 1238 5186 revelaverat
1248 5125 1581 5183 auriculam
1601 5126 1740 5181 Sam
1747 5138 1843 5180 ue-

1942 4440 2363 4518 permanentes
2391 4435 2451 4491 in
2490 4445 2738 4504 corpore
2759 4432 2883 4485 tuo.
2920 4438 2983 4497 13:.
3018 4429 3233 4479 Arnen.

2016 4547 2363 4618 Antiphona
2388 4546 2445 4600 3.
2478 4535 2891 4599 Stridebantin
2919 4547 3015 4589 me
3034 4528 3305 4587 dentibus
3324 4524 3446 4580 suis
3464 4539 3476 4577 :
3494 4522 3599 4618 Do:

1946 4641 2107 4698 mine
2136 4608 2383 4710 quando
2420 4628 2770 4703 respiciens,
2793 4622 3059 4680 restitues
3072 4618 3338 4675 animam
3353 4608 3597 4710 meam?

1946 4731 2009 4794 ir.
2033 4696 2462 4785 Non‘insultent
2506 4696 2568 4776 in
2597 4714 2827 4790 mequi
2861 4710 3253 4769 adversantur
3300 4698 3447 4757 mihi
3485 4696 3593 4794 ini-

1948 4784 2067 4893 que
2101 4833 2115 4872 :
2153 4814 2257 4889 qui
2287 4811 2543 4869 oderunt
2571 4820 2668 4863 me
2694 4784 2876 4877 gratis
2904 4804 2961 4857 et
2990 4794 3339 4855 annuebant
3385 4784 3597 4845 oculis.

1949 4906 2228 4964 Psalmus
2256 4914 2461 4958 xxxxv.

2021 5014 2310 5085 Hymnus.
2345 5010 2387 5065 Ο
2414 5008 2730 5073 Nazarene,
2765 4998 2887 5055 lux.
2921 4994 3130 5063 Quaere
3156 4991 3271 5062 fol.
3313 4991 3437 5046 144.

2026 5118 2245 5177 Oratio.
2263 5114 2504 5178 Christe,
2545 5110 2648 5166 Dei
2675 5107 2871 5171 Filius,
2891 5103 2995 5177 qui
3017 5098 3395 5159 stridentium
3412 5092 3602 5153 inimi-

1954 5225 2163 5270 corum
2187 5204 2465 5263 dentibus
2516 5216 2639 5258 non
2680 5215 2744 5256 es
2769 5197 3133 5262 commotus,
3168 5190 3276 5247 sed
3317 5180 3602 5270 singulari

172 5227 244 5283 lis
264 5232 407 5284 ante
425 5238 618 5281 unam
647 5220 801 5277 diem
826 5234 1008 5293 quam
1037 5217 1263 5274 veniret
1291 5214 1370 5273 ad
1402 5213 1563 5282 Saul,
1594 5212 1800 5269 dicens
1828 5230 1841 5268 :

185 5314 293 5372 Hac
330 5316 483 5389 ipsa,
515 5328 657 5387 quae
672 5325 832 5367 nunc
853 5309 1139 5373 est,hora,
1174 5322 1305 5363 cras
1330 5304 1564 5361 mittam
1594 5302 1675 5360 ad
1695 5306 1749 5359 te
1762 5302 1846 5358 vi-

186 5419 310 5461 rum
335 5406 412 5462 de
438 5408 599 5461 terra
634 5398 964 5472 Benjamin,
983 5402 1040 5455 et
1076 5410 1257 5469 unges
1283 5392 1651 5453 eumducem
1667 5406 1847 5465 super

190 5494 463 5583 pepulum
478 5505 688 5567 meum
714 5505 725 5547 :
748 5492 806 5559 et
825 5485 1073 5570 salvebit
1088 5483 1362 5577 poPuluIn
1390 5498 1584 5559 meum
1597 5481 1666 5549 de
1676 5496 1847 5563 manu

1953 5296 2260 5375 patientia,
2284 5291 2520 5355 effrenis
2549 5287 2901 5347 stridoribus
2932 5282 3180 5357 spicula,
3214 5282 3291 5375 .et
3318 5269 3599 5375 humanis

1954 5358 2345 5458 languoribus
2368 5379 2622 5454 porrigis
2660 5374 3020 5434 medicinam
3055 5366 3323 5425 :restitue
3365 5358 3469 5415 tibi
3490 5370 3596 5454 per

1952 5444 2158 5559 verum
2170 5444 2575 5573 paenitentiam
2597 5468 2830 5553 animas
2843 5464 3076 5535 nostras
3094 5472 3105 5537 ς
3124 5458 3185 5521 ut
3206 5469 3241 5516 ει
3262 5444 3599 5541 ιθτβερθοῐὶ,
