4094 6164
494 219 604 274 467

1743 195 2200 256 BREVIABIUM
2242 197 2649 258 GOTHICUM.

3803 189 3904 244 468

482 356 607 401 non
636 339 897 396 feramur
910 331 1197 407 praecipiti
1215 327 1764 386 iniradamnabiles
1792 323 1933 396 ;sed
1946 337 2142 378 exem-
2169 323 2218 376 Α
2247 338 2392 380 num
2429 343 2442 390 ;
2471 331 2526 382 et
2554 327 2633 383 ab
2653 325 2912 382 inimicis
2934 321 3081 378 meis
3114 321 3314 375 salvus
3328 316 3519 373 ero.P.
3550 316 3681 381 Qua
3713 316 3914 368 custo-

485 431 588 506 plo
604 432 721 485 tuas
750 423 1045 499 passionis
1061 421 1386 478 reddamur
1417 418 1495 474 ad
1536 417 1743 473 omnia
1767 414 1960 468 mites.

557 518 730 574 Pater
743 517 966 572 noster.

1111 599 1205 653 Ad
1251 599 1541 666 Vesperos.

563 693 794 752 Lauda.
826 688 1183 746 llluminatio
1199 701 1358 754 mea,
1388 689 1445 740 et
1465 682 1628 738 salus
1651 693 1790 735 mea
1837 676 2143 732 Dominus.

562 781 850 838 Dominus
879 778 974 832 sit.
1016 788 1078 845 Rt.
1117 776 1182 830 Et
1207 788 1378 830 cum.
1757 814 1765 820 .

563 869 919 938 Antiphona.
934 862 1174 920 Intende
1187 862 1406 917 animae
1430 873 1602 925 meae,
1621 852 2150 918 Domine,etlibera

497 975 632 1016 eam
647 1000 661 1014 .
698 957 1181 1011 Psalmusmxvni.

570 1046 796 1104 Lauda.
838 1045 902 1097 1n
926 1043 1070 1110 {toto
1109 1038 1288 1094 corde
1315 1051 1470 1100 meo,
1515 1038 1668 1090 Deus
1699 1031 1997 1104 exquisivi
2047 1035 2102 1086 te
2134 1047 2146 1084 :

499 1137 570 1191 P.
601 1137 680 1188 Ne
701 1129 954 1202 repellas
978 1143 1074 1184 me
1103 1141 1140 1182 a
1167 1125 1467 1182 mandatis
1480 1123 1621 1180 tuis.
1643 1123 1710 1180 ὴ.
1751 1124 1813 1175 In
1829 1125 1952 1176 toto
1975 1118 2153 1175 corde

500 1237 638 1279 meo
669 1217 959 1276 abscondi
980 1215 1216 1288 eloquia
1232 1218 1337 1270 tua
1369 1231 1381 1272 :
1418 1217 1485 1270 ut
1512 1227 1634 1269 non
1662 1225 1905 1282 peccem
1925 1207 2054 1266 tibi.
2087 1208 2152 1263 P.

503 1314 584 1368 Ne
610 1308 865 1381 repellas

574 1401 837 1469 Hymno.
878 1395 1133 1450 Verbum
1176 1391 1363 1446 Patris
1394 1389 1558 1461 quod
1587 1387 1826 1460 prodiit.
1856 1388 1970 1455 fol.
2015 1390 2146 1440 252.

579 1485 888 1554 Capitula.
919 1480 1270 1537 Bellantium
1295 1491 1632 1541 mucrones,
1663 1475 2154 1547 quaesumus,Do-

506 1571 915 1638 mine,vitricis
930 1584 1164 1641 semper
1178 1567 1486 1640 potestatis
1501 1570 1616 1620 tuaa
1644 1567 1858 1620 virtute
1873 1563 2121 1618 retunde
2141 1582 2153 1630 ;

2249 415 2370 470 divi
2400 416 2530 471 vias
2551 417 2680 487 ejus
2719 434 2737 485 ;
2769 418 2825 468 et
2862 427 2985 468 non
3025 408 3333 480 egi‘impie
3360 421 3396 461 a
3419 408 3537 461 Deo
3558 417 3721 459 meo.
3765 400 3827 459 ῒ.
3853 403 3917 456 Et

2250 504 2550 560 exaudivit
2570 504 2644 559 de
2667 502 2890 574 templo
2945 503 3155 556 sancto
3196 512 3306 552 suo
3351 509 3563 550 vocem
3591 493 3911 547 meamzet

2251 593 2480 649 clamor
2499 609 2669 649 meus
2698 592 2758 647 in
2783 592 3106 662 conspectu
3117 588 3344 657 ejus,et
3367 581 3634 640 introivit
3654 579 3717 636 in
3740 593 3913 635 aures

2255 682 2406 752 ejus.

2329 771 2544 826 Oratio.
2579 773 2644 826 In
2669 769 3045 825 tribulatione
3079 768 3269 820 suate
3291 764 3478 818 Deum
3524 759 3912 815 liberatorem

2258 874 2431 914 suum
2444 859 2681 914 invocat
2696 856 2956 913 Ecclesia
2972 859 3077 910 tua
3106 871 3118 908 :
3143 852 3400 924 petimus
3416 847 3913 922 proinde,uteam

2257 947 2446 1004 salves
2484 947 2562 1003 ab
2589 946 2844 1002 inimicis
2874 962 2887 999 :
2914 944 3018 1016 qui
3049 957 3184 998 eam
3224 937 3534 996 redemisti
3593 933 3792 1007 pretio
3829 932 3913 988 tui

2259 1035 2525 1091 cruoris:
2555 1051 2676 1107 quo
2707 1036 2787 1090 ita
2823 1034 2950 1088 vias
2977 1037 3107 1088 tuas
3155 1032 3214 1084 in
3268 1029 3379 1084 hac
3429 1023 3914 1099 peregrinatione

2261 1124 2647 1189 custodiat,ut
2667 1137 2859 1179 ovans
2880 1121 2958 1177 ad
2986 1125 3088 1176 tua
3114 1121 3411 1175 mereatur
3438 1113 3756 1187 pervenire
3788 1126 3917 1184 pro-

2263 1213 2470 1270 missa.
2505 1224 2572 1282 Br.
2606 1215 2819 1268 Amen.

2334 1304 2440 1356 Per
2463 1299 2954 1356 misericordiam.

2333 1391 2679 1460 Antiphona
2693 1395 2720 1445 3
2731 1389 2907 1444 .Deus
2923 1403 3092 1443 meus
3106 1385 3276 1442 salva
3290 1399 3383 1440 me
3397 1383 3471 1438 de
3485 1381 3735 1438 inimicis
3751 1379 3925 1434 meis:

2265 1478 2799 1536 etaresistentibus
2819 1477 2966 1533 mihi
2995 1491 3134 1532 erue
3172 1489 3290 1530 me.
3359 1475 3417 1528 P.
3479 1473 3545 1526 Et
3586 1467 3928 1525 conﬁtebor

2264 1569 2370 1624 tibi
2399 1569 2461 1624 in
2495 1568 2793 1638 gentibus,
2823 1571 2878 1623 et
2900 1565 3128 1622 nomini
3173 1568 3274 1619 tuo
3307 1560 3584 1618 cantabo.
3641 1559 3706 1617 ἴ.
3755 1557 3930 1628 Eripe

507 1668 566 1720 et
603 1666 809 1718 contra
827 1663 1045 1715 sortem
1070 1661 1237 1713 tuam
1264 1656 1614 1710 meditantes
1640 1654 1864 1716 inania,
1898 1652 2159 1707 veritatis
2188 1654 2232 1709 Β
2267 1673 2362 1713 me
2393 1657 2466 1712 de
2489 1654 3060 1712 contradictionibus
3086 1651 3318 1725 populi;
3373 1649 3702 1706 constitues
3750 1661 3852 1702 me
3870 1645 3930 1700 in

507 1756 625 1810 tuae
665 1749 888 1820 corrige
909 1745 1249 1818 disciplina:
1283 1745 1509 1816 quique
1532 1742 1821 1798 adversus
1864 1741 2159 1797 Christum

508 1845 682 1897 tuum
710 1837 1139 1909 blasphemant
1163 1832 1667 1895 declamsntes,ad
1681 1830 2158 1902 praedicationem

509 1945 666 1984 verae
697 1927 835 1981 ﬁdei
865 1924 1563 1982 suacordaconvertant:
1593 1925 1656 1975 ut
1679 1924 1735 1974 et
1772 1919 2011 1975 vincula
2027 1934 2162 1991 pec-

511 2020 807 2081 catorum,
831 2014 1047 2085 quibus
1093 2011 1277 2067 vincti
1318 2011 1676 2072 detinentur,
1711 2007 2161 2063 miseratusdis-

511 2107 862 2176 rumpas;et
892 2106 1138 2157 cunctos
1145 2100 1502 2171 justiﬁcatos
1529 2099 1693 2168 digiti
1734 2097 1816 2152 tui
1836 2096 2070 2152 calamo
2100 2097 2159 2151 in

511 2191 664 2248 libro
682 2190 820 2245 vitae
853 2188 1218 2245 conscribas.

584 2283 753 2336 Pater
771 2283 990 2334 noster.

584 2367 896 2425 Humiliate
926 2381 1031 2421 vos
1060 2363 1478 2420 benedictioni.

581 2457 869 2512 Dominus
897 2456 991 2510 sit.
1033 2466 1100 2523 Βε.
1137 2456 1201 2509 Et
1229 2469 1394 2508 cum.

585 2546 948 2604 Benedictio.
983 2543 1296 2599 Benedicat
1316 2557 1423 2597 vos
1455 2545 1640 2609 Pater,
1665 2543 1767 2612 qui
1794 2543 1855 2597 in
1873 2541 2164 2612 principio

514 2651 621 2709 per
645 2634 903 2690 Verbum
934 2636 1151 2688 cuncta
1188 2630 1433 2686 creavit.
1466 2641 1534 2699 ἢν.
1593 2631 1802 2686 Amen.
1857 2630 2168 2685 Benedicat

515 2739 624 2780 vos
644 2722 842 2786 Filius,
869 2723 974 2794 qui
1005 2721 1314 2776 aPaterna
1366 2719 1506 2774 sede
1570 2734 1681 2790 pro
1720 2723 1930 2774 nostra
1978 2717 2166 2773 salute

517 2811 842 2868 descendit.
871 2822 934 2876 at.
967 2811 1176 2864 Amen.
1217 2808 1534 2863 Benedicat
1581 2822 1690 2861 vos
1731 2808 1980 2878 Spiritus
2013 2807 2169 2866 San-

517 2904 664 2969 ctus,
688 2899 792 2972 qui
822 2914 1001 2970 super
1025 2898 1322 2954 Christum
1348 2897 1407 2950 in
1437 2895 1698 2951 Jordane
1719 2896 1966 2952 ﬂumine
1989 2900 2165 2951 utco-

516 2989 730 3046 lumba
747 2987 1047 3058 requievit.
1069 2998 1134 3054 Ri.
1160 2987 1371 3040 Amen.

589 3079 698 3132 Per
727 3075 1202 3132 misericordiam

589 3165 812 3221 Lauda.
846 3165 1182 3219 Posuerunt
1222 3164 1586 3234 peccatores,
1614 3161 1689 3216 Et
1720 3161 1937 3217 Oratio.
1962 3161 2172 3217 Tribue

519 3254 716 3321 nobis,
738 3252 988 3308 Domine
1030 3252 1142 3320 fol.
1172 3255 1297 3308 266.

1164 3355 1262 3396 FER
1272 3355 1323 3394 ῐΑ
1339 3355 1576 3403 QUARTA.

1091 3428 1182 3482 Ad
1235 3429 1620 3483 Matitunum.

595 3519 955 3588 Antiphona.
974 3517 1167 3573 Gloria
1183 3533 1338 3581 mea,
1371 3523 1426 3573 et
1446 3518 1713 3574 exaltans
1733 3520 1908 3587 caput
1956 3531 2178 3571 meum.

529 3611 682 3662 Voce
704 3623 839 3662 mea
879 3607 950 3661 ad
984 3607 1305 3661 Dominum
1340 3607 1633 3662 clamavi:
1669 3612 1724 3662 et
1768 3605 2070 3662 exaudivit
2090 3621 2183 3659 me

529 3696 604 3752 de
628 3699 832 3751 monte
853 3699 1060 3750 sancto
1084 3711 1212 3751 suo.
1248 3695 1520 3752 Psalmus
1566 3712 1646 3752 ιιι.

605 3784 714 3853 27
733 3785 776 3852 ι
816 3783 1032 3838 Oratio.
1049 3781 1242 3838 Gloria
1271 3789 1474 3839 nostra
1488 3784 1642 3838 Deus
1658 3783 1963 3846 noster,da
1990 3782 2181 3854 nobis,

531 3875 598 3928 ut
621 3873 680 3926 in
711 3875 765 3926 te
795 3871 920 3926 sine
937 3871 1053 3925 ﬁne
1072 3871 1395 3939 gloriemur
1426 3891 1443 3926 :
1475 3888 1746 3944 quosque
1772 3872 1961 3928 fecisti
2002 3871 2075 3927 de
2093 3887 2187 3927 ca-

533 3959 671 4032 pitis
693 3959 1053 4015 exultatione
1083 3958 1387 4022 sublimes,
1406 3960 2090 4030 quaesumus,utefticias
2112 3961 2187 4017 de

535 4049 718 4105 totius
747 4048 1012 4120 corporis
1043 4055 1463 4104 consummata
1490 4049 1680 4105 salute
1705 4066 1971 4107 securos:
1992 4051 2189 4106 Elevet

537 4136 933 4208 abjectionem
961 4142 1226 4192 nostram
1265 4142 1366 4192 tua
1395 4137 1717 4193 celsitudo:
1754 4144 1817 4195 ut
1837 4139 2184 4211 quihumili-

537 4232 654 4283 tate
684 4232 844 4283 tuaa
887 4226 1131 4282 terrenis
1179 4225 1498 4293 erigimur;
1533 4227 1891 4284 exultatione
1949 4245 2190 4302 quoque

538 4313 785 4387 provehi
814 4329 1162 4370 mereamur.
1196 4325 1258 4383 1i.
1289 4315 1488 4370 Amen.

607 4404 962 4472 Antiphona
1001 4408 1047 4458 t.
1093 4406 1174 4458 Da
1196 4403 1640 4469 mihi,Domine,
1671 4403 1949 4477 clypeum
1983 4406 2189 4462 salutis

540 4495 654 4548 tuae
690 4502 706 4552 :
745 4495 801 4547 et
825 4492 1067 4546 dextera
1084 4495 1185 4546 tua
1210 4491 1476 4546 contorta
1511 4493 1884 4563 me.Accinge
1921 4493 2191 4549 meforti-

541 4580 809 4638 tudinem
831 4581 906 4637 ad
929 4581 1222 4654 praelium,
1262 4581 1510 4636 incurva
1543 4597 1720 4653 super
1742 4598 1834 4636 me
1856 4583 2192 4638 resistentes

542 4670 692 4726 mihi
715 4675 771 4726 et
794 4671 1060 4726 odientes
1079 4686 1164 4725 me
1186 4671 1481 4742 disperde.
1506 4670 1571 4733 γ.
1611 4671 1858 4741 Diligam
1874 4677 1925 4728 te
1945 4673 2193 4728 Domine

541 4759 726 4816 virtus
742 4777 909 4815 mea:
938 4758 1224 4815 Dominus
1255 4760 1702 4815 firmamentum
1728 4777 1954 4830 meum,
1974 4766 2029 4818 et
2057 4761 2197 4816 libe-

543 4854 704 4905 rator
732 4865 921 4906 meus.

617 4937 836 4992 Oratio.
866 4940 950 4993 Da
978 4937 1171 5008 nobis,
1207 4940 1473 5003 Domine,
1507 4937 1788 5010 clypeum
1822 4939 2030 4994 salutis
2046 4944 2193 4994 tuae:

547 5028 603 5079 et
623 5023 864 5079 dextera
891 5029 1115 5081 tuanos
1151 5026 1227 5081 ad
1259 5027 1376 5083 alta
1408 5042 1644 5098 semper
1660 5026 2045 5098 provehendo
2060 5043 2198 5082 con-

546 5112 740 5181 fortet,
772 5128 895 5184 quo
917 5115 1164 5170 accincti
1194 5115 1535 5171 fortitudine
1567 5119 1668 5170 tua
1689 5115 1766 5170 ad
1799 5115 2073 5186 prtelium
2097 5132 2201 5187 per

547 5201 781 5271 insigne
805 5202 1004 5257 Crucis
1021 5208 1136 5258 ture
1154 5204 1485 5274 trophaeum
1508 5203 1860 5273 dejiciamus
1882 5205 2202 5260 adversan-

547 5295 666 5346 tem
687 5290 864 5346 nobis
886 5290 1136 5345 humani
1157 5293 1385 5360 generis
1417 5291 1750 5347 inimicum.
1783 5304 1844 5362 [δέ.
1871 5295 2076 5348 Amen.

619 5381 729 5435 Per
757 5380 1248 5436 misericordiam.

618 5469 962 5538 Antiphona
993 5472 1045 5524 2.
1062 5471 1125 5523 ln
1144 5465 1520 5523 tribulatione
1552 5483 1688 5524 mea
1713 5469 2201 5526 invocaviDomi-

2268 1750 2448 1818 caput
2476 1745 2758 1814 gentium.

2342 1835 2567 1890 Oratio.
2599 1835 2754 1888 Deus
2784 1835 3003 1897 noster,
3039 1830 3205 1886 salva
3229 1845 3340 1885 nos
3365 1829 3442 1884 ab
3463 1823 3930 1896 insurgentibus

2269 1925 2711 1992 inimicis;et-a
2731 1919 3142 1978 resistentibus
3185 1918 3444 1973 victoriae
3499 1913 3929 1979 Crucis,libera

2269 2030 2379 2070 nos
2409 2011 2670 2085 potentia
2696 2010 2969 2066 Deitatis:
2997 2013 3060 2065 ut
3098 2007 3327 2064 nomini
3381 2012 3480 2062 tuo
3506 2008 3848 2067 cantantes,
3873 2005 3932 2057 te

2269 2117 2506 2174 semper
2547 2101 2870 2170 gloriosum
2890 2097 3282 2154 conﬁteamur
3323 2095 3385 2150 in
3419 2093 3712 2163 gentibus,
3753 2092 3936 2163 cujus

2271 2190 2564 2259 sanguine
2592 2189 2939 2259 redemptus
2964 2190 3056 2242 est
3087 2185 3352 2240 mundus
3377 2195 3440 2252 Ri.
3475 2187 3688 2238 Amen.

2342 2279 2452 2334 Per
2479 2275 2967 2332 misericordiam.

2343 2379 2406 2436 Ri.
2431 2366 2853 2435 Cogitaverunt
2877 2364 3071 2436 iniqui
3110 2363 3401 2418 dicentes:
3448 2359 3666 2422 Venite,
3703 2358 3940 2430 disper-

2273 2457 2489 2512 damus
2517 2470 2656 2510 eum
2687 2454 2761 2510 de
2784 2457 2974 2522 gente,
3007 2455 3084 2508 P.
3134 2455 3198 2507 Et
3218 2465 3340 2506 non
3366 2448 3810 2504 memorabitur
3832 2463 3940 2503 no-

2274 2559 2411 2600 men
2434 2544 2562 2614 ejus
2591 2542 2874 2614 amplius.
2907 2541 3021 2598 Sed
3053 2545 3137 2607 tu,
3179 2535 3858 2599 DomineDeuslsrael,a
3881 2541 3940 2591 te

2275 2632 2719 2690 confundantur
2739 2631 2963 2687 inimici
3019 2629 3158 2686 mei.
3200 2628 3262 2688 ἰν.
3320 2627 3645 2683 Dixerunt:
3709 2626 3936 2692 Venite,

2274 2723 2581 2778 mittamus
2603 2721 2834 2790 lignum
2865 2720 2923 2775 in
2947 2734 3166 2791 panem
3189 2717 3339 2788 ejus,
3372 2721 3427 2772 et
3448 2715 3766 2771 eradamus
3785 2730 3937 2770 eum

2275 2813 2350 2868 de
2397 2818 2552 2867 terra
2571 2810 2918 2866 viventium.
2937 2811 3078 2865 P.Et
3100 2823 3248 2863 non.
3277 2808 3414 2863 Non
3445 2807 3687 2861 dicatur
3714 2803 3936 2859 Gloria.

2350 2901 2570 2956 Oratio.
2611 2903 2786 2960 Deus.
2815 2899 2950 2970 quis
3005 2897 3209 2952 similis
3266 2895 3374 2951 tibi
3414 2899 3535 2950 tam
3562 2893 3937 2957 inbonitate,

2207 3001 2249 3058 ί]
2277 3006 2463 3063 quam
2491 2990 2550 3045 in
2564 2989 2773 3045 virtute
2791 2989 2818 3044 ?
2836 2989 3195 3060 quiSanctos
3211 2990 3343 3041 tuos
3368 2989 3423 3041 et
3442 2984 3710 3040 bonitate
3740 2983 3941 3038 erudis

2280 3085 2336 3135 et
2364 3079 2576 3134 virtute
2602 3077 2873 3133 defendis
2902 3097 2915 3132 :
2943 3076 3321 3131 inimicorum
3343 3089 3449 3130 ora
3466 3073 3786 3128 frementia
3806 3087 3941 3127 con-

2281 3167 2508 3239 primis,
2533 3170 2589 3220 et
2622 3170 2862 3221 tuorum
2891 3163 3368 3220 obsecrationem
3396 3161 3708 3231 agnoscis:
3741 3163 3825 3215 Da
3840 3174 3942 3214 no-

2283 3256 2376 3313 bis
2405 3255 2480 3311 de
2505 3259 2607 3310 tua
2619 3254 2880 3310 bonitate
2898 3252 3331 3309 conﬁdentibus
3355 3266 3612 3324 operum
3637 3250 3940 3306 bonorum

2285 3343 2660 3418 particulam,
2694 3359 2823 3414 quae
2861 3357 2971 3397 nos
3002 3347 3058 3397 et
3083 3341 3160 3397 ab
3199 3340 3458 3396 inimicis
3500 3337 3757 3395 consilio
3785 3343 3943 3394 tutos

2287 3433 2524 3498 efﬁciat,
2553 3436 2607 3488 et
2628 3431 2950 3487 mundatos
2967 3447 3002 3486 a
3014 3431 3258 3486 crimine
3275 3429 3378 3484 tibi
3391 3428 3626 3500 placere
3641 3427 3942 3483 ostendat:

2288 3527 2427 3578 uttu
2448 3537 2559 3577 nos
2574 3521 2649 3576 ad
2665 3521 2914 3590 gloriam
2942 3520 3240 3591 perducas
3261 3523 3544 3572 aeternam
3557 3561 3570 3584 ,
3585 3517 3692 3588 qui
3706 3514 3868 3572 solus
3883 3530 3946 3570 es

2291 3611 2631 3667 Altissimus
2649 3625 2826 3682 super
2851 3624 3093 3664 omnem
3113 3612 3352 3663 terram.
3385 3618 3448 3676 It.
3479 3610 3693 3662 Amen.

2362 3702 2467 3754 Per
2497 3697 2986 3754 misericordiam.

2907 3804 2975 3858 In
2998 3802 3324 3858 Laudibus.

2364 3911 2741 3981 Antiphona.
2767 3912 2886 3979 Ego
2916 3909 2974 3964 in
2999 3907 3743 3981 iniquitatibusconceptus
3772 3919 3940 3960 sum:

2296 4006 2349 4057 et
2373 4001 2432 4056 in
2459 4000 2716 4074 peccatis
2746 3999 2973 4071 peperit
2998 4013 3092 4053 me
3116 4003 3304 4052 mater
3334 4011 3494 4052 mea.
3532 3997 3791 4052 Miserere
3818 3992 3948 4047 mei

2297 4091 2453 4146 Deus
2472 4090 2796 4145 secundum
2811 4102 3085 4158 magnam
3100 4084 3555 4142 misericordiam
3569 4090 3757 4140 tuam.
3773 4082 3949 4140 Psal-

2295 4196 2426 4236 mus
2450 4196 2501 4235 L.

2371 4284 2600 4341 Oratio.
2621 4284 2828 4338 Averte
2855 4281 3066 4338 faciem
3092 4284 3280 4337 tuam.
3309 4281 3419 4351 fol.
3448 4281 3571 4336 161.

2369 4390 2447 4446 Ad
2477 4390 2804 4446 Canticum.
2834 4389 3191 4458 Antiphona.
3223 4390 3350 4444 Non
3374 4387 3458 4442 sis
3485 4385 3635 4443 mihi
3648 4381 3952 4442 formidini

2299 4496 2434 4553 spes
2461 4495 2624 4545 mea;
2655 4479 2718 4533 in
2746 4478 2840 4534 die
2871 4477 3209 4534 afﬂictionis
3234 4493 3381 4532 meas
3411 4491 3698 4532 succurre
3721 4473 3886 4530 mihi.

2371 4586 2701 4644 Canticum.
2735 4587 2891 4641 Sana
2919 4601 3036 4655 me,
3071 4584 3338 4641 Domine.
3365 4585 3478 4653 fol.
3511 4587 3637 4639 259.

2375 4673 2825 4736 Oratt'o.Adesto
2839 4673 3010 4729 nobis
3032 4671 3744 4744 Domine,quasibellator
3761 4668 3951 4726 fortis:

2302 4768 2364 4820 ut
2397 4769 2448 4821 te
2470 4765 2528 4819 in
2544 4763 2720 4818 nobis
2735 4761 3264 4835 pugnante,omnis
3278 4762 3452 4830 vigor
3469 4775 3582 4815 nos
3600 4761 3958 4832 impugnanc

2303 4854 2374 4909 tis
2390 4853 2656 4908 adversae
2681 4856 2918 4907 corruat
2936 4849 3292 4906 fortitudinis
3326 4867 3339 4905 :
3373 4854 3427 4905 et
3466 4850 3526 4905 in
3584 4863 3805 4922 sopore
3841 4860 3960 4900 sua:

2305 4941 2691 4998 confessionis
2703 4941 2918 4996 nostris
2942 4938 3830 5010 labentibusinimicis,ereptos
3855 4950 3962 4990 nos

2307 5029 2418 5084 sibi
2447 5029 2714 5084 vendicet
2745 5033 2857 5084 tum
2883 5027 2972 5082 vis
2986 5027 3264 5099 potentia:
3296 5027 3647 5096 majestatis.
3669 5030 3960 5088 n.Amen.

2379 5121 2489 5173 Per
2506 5117 2999 5173 misericordiam.

2381 5209 2473 5262 Ad
2495 5207 2860 5264 Benedictus.
2882 5206 3234 5274 Antiphona.
3259 5207 3423 5261 Mane
3456 5202 3677 5260 astabo
3696 5204 3806 5258 tibi
3823 5201 3965 5259 etvi—

2311 5295 2467 5350 debo
2499 5300 2572 5360 te,
2598 5294 2841 5349 Domine
2868 5311 2879 5347 :
2903 5295 3193 5364 quoniam
3210 5298 3270 5348 tu
3291 5309 3353 5347 es
3379 5293 3480 5364 qui
3504 5307 3626 5346 non
3645 5289 3962 5362 visiniqui-

2313 5390 2512 5438 tatem.
2546 5383 2606 5442 ψ.
2639 5383 2824 5438 Verba
2853 5399 2985 5437 mea
3016 5382 3263 5436 auribus
3297 5382 3532 5453 percipe
3570 5381 3848 5447 Domine,
3873 5377 3963 5430 in-

2313 5472 2505 5541 tellige
2518 5472 2843 5529 clamorem
2858 5487 3066 5526 meum.
3083 5470 3323 5526 intende
3340 5470 3472 5525 voci
3484 5469 3781 5524 orationis
3799 5480 3962 5529 mete,
