4094 6164
174 201 284 260 469

1325 200 1675 260 DOMINICA
1714 201 1791 258 IV
1826 199 2439 271 QUADRAGESIM/E.

3503 224 3608 291 4⁷0

178 343 277 385 rex
314 340 492 383 meus
519 328 580 381 et
603 324 758 380 Deus
778 335 976 380 meus.
993 326 1289 392 Quoniam
1316 327 1395 383 ad
1417 330 1475 383 te
1499 326 1702 390 orabo,
1729 328 1839 383 Do-
1866 327 1913 382 Α
1951 333 2115 388 muel
2141 337 2435 408 populum
2456 338 2535 395 ad
2570 338 2891 405 Dominum
2910 340 2971 398 in
2996 344 3267 414 Itasphat
3293 362 3307 405 :
3335 347 3392 403 et
3421 346 3503 406 ait
3522 348 3607 407 ad

177 433 353 473 mine.

242 506 590 562 Canticum.
625 501 979 558 Benedictus
1009 518 1073 559 es
1108 503 1378 560 Domine.
1407 506 1515 573 fol.
1550 510 1602 561 6.

239 594 476 651 Lauda.
504 595 729 649 Montes
750 595 808 647 et
821 607 1056 648 ommes
1076 593 1258 649 colles
1284 610 1295 649 :
1324 593 1485 663 ligna
1514 593 1833 657 fructifera,

172 685 227 741 et
256 698 472 739 omnes
501 680 665 737 cedri
684 680 930 736 laudate
952 681 1293 738 Dominum.
1322 683 1588 738 Psalmus
1610 698 1831 738 chvm.

279 773 479 828 Lectio
509 770 653 825 libri
678 769 977 827 Samuelis
1016 770 1220 839 (Primi
1260 772 1401 841 Reg.
1434 786 1568 840 cap.
1601 770 1704 841 ιχ).

243 871 312 929 n.
348 863 468 915 Deo
494 859 735 930 gratias.

239 950 312 1005 In
354 948 469 1005 illis
494 948 707 1003 diebus
748 963 763 1002 ε
800 948 1040 1003 Vocavit
1070 948 1310 1004 Samuel
1348 948 1487 1005 Saul
1520 948 1582 1004 in
1612 946 1830 1003 solario

160 1040 409 1102 domus,
448 1035 653 1091 dicens
679 1054 692 1094 :
717 1038 924 1106 Surge,
957 1040 1012 1092 et
1041 1036 1341 1093 dimittam
1371 1042 1451 1093 te.
1489 1040 1556 1092 Et
1584 1036 1831 1093 surrexit

160 1126 300 1185 Saul
330 1146 343 1185 :
387 1129 444 1180 et
467 1124 698 1195 egressi
728 1128 868 1179 sunt
895 1123 1103 1193 ambo,
1130 1125 1262 1197 ipse
1305 1125 1594 1189 videlicet,
1629 1130 1685 1180 et
1720 1126 1827 1181 Sa-

156 1214 339 1271 muel.
369 1216 648 1285 Cumque
674 1212 1107 1269 descenderent
1130 1214 1192 1268 in
1215 1219 1481 1269 extrema
1503 1219 1669 1285 parte
1690 1214 1827 1269 civi-

156 1305 313 1373 tatis,
352 1302 601 1358 Samuel
621 1300 770 1356 dixit
791 1301 868 1356 ad
887 1301 1025 1356 Saul
1058 1319 1071 1356 :
1107 1302 1207 1357 Dic
1232 1317 1419 1373 puero
1436 1301 1826 1357 utantecedat

152 1409 285 1459 nos,
324 1393 439 1462 27
454 1393 508 1460 2
525 1394 857 1446 ettranseat
891 1407 901 1445 :
925 1395 987 1446 tu
1010 1395 1210 1447 autem
1224 1391 1476 1446 subsiste
1498 1391 1818 1462 paulisper,

151 1487 213 1537 ut
234 1480 505 1537 indicem
532 1478 640 1535 tibi
668 1478 924 1534 verbum
952 1478 1206 1534 Domini.
1231 1480 1400 1551 (Cap.
1422 1479 1505 1549 x.)
1537 1478 1685 1535 Tulit
1714 1494 1821 1535 au-

152 1576 268 1627 tem
320 1568 572 1626 Samuel
616 1568 959 1625 lenticulam
991 1568 1124 1632 olei,
1158 1573 1215 1624 et
1252 1568 1403 1623 fudit
1439 1584 1614 1639 super
1643 1572 1822 1640 caput

1948 418 2100 475 ﬁlios
2134 422 2351 479 Israel:
2384 428 2516 481 Haec
2547 426 2685 482 dicit
2716 428 3006 482 Dominus
3028 430 3179 484 Deus
3216 433 3396 490 lsrael
3430 453 3443 491 :
3478 438 3600 505 Ego

1947 509 2123 565 eduxi
2142 513 2317 568 Israel
2329 514 2403 568 de
2416 516 2746 587 Egypto,et
2759 517 2881 572 erui
2896 533 3001 571 vos
3015 517 3082 572 de
3098 533 3280 575 manu
3297 525 3595 595 Egyptio-

1942 600 2245 664 rum,etde
2270 618 2453 657 manu
2467 604 2740 658 omnium
2754 606 3093 677 regum,qui
3111 606 3455 677 afﬂigebant
3469 627 3591 667 vos.

1942 686 2057 742 Vos
2072 693 2263 744 autem
2277 691 2445 747 hodie
2458 692 2790 762 projecistis
2803 693 3105 749 Dominum
3121 697 3303 751 Deum
3314 702 3586 765 vestrum,

1941 776 2035 847 qui
2048 777 2205 833 solus
2217 777 2462 835 salvavit
2474 796 2573 836 vos
2587 780 2655 836 de
2671 799 2701 835 u
2711 782 2949 839 niversis
2963 783 3208 851 malis,et
3218 784 3591 843 tribulationi-

1936 864 2053 921 bus
2064 868 3143 944 vestriszetdixistiszNequaquamzsed
3154 889 3357 943 regem
3369 877 3591 932 consti-

1936 956 2034 1010 tue
2046 955 2413 1013 nobis.Nunc
2425 962 2625 1014 autem
2639 963 2783 1015 state
2797 976 3003 1017 coram
3018 962 3270 1019 Domino
3284 979 3387 1033 per
3402 964 3590 1021 tribus

1937 1046 2183 1109 vestras,
2202 1045 2534 1102 etfamilias.
2557 1048 2944 1118 Etapplicavit
2958 1050 3588 1107 Samuelomnestribus

1936 1132 2550 1195 lsrael,etceciditsors
2567 1135 2737 1191 tribui
2756 1137 3076 1207 Benjamin.
3093 1141 3155 1193 Et
3173 1139 3483 1210 applicavit
3496 1142 3589 1195 tri-

1932 1218 2072 1275 bum
2088 1222 2377 1291 Benjamin
2392 1227 2447 1279 et
2459 1224 2838 1293 cognationes
2850 1226 2998 1294 ejus,
3016 1230 3070 1281 et
3082 1225 3288 1281 cecidit
3304 1229 3361 1281 in
3374 1242 3585 1297 cogna-

1934 1308 2088 1363 tione
2109 1310 2236 1375 viri,
2279 1315 2335 1365 et
2371 1312 2638 1381 pervenit
2683 1328 2877 1383 usque
2918 1313 2997 1368 ad
3044 1314 3182 1369 Saul
3231 1314 3422 1369 ﬁlium
3466 1316 3578 1372 Cis.

1931 1399 2305 1463 Quaesierunt
2319 1415 2461 1469 ergo
2478 1415 2639 1465 eum,
2664 1407 2721 1458 et
2741 1418 2864 1458 non
2883 1407 2970 1459 est
2986 1403 3583 1461 inventus.Etconsu-

1930 1491 2167 1545 tuerunt
2187 1495 2321 1561 post
2344 1491 2470 1546 haec
2492 1491 2805 1546 Dominum
2826 1496 3172 1548 utrumnam
3187 1498 3470 1548 venturus
3491 1511 3581 1551 es-

1929 1579 2015 1631 set
2044 1576 2203 1633 illuc.
2224 1578 2663 1650 Responditque
2689 1580 2978 1634 Dominus
3002 1594 3014 1633 :
3036 1579 3179 1635 Ecce
3192 1580 3582 1638 absconditus

148 1660 297 1729 ejus,
337 1662 401 1713 et
439 1656 748 1713 osculatus
802 1661 889 1711 est
913 1673 1073 1722 eum,
1108 1661 1164 1713 et
1192 1658 1274 1713 ait
1310 1677 1323 1715 :
1367 1659 1533 1723 Ecce,
1565 1658 1732 1713 unxit
1762 1663 1816 1713 te
1854 1675 1899 1730 Β
1930 1674 2016 1720 est
2034 1665 2221 1721 domi.
2248 1667 2533 1723 Miserunt
2560 1668 2782 1738 itaque,
2812 1673 2867 1723 et
2889 1667 3145 1723 tulerunt
3167 1669 3459 1725 euminde
3489 1688 3499 1724 :
3525 1675 3580 1727 et

145 1748 445 1803 Dominus
466 1760 650 1817 super
668 1744 1060 1801 hereditatem
1074 1761 1249 1801 suam
1270 1746 1330 1800 in
1347 1745 1814 1817 principe.Cum-

138 1853 267 1909 que
296 1836 517 1891 abieris
539 1834 718 1890 hodie
749 1850 786 1889 a
820 1850 936 1899 me,
969 1834 1229 1890 invenies
1273 1835 1427 1890 duos
1458 1834 1615 1889 viros
1645 1836 1817 1905 juxta

134 1924 538 1995 sepulchrum
568 1921 841 1979 Rachelis
856 1923 916 1977 in
946 1922 1168 1978 ﬁnibus
1187 1923 1522 1992 Benjamin,
1545 1922 1811 1987 meridie,

133 2014 472 2085 dicentque
505 2011 610 2066 tibi
634 2030 648 2066 :
680 2014 939 2067 Inventa)
952 2016 1090 2067 sunt
1104 2012 1484 2083 asinee,quas
1504 2013 1657 2067 ieras
1680 2027 1814 2083 per-

129 2101 509 2175 quirendas:
534 2101 956 2156 etintermissis
976 2106 1142 2172 pater
1164 2106 1301 2156 tuus
1318 2100 1796 2169 asinis,solicitus

131 2197 219 2247 est
253 2206 373 2262 pro
408 2190 611 2254 vobis,
633 2193 690 2245 et
727 2190 905 2245 dicit:
939 2189 1090 2255 Quid
1115 2189 1334 2245 faciam
1364 2189 1439 2244 de
1474 2188 1596 2245 ﬁlio
1630 2189 1811 2246 meo?

131 2282 418 2353 Cumque
439 2278 663 2335 abieris
693 2277 1081 2345 inde,etultra
1095 2278 1395 2334 transieris
1421 2278 1499 2334 ad
1520 2294 1809 2349 quercum

127 2370 398 2437 Thabor,
453 2367 761 2425 invenient
812 2371 866 2423 te
896 2367 979 2423 ibi
1008 2372 1123 2424 tres
1165 2367 1276 2423 viri
1307 2368 1700 2424 ascendentes
1729 2369 1810 2425 ad

128 2458 472 2514 Dominum
505 2457 565 2511 in
600 2456 816 2522 Bethel,
863 2471 1021 2512 unus
1046 2461 1293 2529 portans
1321 2460 1439 2512 tres
1476 2456 1707 2523 haedos,
1752 2460 1811 2514 et

128 2548 282 2603 alius
306 2552 437 2601 tres
455 2549 645 2601 tortas
664 2545 926 2617 panis,et
941 2544 1091 2601 alius
1107 2548 1353 2617 portans
1370 2544 1647 2615 lagenam
1665 2545 1802 2604 vini.

130 2636 415 2707 Cumque
446 2638 507 2690 te
526 2633 936 2701 salutaverint,
958 2632 1191 2691 dabunt
1216 2633 1321 2689 tibi
1337 2633 1491 2689 duos
1518 2648 1728 2707 panes,
1751 2637 1808 2691 et

130 2725 395 2796 accipies
418 2723 502 2778 de
535 2722 818 2779 manibus
839 2737 1066 2777 eorum.
1086 2723 1220 2778 Post
1239 2722 1370 2777 haec
1392 2722 1591 2778 venies
1608 2722 1669 2777 in
1686 2722 1805 2778 col-

127 2813 241 2868 lem
274 2811 553 2876 Domini,
584 2811 688 2866 ubi
715 2814 806 2866 est
825 2811 1000 2866 statio
1029 2810 1523 2869 Philisthinorum
1547 2827 1559 2866 :
1586 2815 1803 2869 etcum

127 2900 445 2971 ingressus
493 2898 675 2955 fueris
708 2897 939 2963 urbem,
973 2898 1216 2953 obviam
1263 2897 1517 2954 habebis
1557 2913 1800 2968 gregem

1927 1755 2081 1809 stetit
2101 1754 2161 1809 in
2188 1755 2388 1810 medio
2410 1756 2636 1826 populi,
2662 1761 2718 1810 et
2741 1755 2911 1811 altior
2922 1755 3032 1811 fuit
3054 1756 3329 1813 universo
3352 1757 3577 1827 populo

1924 1842 2002 1897 ab
2031 1842 2284 1899 humero
2322 1849 2379 1899 et
2407 1859 2673 1899 sursum.
2726 1846 2793 1900 Et
2830 1843 2910 1899 ait
2941 1844 3178 1900 Samuel
3220 1845 3297 1899 ad
3329 1860 3574 1901 omnem

1922 1930 2247 2002 populum:
2274 1931 2437 1987 Certe
2463 1932 2675 1987 videtis
2691 1948 2873 2003 quem
2894 1931 3068 2001 elegit
3092 1934 3402 2001 Dominus,
3430 1948 3577 2004 quo-

1922 2019 2085 2075 niam
2108 2034 2230 2075 non
2256 2024 2346 2075 est
2368 2020 2577 2077 similis
2600 2021 2652 2076 ei
2669 2022 2729 2075 in
2750 2020 2915 2076 omni
2938 2020 3182 2091 populo.
3208 2023 3275 2077 Et
3292 2022 3576 2079 clamavit

1919 2108 2115 2163 omnis
2144 2108 2429 2180 populus,
2463 2112 2519 2164 et
2548 2109 2630 2165 ait
2662 2126 2675 2163 :
2704 2110 2870 2165 Vivat
2892 2111 3032 2165 Rex.
3062 2111 3316 2165 Locutus
3345 2115 3433 2165 est
3472 2112 3573 2166 Sa-

1917 2196 2079 2252 muel
2108 2196 2185 2252 ad
2209 2198 2501 2269 populum
2526 2197 2719 2268 legem
2748 2196 2939 2267 regni,
2962 2202 3019 2253 et
3044 2198 3281 2269 scripsit
3310 2198 3367 2254 in
3396 2198 3569 2271 libro,

1917 2289 1973 2341 et
2008 2286 2501 2358 reposuitcoram
2523 2286 2805 2343 Domino.
2846 2296 2909 2356 ἢ.
2948 2290 3153 2342 Amen.

1987 2376 2283 2445 Hymnus.
2312 2375 2508 2433 Noctis
2557 2380 2789 2446 tempus
2840 2375 2969 2445 jam
3027 2375 3303 2447 praeterit.
3362 2376 3572 2443 Quaere

1912 2464 2023 2532 fol.
2058 2468 2182 2522 257.

1986 2552 2567 2619 CapitulaDomine,
2594 2552 2697 2622 qui
2716 2551 2859 2607 olim
2880 2551 2940 2605 in
2959 2566 3208 2623 corpore
3226 2556 3429 2609 nostro
3445 2554 3572 2626 pati

1913 2639 2195 2708 dignatus
2224 2654 2285 2694 es
2317 2656 2330 2692 :
2358 2638 2606 2709 quando
2618 2638 2696 2694 ad
2721 2654 2834 2693 nos
2855 2638 3157 2708 respicies,
3192 2644 3247 2694 et
3273 2640 3351 2694 ad
3368 2641 3571 2697 solitu-

1912 2727 2139 2795 dinem,
2154 2730 2331 2797 atque
2344 2726 2824 2796 implorationem
2842 2730 3107 2781 nostram
3125 2725 3153 2779 ?
3167 2726 3421 2790 Quando
3436 2744 3567 2797 pro-

1912 2815 2091 2887 pitius
2107 2818 2416 2870 convertes
2447 2812 2721 2869 obtutum
2739 2814 2766 2869 ‘I
2779 2816 2892 2869 Nec
2913 2812 3179 2879 moreris,
3200 2828 3308 2868 nec
3326 2814 3522 2869 tardes
3548 2834 3562 2874 :

1908 2904 2036 2974 jam
2066 2902 2324 2966 intende,
2353 2902 2481 2972 jam
2503 2905 2863 2967 convertere,
2888 2901 3015 2971 jam
3046 2902 3274 2972 respice
3299 2918 3311 2954 :
3347 2906 3408 2956 ut
3428 2918 3564 2958 ora-

127 2991 577 3063 prophetarum
596 2987 1085 3044 descendentium
1103 2987 1179 3043 de
1196 2986 1447 3057 excelso,
1469 2991 1525 3043 et
1542 2992 1678 3043 ante
1698 3002 1800 3044 eos
1831 3016 1873 3073 ρ
1911 2991 2087 3049 tionis
2100 2995 2482 3062 nostraeque:
2503 3004 2661 3046 nunc
2675 2988 2734 3047 in
2751 2989 2949 3045 sinum
2966 2994 3239 3047 nostrum
3253 3004 3362 3061 pro
3376 3005 3564 3046 secre-

126 3078 501 3149 psalterium,
536 3080 595 3132 et
624 3078 1006 3149 tympanum,
1040 3080 1097 3132 et
1150 3076 1376 3141 tibiam,
1404 3079 1460 3132 et
1487 3076 1797 3145 citharam,
1840 3080 1843 3081 ⁷

129 3168 419 3239 ipsosque
444 3164 901 3237 prophetantes.
933 3165 1312 3221 Etinsilietin
1333 3168 1388 3221 te
1420 3165 1659 3237 spiritus
1692 3166 1801 3220 Do-

130 3256 295 3321 mini,
328 3260 389 3312 et
418 3252 821 3328 prophetabis
841 3268 979 3309 cum
994 3254 1161 3318 eis,et
1178 3253 1505 3309 mutaberis
1523 3254 1584 3309 in
1606 3253 1800 3309 virum

131 3345 334 3401 alium.
356 3343 625 3411 Quando
640 3357 783 3412 ergo
796 3342 1396 3415 venerintsignalhasc
1430 3342 1634 3398 omnia
1671 3342 1798 3407 tibi,

133 3430 218 3489 {ae
232 3447 654 3507 quaecumque
672 3431 962 3488 invenerit
980 3446 1197 3488 manus
1215 3436 1336 3499 tua,
1349 3432 1496 3503 quia
1514 3431 1801 3493 Dominus

145 3525 329 3578 tecum
350 3525 466 3579 est.
502 3524 569 3576 Et
585 3519 911 3575 descendes
942 3525 1081 3576 ante
1113 3535 1208 3585 me
1238 3520 1299 3576 in
1320 3519 1582 3591 Galgala,
1611 3524 1668 3575 et
1689 3534 1799 3589 ego

146 3611 337 3683 quippe
351 3610 713 3666 descendam
727 3608 799 3664 ad
817 3612 961 3677 te,ut
974 3607 1191 3664 offeras
1204 3608 1466 3665 victimas
1479 3608 1760 3680 paciﬁcas
1779 3625 1791 3664 :

146 3705 359 3771 septem
392 3698 617 3754 diebus
639 3696 1005 3769 expectabis,
1039 3699 1231 3753 donec
1260 3698 1499 3755 veniam
1529 3698 1606 3754 ad
1636 3702 1709 3768 te,
1744 3700 1799 3753 et

143 3788 456 3843 ostendam
472 3786 584 3845 tibi
606 3785 753 3858 quid
772 3784 983 3841 facias.
999 3789 1202 3858 Itaque
1223 3802 1360 3842 cum
1377 3787 1800 3844 avertissethu-

143 3889 369 3933 merum
400 3891 604 3941 suum,
639 3879 708 3930 ut
744 3874 935 3932 abiret
958 3890 995 3930 a
1036 3875 1333 3946 Samuele,
1378 3875 1717 3932 immutavit
1747 3874 1800 3930 ei

142 3964 288 4020 Deus
310 3980 419 4020 cor
435 3962 625 4032 aliud,
657 3966 716 4019 et
740 3965 1250 4019 veneruntomnia
1276 3964 1449 4032 signa
1474 3963 1600 4018 haec
1622 3962 1681 4017 in
1701 3962 1797 4019 die

140 4052 258 4108 illa.
283 4056 701 4124 Veneruntque
720 4052 799 4108 ad
824 4052 1176 4123 praedictum
1195 4053 1428 4117 collem,
1458 4057 1515 4107 et
1542 4067 1677 4107 ecce
1694 4068 1796 4109 cu-

141 4154 297 4195 neus
318 4140 744 4211 prophetarum
774 4140 987 4196 obvius
1017 4141 1068 4196 ei
1098 4156 1110 4193 :
1140 4140 1437 4195 etinsiluit
1463 4154 1642 4211 super
1658 4156 1797 4196 eum

136 4229 398 4301 Spiritus
420 4227 665 4295 Domini,
693 4233 750 4284 et
768 4228 1149 4299 prophetavit
1170 4228 1229 4283 in
1249 4228 1436 4283 medio
1452 4244 1680 4284 eorum.
1706 4228 1796 4284 Vi-

134 4319 343 4374 dentes
364 4321 564 4373 autem
578 4319 681 4390 qui
696 4322 985 4373 noverant
998 4333 1136 4372 eum
1152 4316 1228 4373 ab
1241 4317 1449 4383 heri,et
1461 4317 1796 4375 nudiuster-

133 4406 429 4478 tius,quod
440 4411 601 4461 esset
615 4421 742 4461 cum
758 4405 1137 4477 prophetis,et
1152 4405 1799 4477 prophetaret,dixerunt

132 4496 804 4560 adinvicemzouaanam
816 4509 910 4550 res
923 4493 1137 4553 accidit
1151 4493 1276 4551 ﬁlio
1290 4494 1415 4551 Cis?
1428 4511 1573 4552 num
1587 4496 1798 4552 etSaul

131 4584 277 4640 inter
286 4581 1065 4656 prophetas?Responditque
1082 4582 1228 4637 alter
1238 4582 1310 4639 ad
1325 4583 1566 4639 alterum
1579 4584 1793 4640 dicens:

134 4671 196 4727 Et
218 4674 361 4745 quis
392 4676 568 4744 pater
596 4686 799 4727 eorum
818 4673 846 4727 ?
866 4671 1186 4743 Propterea
1204 4687 1445 4728 versum
1471 4673 1638 4728 estin
1666 4688 1798 4744 pro-

134 4762 577 4819 verbium:Num
588 4765 644 4817 et
658 4760 795 4819 Saul
810 4761 961 4818 inter
974 4762 1591 4833 prophetas?Cessavit
1604 4768 1799 4819 autem

138 4852 513 4924 prophetare,
543 4854 601 4906 et
619 4850 779 4906 venit
797 4850 875 4906 ad
890 4850 1381 4909 excelsum.Dixit
1402 4857 1601 4908 autem
1631 4857 1801 4925 pater

137 4941 267 4996 Saul
290 4940 374 4997 ad
396 4955 565 5003 eum,
594 4943 650 4995 et
679 4939 759 4995 ad
782 4954 1039 5011 puerum
1060 4939 1192 5011 ejus
1215 4957 1228 4995 :
1264 4941 1390 5005 Quo
1409 4940 1619 4997 abistis
1642 4942 1669 4995 ?
1690 4936 1799 5007 Qui

136 5028 577 5100 responderunt
606 5044 619 5083 :
650 5028 922 5093 Quaerere
946 5027 1149 5085 asinas
1179 5046 1191 5084 :
1223 5044 1376 5100 quas
1397 5045 1535 5085 cum
1570 5045 1689 5084 non
1712 5045 1801 5085 re-

135 5118 514 5189 perissemus,
536 5116 815 5172 venimus
837 5115 914 5171 ad
937 5116 1373 5175 Samuelem.Et
1393 5116 1543 5173 dixit
1562 5118 1615 5173 ei
1634 5121 1802 5188 pater

137 5220 271 5261 suus
312 5222 325 5260 :
358 5205 569 5262 indica
596 5203 746 5260 mihi
784 5203 932 5274 quid
964 5204 1182 5260 dixerit
1213 5204 1316 5260 tibi
1341 5205 1599 5261 Samuel.
1628 5208 1692 5262 Et
1721 5206 1803 5262 ait

141 5294 269 5350 Saul
288 5294 367 5351 ad
389 5298 627 5365 patrem
644 5308 850 5349 suum:
878 5292 1169 5349 Indicavit
1190 5293 1364 5350 nobis
1381 5294 1527 5366 quia
1540 5296 1799 5351 inventae

139 5388 265 5441 sunt
279 5382 585 5441 asinae.De
603 5395 880 5439 sermone
898 5386 1097 5439 autem
1117 5383 1285 5451 regni
1306 5398 1429 5447 non
1443 5383 1732 5440 indicavit
1746 5383 1799 5439 ei

135 5487 305 5543 quem
327 5472 575 5534 locutus
620 5469 813 5535 fuerat
835 5468 890 5535 ei
923 5468 1183 5537 Samuel.
1219 5472 1286 5537 Et
1312 5471 1674 5539 convocavit
1701 5474 1803 5529 Sa-

1910 3084 2110 3137 torum
2131 3094 2377 3136 suorum
2396 3078 2858 3149 compunctione
2879 3077 3259 3143 convertitur,
3274 3083 3412 3135 ante
3428 3094 3566 3139 con-

1912 3172 2186 3240 spectum
2217 3171 2387 3223 tuum
2416 3170 2672 3239 purgato
2693 3165 2892 3233 corde,
2927 3167 3182 3237 gemitus
3207 3166 3562 3238 dirigantur.

1981 3257 2154 3313 Pater
2190 3262 2411 3312 noster.
3428 3317 3432 3320 ,

1979 3345 2203 3400 Lauda.
2233 3344 2477 3415 Iniquos
2492 3342 2631 3399 odio
2650 3342 2854 3407 habui,
2888 3346 2944 3397 et
2964 3341 3350 3399 abominatus
3374 3358 3509 3398 sum
3543 3359 3558 3400 :

1908 3432 1972 3490 Ρ.
2020 3433 2237 3503 Legem
2267 3436 2467 3489 autem
2513 3435 2677 3489 tuam
2708 3429 2905 3496 dilexi,
2938 3429 3093 3485 Deus
3118 3444 3307 3485 meus.
3348 3429 3408 3489 ἡ.
3442 3430 3561 3485 Ad-

1901 3521 2085 3592 jutor,
2117 3524 2174 3576 et
2198 3522 2510 3591 susceptor
2539 3533 2708 3575 meus
2740 3532 2803 3572 es
2829 3521 2890 3575 tu
2917 3533 2929 3573 :
2954 3521 3009 3572 et
3034 3516 3097 3571 in
3118 3515 3367 3573 verbum
3392 3521 3560 3574 tuum

1910 3610 2172 3682 speravi.
2203 3610 2276 3664 P.
2310 3610 2523 3678 Legem
2557 3610 2784 3663 autem.

1981 3697 2519 3755 0ratio.Auxiliare
2541 3695 2736 3765 nobis,
2759 3694 3033 3764 Domine,
3054 3698 3110 3751 et
3131 3694 3280 3751 salvi
3300 3694 3521 3751 erimus
3546 3711 3559 3750 :

1906 3792 1963 3844 te
1992 3788 2154 3843 enim
2184 3786 2525 3853 desistente,
2556 3783 2829 3856 perditio,
2863 3788 2920 3840 et
2952 3786 3005 3840 te
3035 3786 3326 3856 praesente
3365 3783 3561 3845 vitalis

1907 3881 1995 3933 est
2018 3874 2345 3947 plenitudo.
2379 3884 2441 3943 ἣν.
2476 3876 2685 3928 Amen.

2404 3962 2579 4033 273
2632 3960 2729 4016 Ad
2783 3962 3061 4017 Tertiam.

2134 4051 2590 4109 Proverbiorum
2614 4050 2951 4111 Salomonis
2976 4048 3145 4121 (Cap.
3175 4063 3317 4123 xw).

1976 4154 2040 4212 Bt.
2076 4143 2195 4198 Deo
2216 4140 2463 4211 gratias.

1976 4230 2103 4299 Fili,
2129 4230 2233 4302 qui
2263 4228 2518 4301 despicit
2541 4228 2911 4301 proximum,
2938 4243 3141 4293 suum,
3170 4232 3381 4302 peccat
3411 4247 3424 4286 :
3457 4229 3563 4303 qui

1905 4324 2107 4377 autem
2138 4318 2449 4379 miseretur
2488 4317 2785 4391 pauperis,
2816 4316 3031 4379 beatus
3062 4317 3189 4374 erit.
3223 4320 3432 4381 Errant
3459 4319 3563 4397 qui

1912 4410 2236 4481 operantur
2255 4406 2485 4471 malum
2514 4423 2526 4462 :
2564 4405 2975 4471 misericordia
3000 4411 3055 4462 et
3084 4408 3298 4464 veritas
3324 4422 3563 4480 praepa-

1902 4500 2035 4555 rant
2064 4496 2244 4555 bona.
2270 4498 2329 4550 ln
2350 4495 2516 4553 omni
2536 4510 2717 4567 opere
2739 4495 2847 4552 erit
2878 4494 3251 4557 abundantia
3275 4516 3287 4555 :
3327 4496 3431 4552 ubi
3460 4512 3564 4555 au-

1908 4590 2026 4653 tem
2047 4584 2230 4645 verba
2271 4589 2412 4643 sunt
2460 4584 2739 4657 plurima,
2801 4583 3135 4656 frequenter
3174 4589 3426 4655 egestas.
3461 4585 3561 4641 Co-

1903 4689 2053 4731 rona
2084 4673 2409 4746 sapientiae,
2433 4672 2654 4729 divitiae
2681 4687 2889 4729 eorum
2920 4689 2932 4728 :
2958 4670 3201 4729 fatuitas
3225 4671 3556 4741 stultorum,

1906 4755 2200 4836 impietas.
2243 4763 2475 4818 Liberat
2522 4763 2757 4818 animas
2784 4761 2949 4818 testis
2983 4762 3291 4818 ﬁdeliszet
3340 4760 3563 4835 profert

1907 4852 2225 4908 mendacia
2244 4850 2589 4923 versipellis.
2614 4855 2677 4905 ln
2696 4852 2903 4907 timore
2918 4850 3151 4909 Domini
3168 4850 3387 4906 ﬁducia
3403 4850 3565 4907 forti-

1907 4941 2131 4997 tudinis
2159 4959 2171 5007 ;
2201 4945 2256 4995 et
2276 4939 2412 4994 ﬁliis
2444 4940 2573 5009 ejus
2599 4940 2706 4994 erit
2736 4956 2896 5011 spes.
2927 4940 3123 4995 Timor
3164 4938 3397 5001 Domini
3430 4941 3564 4999 fons

1906 5030 2061 5097 vitae,
2090 5034 2153 5084 ut
2183 5028 2438 5083 declinet
2468 5043 2504 5083 a
2534 5028 2707 5083 ruina
2726 5028 2952 5083 mortis.
2984 5032 3043 5083 in
3064 5027 3441 5087 multitudine
3459 5047 3563 5103 po-

1907 5117 2033 5190 puli
2049 5115 2309 5186 dignitas
2330 5114 2484 5184 regis
2510 5131 2521 5169 :
2547 5119 2603 5169 et
2619 5116 2675 5171 in
2698 5116 2994 5187 paucitate
3025 5116 3215 5187 plebis
3232 5119 3563 5189 ignominia

1908 5204 2193 5279 principis
2207 5247 2219 5259 .
2234 5204 2340 5270 Qui
2355 5203 2588 5275 patiens
2602 5205 2906 5270 est,multa
2925 5205 3291 5275 gubernatur
3308 5206 3563 5277 pruden-

1908 5294 1992 5350 tia
2022 5310 2032 5348 :
2068 5291 2169 5365 qui
2205 5298 2404 5349 autem
2433 5292 2773 5365 impatiens,
2800 5295 3017 5352 exaltat
3038 5296 3340 5357 stultitiam
3364 5308 3559 5347 suam.

1910 5383 2036 5441 Vita
2050 5381 2344 5451 carnium,
2362 5381 2588 5441 sanitas
2608 5384 2804 5439 cordis
2833 5401 2845 5439 :
2872 5384 3121 5455 putredo
3144 5383 3390 5446 ossium,
3411 5380 3561 5437 invi-

1910 5470 2028 5527 dia.
2068 5469 2179 5536 Qui
2203 5470 2604 5530 calumniatur
2632 5476 2926 5542 egentem,
2978 5468 3299 5542 exprobrat
3356 5468 3563 5525 factori
