4094 6164
550 188 650 247 471

1805 170 2263 233 BBEVIARIUM
2300 172 2693 234 GOTHICUM.

3867 176 3972 232 472

552 314 683 386 ejus
716 329 731 365 :
757 308 1017 367 honorat
1038 306 1238 365 autem
1261 317 1421 376 eum,
1444 302 1549 377 qui
1564 301 1875 360 miseretur
1893 298 2195 372 pauperis.
2230 300 2278 354 Α
2381 300 2607 358 Oratio.
2630 298 2857 357 Exaudi
2883 297 3129 356 Domine
3152 295 3229 353 de
3248 294 3470 386 templo
3497 294 3703 386 sancto
3725 294 3835 386 tuo
3848 310 3956 386 γο-

554 414 626 474 ἢ.
662 402 872 458 Amen.

681 489 876 549 Lectio
908 484 1047 543 libri
1068 482 1363 542 Samuelis
1384 482 1604 555 (Primi
1630 483 1765 553 Reg.
1796 494 1927 550 cap.
1961 479 2061 549 x1).

626 594 691 652 ﬁ.
716 583 833 635 Deo
863 576 1106 649 gratias.

629 673 687 725 1n
715 668 826 723 illis
851 666 1104 723 diebus:
1147 664 1280 720 Saul
1329 662 1471 719 abiit
1508 662 1568 717 in
1611 661 1862 717 domum
1917 674 2092 715 suam
2140 658 2199 712 in

560 759 760 817 Gabaa
790 775 800 811 :
826 762 882 811 et
898 755 1044 810 abiit
1062 770 1197 809 cum
1212 769 1283 809 eo
1300 769 1438 825 pars
1458 752 1773 814 exercitus,
1792 764 2050 822 quorum
2074 747 2200 802 teti-

560 854 725 920 gerat
748 848 902 901 Deus
932 844 1137 899 corda.
1176 842 1297 898 Filii
1322 857 1463 897 vero
1498 840 1673 896 Belial
1705 839 1981 894 dixerunt
2012 858 2023 896 :
2050 840 2203 892 Num

562 936 795 993 salvere
824 947 935 988 nos
976 931 1189 1003 poterit
1221 930 1379 985 iste?
1418 932 1483 985 Et
1523 928 1921 999 despexerunt
1957 941 2115 991 eum,
2149 928 2206 979 et

560 1039 684 1081 non
705 1020 1026 1078 attulerunt
1053 1019 1107 1074 ei
1136 1033 1387 1074 munera
1405 1035 1418 1074 :
1435 1017 1528 1074 ille
1548 1032 1688 1072 vero
1709 1014 2123 1072 dissimulabat
2146 1028 2206 1068 se

562 1106 1071 1169 audire.Ascendit
1086 1111 1284 1163 autem
1303 1110 1457 1163 Naas
1475 1104 1859 1170 Ammonites,
1875 1108 1931 1159 et
1943 1118 2211 1176 pugnare

564 1199 743 1271 coepit
759 1196 1048 1253 adversus
1068 1197 1097 1249 J
1104 1195 1249 1251 abes
1270 1195 1514 1251 Galaad.
1534 1196 1934 1265 Dixeruntque
1954 1190 2212 1247 universi

563 1288 670 1344 viri
700 1286 877 1342 Jabes
906 1284 984 1340 ad
1015 1287 1169 1341 Naas
1196 1301 1209 1339 :
1236 1284 1462 1339 Habeto
1492 1299 1602 1338 nos
1642 1282 1983 1346 foederatos,
2016 1286 2069 1336 et
2092 1296 2211 1335 ser-

565 1376 800 1432 viemus
833 1374 955 1428 tibi.
988 1376 1049 1427 Et
1078 1372 1386 1443 respondit
1412 1372 1484 1426 ad
1498 1386 1601 1427 eos
1623 1374 1773 1427 Naas
1795 1371 2163 1425 Ammonites
2196 1386 2208 1424 :

569 1466 633 1519 In
660 1464 775 1518 hoc
800 1461 1009 1517 feriam
1035 1460 1348 1515 vobiscum
1379 1460 1594 1521 foedus,
1621 1464 1685 1515 ut
1714 1475 1919 1514 eruam
1941 1458 2212 1514 omnium

2305 404 2434 446 cem
2445 388 2717 446 Ecclesia:
2730 394 2846 446 tuae
2863 407 2875 447 :
2893 391 2958 444 ut
2980 386 3086 460 qui
3101 386 3163 442 in
3181 385 3453 457 passione
3473 382 3956 457 positus,rivulos

2305 477 2613 547 sanguinis
2650 476 2933 549 patiendo
2962 473 3248 539 tolerasti,
3272 487 3383 528 nos
3403 471 3612 528 mortis
3630 471 3957 542 gemitibus

2307 566 2704 622 circumdatos
2730 565 3027 621 solaturus
3052 562 3339 635 aspicias;
3366 566 3725 617 uttorrentes
3743 561 3964 633 iniqui-

2308 657 2441 710 tatis
2459 656 2516 709 in
2544 654 2704 710 nullo
2723 670 2831 709 nos
2850 656 3105 708 noceant
3136 669 3148 705 :
3178 667 3317 707 cum
3337 648 3810 722 imperturbatos
3850 665 3959 705 nos

2309 744 2629 800 reddiderit
2653 743 2911 815 adjutrix
2942 743 3132 813 gratia
3152 746 3273 797 tua.
3299 752 3361 809 Βι.
3393 746 3603 795 Amen.

2380 835 2722 905 Antiphona
2752 838 2802 888 2.
2826 836 2885 888 In
2900 831 3206 905 pulverem
3220 830 3429 886 mortis
3441 829 3830 885 deduxerunt
3850 846 3962 896 me,

2314 923 2885 987 Domine.Quoniam
2906 919 3429 977 circumdederunt
3442 935 3539 975 me
3551 934 3738 975 canes
3759 920 3930 975 multi
3954 938 3963 975 :

2316 1012 2621 1068 concilium
2636 1010 3071 1082 malignantium
3087 1009 3315 1067 obsedit
3329 1008 3747 1067 me.Foderunt
3764 1024 3967 1064 manus

2318 1116 2502 1164 meas,
2536 1105 2594 1155 et
2623 1099 2804 1171 pedes
2834 1116 2846 1153 :
2880 1098 3407 1154 dinumeraverunt
3425 1096 3633 1151 omnia
3654 1111 3967 1152 ossamea.

2317 1188 2380 1249 7.
2401 1192 2482 1244 Tu
2500 1193 2701 1244 autem
2716 1187 2963 1243 Domine
2978 1203 3052 1243 ne
3072 1186 3248 1257 longe
3273 1184 3456 1242 facias
3483 1185 3785 1241 auxilium
3813 1190 3971 1241 tuum

2320 1296 2355 1335 a
2371 1295 2461 1333 me
2482 1295 2493 1334 :
2511 1279 2583 1333 ad
2597 1276 3006 1333 defensionem
3024 1292 3224 1333 meam
3236 1274 3539 1347 conspice.
3567 1275 3705 1331 Non
3732 1274 3972 1331 dicatur

2322 1368 2536 1426 Gloria.

2392 1456 2614 1512 Oratio.
2642 1458 2721 1510 Tu
2744 1456 2897 1510 Deus
2919 1458 3118 1509 noster
3138 1459 3195 1509 et
3212 1452 3493 1509 fortitudo
3516 1453 3859 1525 nostra,qui
3878 1469 3976 1524 pro

566 1557 891 1610 vestrorum
912 1548 1112 1605 oculos
1127 1549 1832 1621 dextros,ponamquevos
1845 1547 2213 1619 obprobrium
2321 1545 2495 1601 nobis
2520 1545 2711 1599 crucis
2742 1542 3071 1599 sustinuisti
3093 1542 3173 1613 inj
3185 1541 3396 1611 uriam,
3424 1540 3605 1613 274
3631 1556 3698 1596 ne
3720 1542 3978 1613 repellas

570 1642 631 1698 in
665 1640 942 1695 universo
984 1637 1180 1695 Israel.
1205 1637 1561 1693 Etdixerunt
1579 1637 1656 1692 ad
1674 1652 1811 1692 eum
1833 1638 2093 1691 seniores
2118 1638 2211 1691 Ja-
2245 1646 2286 1701 Β
2323 1633 2644 1689 Ecclesiam
2672 1638 2865 1689 tuam:
2895 1636 2957 1687 ut
2976 1647 3110 1704 quas
3131 1630 3453 1687 constricta
3468 1630 3818 1699 formidine,
3838 1629 3980 1685 afﬂi-

569 1730 675 1787 bes
708 1746 721 1784 :
752 1727 1014 1785 Concede
1028 1726 1200 1783 nobis
1216 1732 1445 1798 septem
1467 1725 1615 1792 dies,
1639 1731 1702 1782 ut
1725 1727 2031 1781 mittamus
2063 1740 2212 1780 nun-
2324 1722 2750 1793 genteinimico
2770 1720 3007 1786 incedit,
3027 1726 3083 1776 te
3100 1720 3213 1775 sibi
3229 1724 3531 1791 parcente,
3565 1718 3905 1789 gratuletur
3921 1735 3974 1774 se

570 1818 686 1875 tios
705 1818 781 1875 ad
797 1818 1094 1872 universos
1111 1815 1588 1873 terminoslsrael
1611 1833 1623 1869 :
1643 1820 1700 1871 et
1716 1816 1763 1869 si
1782 1830 1902 1869 non
1920 1814 2091 1870 fuerit
2112 1816 2210 1886 qui
2322 1812 2382 1867 in
2414 1810 2926 1883 persecutionibus
2952 1809 3207 1865 dilatari.
3233 1820 3295 1878 ﬁ.
3338 1813 3547 1863 Amen.

570 1906 852 1963 defendat
874 1921 1007 1971 nos,
1049 1904 1422 1975 egrediemur
1446 1903 1523 1959 ad
1562 1908 1637 1959 te.
1693 1906 1985 1959 Venerunt
2014 1908 2214 1959 autem
2394 1901 2743 1969 Antiphonti
2778 1903 2829 1955 3.
2853 1898 3191 1954 Inﬁrmatus
3219 1902 3308 1954 est
3334 1897 3396 1953 in
3425 1900 3792 1969 paupertate
3821 1898 3975 1967 vigor

570 1996 764 2052 nuntii
780 1996 837 2050 in
852 1996 1053 2050 Gabaa
1069 1992 1566 2049 adSaul:etlocuti
1582 1991 2215 2062 suntverba,audiente
2324 2005 2496 2045 meus
2528 2005 2539 2042 :
2574 1993 2631 2044 et
2658 2004 2797 2044 ossa
2818 2003 2952 2044 mea
2980 1986 3336 2043 conturbata
3384 1990 3542 2041 sunt.
3588 1987 3818 2041 Factus
3856 2003 3975 2041 sum

570 2084 795 2158 populo
825 2100 837 2138 :
871 2088 927 2139 et
955 2082 1169 2139 levavit
1206 2082 1404 2138 omnis
1431 2080 1690 2155 populus
1718 2096 1929 2137 vocem
1960 2096 2131 2135 suam
2162 2084 2218 2135 et

570 2172 746 2228 ﬂevit.
768 2172 979 2227 Etecce
998 2169 1138 2226 Saul
1158 2186 1169 2226 :
1190 2168 1745 2241 veniebat,sequens
1760 2168 1942 2224 boves
1956 2168 2029 2224 de
2050 2183 2214 2237 agro,

572 2266 629 2318 et
658 2260 907 2317 audiens
935 2258 1100 2332 quod
1125 2258 1386 2332 populus
1410 2258 1625 2331 plorat.
1656 2260 1721 2314 Et
1750 2263 2144 2314 narraverunt
2164 2258 2219 2313 ei

572 2349 752 2406 verba
779 2350 1043 2404 virorum
1070 2347 1268 2403 labes.
1301 2350 1367 2403 Et
1393 2346 1617 2402 insiluit
1642 2346 1883 2419 spiritus
1903 2346 2135 2402 Domini
2157 2346 2219 2401 in

574 2438 732 2503 Saul,
757 2454 896 2493 cum
906 2436 1173 2494 audisset
1188 2435 1371 2492 verba
1386 2435 1601 2505 haec,et
1612 2434 1797 2491 iratus
1810 2440 1899 2491 est
1911 2435 2075 2490 furor
2090 2435 2218 2506 ejus

569 2522 2000 2595 nimis.Assumensutrumquebovem,conciditin
2013 2522 2217 2592 frusta,

570 2614 853 2685 misitque
871 2612 933 2668 in
958 2626 1169 2667 omnes
1186 2609 1474 2666 terminos
1493 2610 1669 2666 Israel
1687 2626 1793 2683 per
1809 2626 2059 2666 manum
2073 2625 2222 2666 nun—

570 2699 1024 2769 tiorum,dicens
1046 2714 1057 2754 :
1079 2698 1451 2770 Quicumque
1467 2712 1589 2753 non
1618 2697 1841 2765 exierit,
1865 2702 2223 2771 secutusque

570 2787 748 2844 fuerit
777 2786 1034 2858 Saulem,
1064 2790 1119 2843 et
1151 2784 1509 2858 Samuelem,
1530 2786 1616 2842 sic
1638 2785 1735 2843 fiet
1762 2786 1961 2843 bobus
1980 2786 2030 2858 ej
2041 2790 2223 2842 us.ln-

569 2876 728 2932 vasit
765 2890 908 2946 ergo
937 2874 1226 2947 populum
1254 2874 1430 2930 timor
1448 2874 1704 2942 Domini,
1738 2878 1795 2930 et
1822 2876 2046 2945 egressi
2086 2878 2223 2933 sunt

570 2964 744 3036 quasi
773 2963 864 3018 vir
894 2978 1049 3018 unus
1090 2962 1153 3017 in
1202 2962 1455 3017 Bezech:
1496 2961 1854 3035 fueruntque
1901 2964 2005 3020 ﬁlii
2046 2963 2221 3021 Israel

568 3053 829 3105 trecenta
856 3049 1042 3104 millia
1075 3069 1088 3104 :
1114 3049 1379 3104 virorum
1410 3053 1611 3106 autem
1640 3051 1669 3104 J
1677 3051 1797 3107 uda
1825 3052 2065 3123 triginta
2090 3053 2222 3109 mil-

569 3137 666 3195 lia.
700 3139 765 3193 Et
784 3136 1059 3192 dixerunt
1087 3136 1331 3203 nuntiis,
1365 3136 1473 3209 qui
1518 3143 1837 3196 venerant:
1876 3142 1966 3197 Sic
2014 3142 2222 3199 dicetis

569 3226 850 3298 viris,qui
880 3223 1280 3282 suntinlabes
1299 3225 1555 3283 Galaad:
1586 3230 1728 3284 Cras
1745 3230 1904 3286 enim
1917 3230 2024 3286 erit
2045 3231 2220 3288 nobis

572 3316 754 3379 salus.
783 3331 921 3372 cum
964 3312 1273 3371 incaluerit
1318 3319 1432 3372 sol.
1473 3318 1769 3375 Venerunt
1813 3334 1955 3390 ergo
2003 3322 2218 3387 nuntii,

571 3405 1076 3464 annuntiaverunt
1104 3402 1241 3460 viris
1269 3405 1445 3462 labes
1478 3423 1492 3462 :
1516 3406 1615 3478 qui
1643 3406 1826 3465 laetati
1848 3414 1985 3465 sunt
2008 3426 2021 3476 ;
2042 3414 2222 3483 atque

572 3494 847 3550 dixerunt
875 3512 887 3552 :
926 3494 1095 3549 Mane
1121 3492 1418 3550 exibimus
1436 3495 1514 3552 ad
1535 3511 1644 3551 vos
1676 3514 1688 3553 :
1710 3501 1766 3554 et
1794 3497 2018 3554 facietis
2043 3498 2220 3556 nobis

573 3596 771 3648 omne,
813 3581 978 3655 quod
1008 3582 1299 3656 placuerit
1334 3584 1528 3641 vobis.
1568 3588 1635 3642 Et
1664 3584 1889 3643 factum
1934 3592 2043 3653 est,
2084 3604 2222 3645 cum

569 3670 834 3728 venisset
860 3670 988 3727 dies
1015 3671 1291 3745 crastina,
1338 3673 1636 3731 constituit
1666 3674 1808 3731 Saul
1837 3680 2134 3749 populum
2160 3678 2223 3734 in

572 3763 689 3817 tres
706 3764 904 3834 partes
935 3777 946 3815 :
980 3765 1036 3818 et
1065 3761 1370 3833 ingressus
1390 3768 1475 3818 est
1504 3764 1703 3821 media
1731 3766 2002 3822 castrain
2026 3766 2223 3836 vigilia

573 3849 884 3917 matutina,
909 3850 1271 3923 etpercussit
1290 3852 1546 3908 Ammon
1566 3869 1760 3926 usque
1779 3854 1927 3911 dum
1948 3855 2223 3912 inclares-

575 3944 731 3997 ceret
754 3939 883 3998 dies
918 3956 932 3995 :
962 3938 1175 4014 reliqui
1200 3944 1400 3996 autem
1430 3940 1686 4014 dispersi
1715 3948 1871 4008 sunt,
1906 3944 1990 4001 ita
2010 3948 2075 4001 ut
2100 3960 2222 4001 non

573 4029 1125 4102 derelinquerentur
1145 4029 1205 4085 in
1235 4030 1319 4086 eis
1349 4029 1471 4086 duo
1487 4032 1725 4103 pariter.
1757 4037 1821 4090 Et
1848 4035 1929 4091 ait
1958 4034 2221 4107 populus

576 4119 655 4178 ad
685 4117 928 4176 Samuel
965 4140 978 4175 :
1009 4118 1150 4185 Quis
1188 4122 1277 4175 est
1302 4119 1409 4175 iste
1438 4120 1544 4192 qui
1567 4120 1717 4177 dixit
1746 4138 1760 4177 :
1792 4123 1931 4179 Saul
1961 4138 2108 4179 num
2137 4138 2224 4179 re-

574 4204 781 4280 gnabit
806 4221 985 4279 super
1008 4221 1119 4263 nos
1139 4205 1166 4260 Ὺ
1191 4208 1333 4263 Date
1362 4206 1535 4272 viros,
1562 4211 1620 4264 et
1646 4208 2067 4268 interflciemus
2098 4227 2222 4267 eos.

576 4300 643 4356 Et
666 4298 746 4355 ait
776 4296 915 4354 Saul
947 4314 960 4353 :
990 4298 1119 4352 Non
1147 4296 1452 4353 occidetur
1479 4297 1733 4372 quisque
1754 4299 1813 4355 in
1834 4300 2225 4375 diehac,quia

571 4385 754 4444 hodie
780 4385 916 4442 fecit
941 4384 1227 4442 Dominus
1256 4385 1511 4443 salutem
1539 4386 1601 4443 in
1626 4386 1826 4444 Israel.
1851 4388 2001 4446 Dixit
2031 4396 2223 4449 autem

574 4475 817 4535 Samuel
833 4474 913 4533 ad
932 4474 1223 4549 populum
1243 4492 1257 4531 :
1281 4474 1565 4541 Venite,et
1583 4492 1793 4534 eamus
1811 4477 1873 4535 in
1899 4478 2224 4551 Galgala,et

573 4566 933 4625 innovemus
952 4563 1031 4622 ibi
1051 4567 1396 4637 regnum.Et
1410 4566 1660 4638 perrexit
1673 4568 1869 4624 omnis
1886 4569 2146 4642 populus
2161 4571 2222 4628 in

573 4656 841 4727 Galgala,
880 4658 938 4713 et
960 4654 1226 4712 fecerunt
1246 4654 1329 4712 ibi
1349 4669 1552 4726 regem
1578 4656 1718 4714 Saul
1740 4673 1943 4715 coram
1968 4660 2221 4717 Domino

572 4746 633 4803 in
665 4744 930 4817 Galgala,
965 4748 1021 4801 et
1050 4743 1513 4801 immolaverunt
1540 4744 1624 4802 ibi
1644 4746 1913 4804 victimas
1939 4748 2221 4820 paciﬁcas

574 4850 778 4894 coram
804 4834 1077 4891 Domino.
1125 4835 1190 4890 Et
1210 4832 1440 4891 laetatus
1478 4833 1561 4891 ibi
1609 4835 1768 4906 Saul,
1811 4840 1867 4893 et
1895 4836 2091 4893 cuncti
2118 4838 2222 4894 viri

573 4924 776 4982 Israel.
816 4936 879 4995 ιγ.
912 4926 1119 4980 Amen.

642 5013 987 5084 Antiphona
1004 5017 1021 5068 I
1036 5012 1284 5070 .Exaudi
1301 5013 1549 5070 Domine
1562 5013 1635 5070 de
1648 5014 1871 5087 templo
1892 5019 2098 5073 sancto
2121 5019 2221 5074 tuo

573 5117 779 5160 vocem
812 5117 1031 5158 meam.
1079 5100 1228 5166 Quia
1260 5101 1781 5159 circumdederunt
1829 5119 1923 5159 me
1968 5106 2221 5175 gemitus

572 5193 804 5250 mortis.
830 5193 902 5248 P.
932 5192 999 5247 Et
1026 5194 1312 5246 torrentes
1343 5190 1687 5263 iniquitates
1713 5192 2223 5253 conturbaverunt

572 5298 693 5341 me.
738 5293 803 5355 ἢ.
838 5280 1090 5351 Diligam
1119 5282 1174 5336 te
1201 5279 1449 5335 Domine
1482 5280 1664 5337 virtus
1698 5298 1835 5340 mea
1870 5302 1883 5340 :
1928 5284 2221 5342 Dominus

571 5374 1026 5433 ﬁrmamentum
1078 5382 1304 5435 meum,
1345 5372 1402 5425 et
1440 5368 1723 5428 liberator
1783 5387 1973 5444 meus.
2030 5375 2100 5437 P.
2159 5376 2223 5449 Et

575 5462 888 5539 torrentes.
925 5456 1063 5516 Non
1094 5454 1337 5529 dicatur
1374 5451 1591 5519 Gloria.

2325 2078 2717 2151 obprobrium
2747 2076 2954 2132 vicinis
2981 2076 3152 2145 meis,
3170 2081 3227 2132 et
3250 2075 3430 2131 timor
3444 2074 3600 2131 notis
3625 2075 3815 2130 meis.
3843 2074 3897 2132 τ’.
3924 2078 3975 2129 In

2328 2172 2381 2224 te
2414 2167 2659 2223 Domine
2690 2166 2923 2239 speravi
2961 2180 3083 2222 non
3109 2164 3445 2222 confundar
3465 2164 3527 2221 in
3556 2168 3892 2220 aeternum:
3923 2163 3975 2218 in

2330 2261 2429 2312 tua
2461 2255 2693 2327 justitia
2721 2255 2909 2311 libera
2936 2270 3029 2310 me
3060 2258 3116 2310 et
3143 2254 3302 2326 eripe
3326 2270 3440 2309 me.

2399 2346 2690 2414 Ip.0mnes
2710 2342 2886 2399 amici
2907 2343 3024 2398 mei
3037 2341 3349 2398 illuserunt
3366 2341 3978 2397 mihi.vaaluerunt

2329 2433 2648 2489 adversum
2666 2448 2762 2487 me
2780 2432 2890 2487 viri
2903 2431 3068 2503 pacis
3095 2446 3244 2487 meas
3268 2440 3326 2487 et
3352 2430 3456 2503 qui
3479 2430 3706 2486 edebat
3730 2445 3974 2497 mecum,

2328 2523 2393 2577 P.
2428 2522 2629 2577 Posuit
2649 2521 2969 2577 adversum
3003 2536 3099 2576 me
3139 2518 3725 2593 supplantationem.
3766 2519 3826 2580 ll.
3861 2521 3977 2573 Ver-

2328 2610 2476 2666 bum
2494 2611 2769 2683 iniquum
2781 2609 3519 2682 disposueruntadversum
3534 2624 3634 2664 me
3655 2630 3670 2665 :
3687 2606 3977 2679 Numquid

2330 2699 2435 2772 qui
2459 2699 2679 2755 dormit
2707 2714 2829 2754 non
2857 2697 3089 2769 abjiciet
3116 2703 3180 2754 ut
3199 2698 3512 2769 resurgat?
3542 2697 3776 2753 Etenim
3802 2697 3975 2751 homo

2331 2787 2496 2861 pacis
2522 2803 2692 2853 meae,
2725 2788 2785 2843 in
2811 2802 2994 2859 quem
3015 2802 3126 2857 ego
3153 2786 3494 2860 sperabam.
3517 2786 3584 2843 P.
3604 2786 3827 2842 Posuit.
3850 2786 3974 2841 Non

2331 2878 2575 2933 dicatur
2607 2874 2822 2932 Gloria.

2402 2968 2642 3023 Preces.
2685 2963 3030 3021 Clamamus
3057 2964 3135 3022 ad
3156 2968 3230 3031 te,
3251 2965 3426 3031 Deus,
3444 2963 3669 3021 exaudi
3687 2979 3824 3029 nos,
3846 2962 3979 3018 P.Et

2332 3070 2369 3110 a
2398 3054 2635 3123 ﬂagello
2664 3053 2765 3109 iras
2796 3060 2911 3109 tum
2934 3053 3147 3111 libera.
3183 3056 3349 3124 Εμτιι
3364 3053 3619 3109 traditus
3647 3068 3721 3108 es
3740 3052 3821 3110 ad
3841 3066 3976 3108 mor-

2330 3141 2835 3213 tem,Redemptor
2854 3142 3395 3208 Sancte,sanctiﬁca
3406 3157 3871 3215 gregem,quem
3889 3146 3973 3196 tuo

2331 3230 2632 3288 redemisti
2662 3245 2892 3286 cruore.
2923 3232 2993 3287 P.
3028 3232 3113 3287 Et.
3152 3231 3215 3291 17.
3248 3232 3359 3297 Qui
3387 3236 3591 3304 portas
3615 3232 3896 3303 spineam
3924 3230 3971 3284 in

2331 3323 2687 3392 caputtuum
2706 3334 3024 3376 coronam:
3045 3335 3158 3377 nos
3175 3319 3451 3376 membra
3467 3324 3571 3375 tua
3586 3318 3670 3375 ab
3689 3320 3877 3393 spinis
3889 3318 3976 3373 cri-

2330 3408 2563 3465 minum
2590 3422 2800 3480 purga.
2834 3410 2905 3464 P.
2941 3411 3024 3465 Et.
3057 3408 3119 3470 $1.
3147 3411 3268 3465 Vox
3290 3413 3391 3466 tua
3407 3412 3642 3465 Patrem
3673 3424 3790 3480 pro
3823 3406 3973 3464 nobis

2331 3512 2492 3553 nunc
2521 3495 2867 3567 interpellet,
2892 3497 2997 3570 qui
3016 3497 3371 3554 clamavitin
3392 3512 3567 3554 cruce
3592 3514 3606 3552 :
3632 3498 3971 3568 utignoran-

2331 3586 2491 3643 tibus
2526 3586 2886 3642 subveniret.
2914 3587 2973 3642 P.
3008 3589 3094 3644 Et.

2400 3676 2702 3744 Hymnus.
2731 3676 2774 3731 Ο
2796 3677 3114 3731 Nazarene.
3152 3677 3263 3746 fol.
3300 3678 3425 3732 144.

2405 3764 2697 3835 Capitula.
2726 3764 2971 3820 Domine
2999 3766 3138 3821 Jesu
3187 3764 3432 3831 Christe,
3466 3780 3592 3821 non
3630 3765 3969 3827 inﬁrmatur,

2328 3853 2750 3926 quassumusﬁn
2777 3854 3239 3926 peregrinatione
3254 3854 3350 3926 buj
3362 3871 3429 3909 us
3442 3856 3804 3927 paupertatis
3820 3853 3973 3921 vigor

2331 3943 2602 3999 Ecclesiae
2642 3946 2801 3999 tute:
2842 3958 2911 3998 ac
2952 3942 2997 3996 si
3025 3943 3335 4014 contigerit
3381 3944 3441 3999 in
3472 3944 3654 3999 nobis
3702 3944 3969 3998 virtutum

2330 4048 2468 4089 ossa
2505 4048 2613 4104 pro
2644 4036 2909 4104 tempore
2934 4031 3312 4099 conturbari;
3364 4033 3645 4105 exemplo
3691 4030 3970 4105 passionis

2330 4127 2447 4179 tuae
2471 4121 2664 4185 erecti,
2684 4136 2806 4177 non
2826 4120 3165 4177 incidamus
3188 4138 3631 4195 usquequaque
3648 4122 3713 4178 in
3739 4121 3966 4193 laqueos

2332 4226 2580 4266 lnlmlCl.

2404 4299 2575 4355 Pater
2611 4302 2827 4357 noster.

2963 4389 3057 4445 Ad
3082 4389 3345 4447 Sextum.

2436 4478 2631 4535 Lectio
2659 4477 2800 4533 libri
2822 4478 3146 4536 Ezechielis
3167 4480 3473 4550 Propheta
3495 4480 3668 4551 (Cap.
3702 4490 3876 4547 xxxx).

2402 4580 2465 4639 BI.
2489 4569 2607 4624 Deo
2637 4568 2876 4638 gratias.

2400 4658 2647 4713 Factum
2672 4661 2759 4712 est
2781 4657 3030 4713 verbum
3064 4658 3296 4714 Domini
3335 4658 3413 4714 ad
3444 4674 3561 4725 me,
3597 4659 3808 4716 dicens
3842 4675 3855 4713 :
3883 4654 3965 4711 Fili

2329 4746 2592 4803 hominis
2609 4762 2759 4819 pone
2772 4746 2984 4803 faciem
3002 4752 3167 4805 tuam
3186 4752 3391 4804 contra
3404 4748 3789 4805 Pharaonem
3799 4760 3963 4818 regem

2329 4833 2595 4907 Egypti;
2630 4836 2687 4887 et
2724 4832 3111 4905 prophetabis
3139 4834 3213 4890 de
3247 4851 3338 4902 eo,
3371 4840 3428 4892 et
3456 4836 3532 4891 de
3568 4840 3827 4909 Egypto
3862 4834 3969 4888 uni-

2330 4939 2501 4980 versa
2553 4937 2564 4976 :
2622 4924 2905 4994 Loquere,
2947 4927 3003 4979 et
3038 4922 3201 4979 dices
3253 4944 3265 4983 ξ
3311 4926 3445 4980 Ηωα
3493 4925 3638 4981 dicit
3694 4924 3965 4981 Dominus

2332 5012 2486 5068 Deus
2517 5030 2529 5065 :
2560 5014 2703 5067 Ecce
2733 5026 2844 5082 ego
2874 5018 2929 5069 te
2959 5011 3036 5067 ad
3063 5017 3116 5068 te
3148 5014 3377 5070 Pharao
3406 5030 3509 5069 rex
3526 5016 3786 5087 Egypti,
3809 5014 3967 5068 draco

2331 5118 2568 5172 magne,
2590 5100 2695 5173 qui
2726 5102 2912 5158 cubas
2945 5103 3005 5157 in
3035 5102 3234 5158 medio
3274 5101 3596 5159 ﬂuminum
3627 5110 3890 5163 tuorum,
3921 5106 3963 5153 et

2330 5192 2527 5247 dixisti
2556 5209 2569 5247 :
2603 5193 2763 5246 Meus
2794 5196 2881 5247 est
2907 5190 3145 5258 ﬂuvius,
3181 5196 3239 5248 et
3263 5207 3377 5263 ego
3407 5192 3631 5248 fecime
3661 5193 3883 5264 ipsum.
3912 5192 3964 5243 Et

2328 5296 2555 5352 ponam
2568 5280 2803 5337 frenum
2821 5282 2878 5337 in
2898 5281 3156 5337 maxillis
3185 5282 3302 5337 tuis
3337 5297 3349 5337 :
3370 5285 3426 5338 et
3450 5280 3849 5351 adglutinabo
3864 5278 3965 5351 pis-

2331 5382 2427 5425 ces
2455 5367 2777 5427 ﬂuminum
2808 5375 3063 5428 tuorum.
3096 5371 3163 5428 Et
3213 5370 3531 5445 projiciam
3573 5374 3628 5427 te
3680 5370 3747 5426 in
3782 5369 3963 5425 deser-

2331 5461 2481 5523 tum.
2507 5462 2565 5535 et
2601 5474 2813 5519 omnes
2850 5461 3041 5534 pisces
3086 5460 3405 5527 ﬂuminum
3462 5464 3699 5519 tuorum
3744 5474 3760 5514 ε
3802 5468 3963 5531 super
