4094 6164
268 228 363 282 473
1421 212 1773 274 DOMINICA
1811 211 1886 269 IV
1920 209 2528 279 QUADRAGESIME.

269 350 478 408 faciem
508 349 682 403 terrae
709 341 913 405 cades,
943 353 1067 397 non
1093 341 1402 412 colligeris,
1443 355 1638 414 neque
1677 352 1923 408 congre-
1955 341 2004 395 Α

270 439 508 513 gaberis
543 455 556 502 ;
579 434 788 491 bestiis
808 437 995 497 terrae,
1017 435 1072 488 et
1085 432 1421 489 volatilibus
1438 431 1590 498 coeli,
1610 430 1747 486 dedi
1765 433 1818 485 te
1847 428 1924 484 ad

273 526 682 586 devorandum
722 521 1028 578 :Etscient
1051 537 1260 576 omnes
1290 521 1648 577 habitatores
1690 517 1925 589 ngypti

273 619 411 692 quia
438 631 552 685 ego
585 613 878 669 Dominus
913 626 1052 682 :pro
1086 627 1156 666 eo
1194 610 1357 682 quod
1386 610 1543 665 fuisti
1587 609 1836 664 baculus
1867 622 1925 662 a-

273 707 602 766 rundineus
616 701 828 757 domui
843 699 1040 755 Israel.
1059 699 1309 764 Quando
1325 699 1847 772 apprehenderunt
1876 700 1929 750 te

278 812 480 862 manu,
502 799 560 849 et
582 791 926 847 confractus
961 807 1043 852 es,
1077 789 1416 846 etlacerasti
1451 803 1693 844 omnem
1724 787 1930 841 hume-

282 902 406 943 rum
440 898 649 939 eorum
679 897 689 934 :
722 885 779 936 et
807 879 1194 936 innitentibns
1232 879 1313 932 eis
1346 895 1524 950 super
1547 882 1618 941 te,
1679 875 1925 930 commi-

275 979 459 1032 nutus
486 988 570 1036 es,
594 969 918 1026 dissolvisti
939 983 1149 1024 omnes
1172 982 1342 1022 renes
1361 982 1585 1022 eorum.
1613 966 1931 1036 Propterea

269 1063 403 1119 hmo
426 1060 568 1116 dicit
591 1058 884 1114 Dominus
907 1060 1060 1112 Deus
1096 1073 1107 1112 :
1135 1059 1278 1111 Ecce
1301 1071 1410 1127 ego
1443 1055 1734 1111 adducam
1750 1067 1930 1124 super

267 1155 320 1207 te
352 1149 653 1219 gladium,
677 1145 1101 1201 etinterﬁciam
1114 1144 1187 1199 de
1205 1149 1258 1199 te
1274 1144 1600 1208 hominem,
1616 1143 1928 1212 etjumen-

264 1245 415 1297 tum.
454 1241 522 1294 Et
563 1235 674 1292 erit
703 1241 859 1290 terra
881 1234 1114 1305 ngypti
1146 1233 1206 1287 in
1220 1233 1551 1296 desertum,
1579 1236 1634 1287 et
1665 1230 1928 1287 solitudi-

262 1345 403 1386 nem
445 1348 458 1387 :
492 1333 551 1384 et
580 1329 767 1382 scient
787 1325 931 1396 quia
958 1338 1069 1392 ego
1095 1323 1402 1378 Dominus.
1431 1334 1492 1390 It.
1528 1323 1733 1376 Amen.

331 1418 692 1487 Antiphona
729 1420 774 1470 1.
809 1413 1049 1484 Respice
1079 1412 1272 1477 inme,
1327 1414 1498 1478 Deus,
1545 1415 1602 1465 et
1649 1409 1927 1465 miserere

265 1508 404 1564 mei.
443 1509 520 1561 Ρ.
549 1506 726 1568 Deus,
765 1505 918 1558 Deus
950 1517 1141 1568 meus,
1169 1515 1243 1555 ne
1294 1499 1668 1570 derelinquas
1705 1514 1825 1554 me.
1863 1496 1924 1556 ἲν.

264 1597 410 1652 Vide
434 1593 844 1650 humilitatem
865 1606 1086 1660 meam,
1112 1595 1166 1645 et
1187 1588 1455 1644 laborem
1497 1603 1699 1642 meum
1726 1604 1737 1640 :
1772 1585 1927 1641 etdi-

3580 211 3684 267 474

2630 341 2727 398 Ad
2775 342 3088 410 Vesperum

2108 433 2341 491 Lauda.
2363 433 2642 506 Vespere,
2658 436 2714 488 et
2726 446 2921 493 mane,
2937 433 2994 486 et
3006 429 3246 485 meridie
3265 431 3318 485 te
3331 425 3678 494 laudamus,

2036 521 2295 579 Domine.

2109 610 2399 666 Dominus
2424 611 2497 666 sit
2518 625 2776 681 semper.
2830 621 2895 678 13'.
2929 611 2994 662 Et
3025 622 3181 662 cum.

2107 701 2476 769 Antz‘phona.
2517 703 2594 756 Ne
2642 698 3022 770 derelinquas
3070 711 3164 751 me
3213 694 3463 751 Domine
3524 697 3680 750 Deus

2039 803 2208 845 meus
2244 807 2254 841 :
2283 804 2356 843 ne
2387 788 2658 844 discedas
2686 805 2721 844 a
2742 804 2855 843 me.
2885 787 3162 842 Psalmus
3184 799 3397 840 xxxvii.

2112 878 2341 934 Lauda.
2366 878 2472 943 Qui
2518 878 2627 933 das
2649 877 2900 932 salutem
2921 874 3186 944 regibus,
3221 873 3286 928 P.
3317 874 3384 926 Et
3423 869 3685 927 liberasti

2043 967 2232 1022 David
2254 984 2490 1023 servum
2513 971 2709 1022 tuum:
2739 966 2924 1021 libera
2954 980 3048 1020 me
3071 962 3145 1018 de
3164 961 3363 1032 gladio
3395 959 3683 1027 maligno.

2039 1058 2102 1118 Ψ.
2127 1056 2472 1112 Benedictus
2504 1056 2789 1111 Dominus
2811 1056 2963 1109 Deus
3005 1067 3195 1115 meus,
3225 1049 3323 1121 qui
3359 1049 3532 1103 docet
3553 1062 3685 1102 ma-

2038 1161 2152 1202 nus
2177 1162 2343 1201 meas
2373 1146 2449 1200 ad
2470 1145 2754 1217 praelium,
2787 1147 2844 1199 et
2872 1141 3089 1213 digitos
3122 1154 3288 1195 meos
3316 1137 3399 1194 ad
3429 1134 3680 1192 bellum.

2035 1236 2106 1291 P.
2146 1239 2212 1291 Et
2230 1235 2510 1291 liberasti.

2106 1326 2396 1393 Hymnus.
2438 1323 2694 1378 Verbum
2726 1321 2937 1386 Patris,
2962 1317 3116 1390 quod
3155 1313 3519 1388 prodiit.fol.
3553 1315 3678 1368 252.

2110 1413 2404 1481 Capitula.
2438 1411 2518 1466 Sit
2546 1412 2764 1466 festum
2790 1407 3089 1479 jejunium
3120 1408 3391 1461 nostrum
3418 1400 3582 1472 apud
3628 1404 3682 1455 te

2037 1502 2278 1557 Domine
2301 1501 2404 1572 qui
2432 1499 2772 1571 iniquitates
2804 1496 2986 1564 deles,
3017 1499 3074 1550 et
3110 1495 3357 1565 peccata
3387 1489 3631 1544 dimittis
3667 1507 3678 1546 :

2037 1590 2173 1645 vide
2195 1591 2449 1659 gemitus
2481 1588 2890 1643 conﬁtentium
2921 1584 3045 1649 tibi,
3092 1587 3146 1636 et
3169 1596 3371 1652 preces
3410 1577 3682 1633 omnium

259 1687 432 1742 mitte
448 1683 605 1740 mihi
636 1682 844 1738 omnia
869 1678 1713 1752 Peccalamea-P-DBUS,Deus
1738 1690 1926 1730 meus.
1961 1696 2005 1750 Β
2039 1678 2288 1734 libenter
2305 1677 2553 1742 exaudi;
2593 1681 2656 1731 ut
2676 1676 2779 1748 qui
2807 1674 2914 1730 tibi
2934 1674 2995 1728 in
3020 1671 3262 1727 veritate
3294 1665 3682 1730 serviunt,ad-

338 1775 556 1831 Oratio
570 1817 582 1830 .
611 1772 856 1842 Respice
871 1770 929 1824 in
943 1785 1052 1823 nos
1067 1767 1336 1831 Domine,
1353 1771 1406 1821 et
1420 1767 1697 1821 miserere
1713 1763 1924 1829 nostri;

268 1871 447 1935 teque
462 1863 523 1918 in
543 1860 926 1916 tribulatione
939 1855 1361 1912 invocantibus
1377 1855 1588 1910 assiste
1603 1853 1923 1926 propitius:

269 1953 412 2008 utin
429 1951 656 2023 quibus
674 1949 1050 2018 majestatem
1068 1949 1233 2001 tuam
1261 1942 1572 1998 adorando
1593 1940 1928 2003 laudamus,

261 2042 452 2111 digne
466 2038 768 2109 suscipias
783 2055 799 2108 ;
815 2041 872 2091 et
886 2051 986 2107 pro
999 2035 1218 2107 quibus
1237 2037 1289 2088 te
1302 2029 1745 2103 timemus,pius
1760 2030 1932 2099 igno-

257 2146 424 2186 scas.
463 2127 721 2184 Timoris
751 2126 930 2194 igitur
951 2125 1031 2179 tui
1050 2121 1584 2178 obedientiacorda
1609 2123 1812 2175 nostra
1832 2118 1931 2173 lae-

258 2220 431 2276 tiﬁca
449 2235 462 2283 ;
481 2214 982 2272 ctconsolationis
995 2209 1310 2267 dulcedine
1330 2208 1693 2264 dubietatem
1717 2211 1931 2262 nostrae

259 2308 500 2365 mentis
525 2303 800 2361 contorta
826 2319 839 2357 :
869 2307 925 2357 et
946 2301 1088 2373 quia
1109 2304 1170 2354 tu
1185 2299 1484 2364 suavis,ac
1497 2298 1655 2352 mitis
1672 2313 1735 2352 es
1761 2315 1774 2364 ;
1799 2311 1933 2351 sua-

260 2397 519 2451 vitatem
552 2409 626 2448 ex
645 2389 1141 2459 tuaindulgentia
1171 2388 1523 2444 hauriamus
1554 2401 1564 2440 :
1603 2389 1658 2439 et
1689 2385 1750 2438 in
1771 2382 1935 2438 retri-

262 2483 526 2541 buendo
551 2482 722 2553 pium
745 2484 820 2546 te,
854 2479 1181 2550 mitemque
1235 2476 1586 2533 sentiamus.
1627 2485 1691 2544 Βι.
1725 2477 1930 2528 Amen.

338 2576 454 2629 Per
473 2568 979 2627 misericordiam.

336 2682 389 2736 Α
401 2679 712 2748 ntz‘phona
729 2680 786 2731 2.
819 2673 1344 2731 Circumdederunt
1363 2686 1477 2736 me,
1492 2669 1761 2736 Domine,
1776 2669 1937 2725 vituli

264 2769 447 2826 multi
482 2786 496 2822 :
526 2766 680 2822 tauri
731 2765 985 2837 pingues
1027 2761 1390 2818 obsederunt
1440 2774 1557 2815 me.
1586 2758 1646 2819 ῐίτ.
1681 2760 1938 2830 Aperue-

264 2863 411 2914 runt
445 2858 510 2912 in
542 2870 641 2911 me
663 2869 732 2910 os
756 2869 957 2918 suum,
992 2852 1140 2907 sicut
1188 2850 1281 2906 leo
1312 2850 1572 2922 rapiens,
1599 2846 1935 2916 etrugiens.

343 2964 576 3021 Oratio.
595 2960 821 3017 Christe
837 2959 937 3015 Dei
953 2958 1145 3028 Filius,
1161 2973 1344 3030 quem
1370 2955 1680 3012 hominem
1692 2967 1934 3025 purum.

266 3072 394 3112 non
412 3057 609 3110 Deum
636 3049 1302 3117 credentes,vitulorum
1346 3045 1663 3102 multitudo
1689 3045 1940 3100 circum-
1971 3075 2011 3131 Ο

264 3145 394 3209 dat,
414 3149 473 3200 et
504 3148 822 3198 taurorum
852 3139 1163 3211 pinguium
1197 3151 1563 3210 persequens
1605 3131 1936 3189 crassitudo

263 3233 530 3290 dilaniat
565 3251 576 3290 :
611 3231 691 3286 da
718 3229 894 3285 nobis
939 3227 1158 3282 invicto
1214 3226 1412 3280 Crucis
1467 3228 1581 3278 tua:
1640 3219 1940 3293 signaculo

2041 1766 2311 1822 versitate
2330 1764 2493 1820 nulla
2519 1764 2828 1819 turbentur
2860 1781 2872 1820 :
2899 1759 3065 1816 aufer
3103 1771 3347 1813 omnem
3391 1753 3682 1808 malitiam

2040 1855 2113 1911 de
2143 1854 2422 1910 cordibus
2441 1852 2680 1917 nostris,
2704 1857 2769 1907 ut
2797 1850 2910 1907 tuis
2940 1846 3285 1905 inhaerendo
3352 1841 3679 1915 praeceptis,

2041 1950 2141 1999 tua
2169 1959 2280 1998 nos
2303 1957 2481 2013 parce
2517 1941 2789 1998 lmtiﬁces.

2110 2031 2281 2087 Pater
2291 2033 2509 2086 noster.

2111 2119 2422 2176 Humiliate
2451 2134 2559 2174 vos
2589 2116 3007 2173 benedictioni.

2113 2209 2399 2264 Dominus
2426 2208 2499 2264 sit
2529 2222 2782 2278 semper.
2807 2217 2870 2276 11.
2905 2207 2967 2261 Et
2995 2219 3153 2258 cum.

2115 2299 2505 2355 BenedictioJ
2511 2312 2646 2351 esus
2661 2295 3025 2357 Salvator,ac
3039 2291 3194 2346 Deus
3206 2291 3404 2345 noster
3416 2285 3688 2342 emundet

2043 2405 2146 2446 vos
2160 2403 2264 2460 per
2280 2385 2648 2442 abstinentiae
2665 2383 2974 2455 puritatem
2996 2381 3073 2436 ab
3087 2378 3247 2435 omni
3267 2376 3459 2432 delicti
3482 2377 3686 2429 conta-

2046 2479 2237 2550 gione.
2263 2487 2328 2538 Bg.
2354 2477 2559 2529 Amen.
2592 2472 2820 2543 Quique
2863 2476 3196 2525 vestrarum
3228 2469 3316 2522 est
3352 2461 3684 2533 redemptio

2046 2567 2405 2627 animarum,
2426 2562 2922 2616 sitremunerator
2947 2562 3284 2612 vestrorum
3303 2551 3688 2623 jejuniorum.

2048 2666 2112 2724 Βτν.
2143 2655 2348 2707 Amen.
2394 2653 2462 2705 Ut
2493 2648 2570 2703 ab
2595 2663 2665 2702 eo
2692 2647 2952 2702 donetur
2978 2643 3154 2698 vobis
3179 2646 3401 2695 aeterna
3423 2638 3632 2708 gloria,
3657 2651 3692 2690 a

2047 2758 2165 2815 quo
2188 2737 2544 2795 sanctiﬁcari
2572 2734 2748 2790 vultis
2791 2748 2896 2804 per
2945 2727 3687 2791 abstinentiam.ﬁ.Amen.

2119 2830 2346 2886 Lauda.
2371 2826 2610 2898 Iniquos
2627 2822 2788 2880 odio.
2811 2821 2891 2877 Et
2921 2818 3145 2877 Oratio.
3177 2812 3473 2870 Auxiliare
3493 2809 3689 2864 nobis.

2043 2922 2155 2992 fol.
2188 2923 2311 2974 272.

2658 3015 2818 3056 FERIA
2859 3012 3073 3062 QUINTA.

2617 3091 2715 3146 Ad
2742 3088 3126 3145 Matutinum.

2120 3184 2485 3255 Antiphone.
2514 3183 2666 3236 Voce
2695 3195 2830 3236 mea
2855 3177 2934 3234 ad
2962 3175 3282 3231 Dominum
3317 3167 3570 3226 clamavi
3595 3182 3606 3222 :
3641 3167 3698 3221 et

2051 3275 2352 3332 exaudivit
2378 3288 2473 3327 me
2503 3271 2576 3326 de
2595 3273 2795 3325 monte
2827 3270 3032 3322 sancto
3068 3278 3201 3318 suo.
3238 3259 3512 3315 Psalmus
3540 3271 3622 3308 Ill.

266 3323 422 3388 frui;
452 3325 519 3375 ut
541 3319 744 3374 omnis
771 3333 878 3390 per
905 3316 1019 3371 hoc
1052 3331 1087 3372 a
1130 3313 1306 3369 nobis
1339 3310 1717 3383 cengregatio
1745 3309 1941 3381 dispe-

261 3416 401 3468 reat
427 3409 698 3466 inimici.
744 3419 812 3474 Ην.
851 3410 1058 3460 Amen.

344 3502 460 3556 Per
489 3495 971 3553 misericordiam
994 3497 1168 3562 tuam,
1204 3491 1380 3556 Deus,
1406 3492 1513 3544 etc.

349 3610 395 3664 Α
408 3604 710 3675 ntiphona
726 3603 782 3659 3.
799 3603 990 3667 Quare
1008 3599 1187 3656 tristis
1200 3613 1262 3653 es
1277 3597 1480 3654 anima
1492 3611 1630 3651 mea
1652 3594 1943 3666 ?etquare

271 3695 616 3755 conturbas
643 3708 739 3747 me
756 3693 975 3763 ‘?Spera
1005 3689 1064 3745 in
1096 3689 1364 3758 Domino,
1396 3690 1451 3742 et
1472 3685 1749 3741 conﬁtere
1770 3682 1943 3742 illiw.

273 3791 415 3846 Ιίεεο
445 3782 804 3840 recordatus
841 3796 994 3850 sum,
1024 3784 1079 3834 et
1110 3777 1291 3834 etludi
1321 3778 1380 3832 in
1411 3791 1507 3831 me
1538 3775 1805 3830 animam
1829 3787 1947 3828 me-

277 3894 383 3933 am
414 3895 425 3930 :
461 3873 756 3947 quoniam
772 3869 1072 3939 ingrediar
1095 3867 1368 3922 inlocum
1382 3862 1750 3921 tabernaculi
1767 3861 1946 3917 mira-

278 3967 445 4031 bilis,
463 3961 748 4035 usquead
772 3960 1022 4015 domum
1047 3958 1146 4013 Dei
1174 3979 1183 4010 :
1209 3958 1269 4012 in
1292 3971 1436 4012 voce
1467 3952 1865 4018 exultationis,
1894 3955 1949 4008 et

288 4051 689 4111 confessionis
715 4069 727 4106 :
759 4064 944 4104 sonus
967 4046 1284 4119 epulantis.

377 4155 447 4212 Et.
481 4141 896 4209 Cogitaverunt
926 4137 1246 4194 adversum
1291 4149 1387 4190 me
1422 4149 1432 4186 :
1462 4148 1536 4187 ne
1567 4129 1949 4201 derelinquas

2127 3366 2344 3418 Oratto.
2373 3359 2599 3416 Exaudi
2646 3372 2757 3412 nos
2804 3354 3051 3410 Domine
3095 3350 3169 3404 de
3211 3350 3422 3401 sancto
3461 3356 3570 3396 suo
3594 3345 3696 3396 tuo

2053 3453 2380 3509 clamantes
2399 3449 2469 3504 ad
2483 3455 2536 3504 te
2551 3447 2625 3502 de
2640 3442 2868 3518 peccati
2883 3437 3181 3512 profundo
3206 3449 3218 3489 :
3246 3439 3310 3489 ut
3330 3431 3434 3505 qui
3459 3431 3519 3484 in
3533 3443 3695 3483 mun-

2054 3543 2132 3598 do
2162 3542 2307 3597 citra
2327 3553 2510 3610 opera
2566 3533 2761 3590 carnis
2791 3526 3120 3604 prodiendo
3181 3537 3356 3579 mons
3387 3522 3609 3575 fractus
3632 3531 3694 3572 es

2055 3645 2322 3700 magnus,
2338 3608 2532 3700 praebe
2548 3622 2733 3679 solido
2747 3619 2919 3676 nobis
2936 3622 3035 3674 tuo
3048 3617 3272 3671 haerere
3301 3608 3693 3666 fundamento:

2056 3737 2092 3777 a
2107 3734 2228 3791 quo
2260 3714 2676 3773 etinstantium
2698 3726 2807 3766 nos
2820 3723 2942 3764 non
2960 3702 3252 3763 convellat
3271 3714 3460 3772 genus
3481 3701 3703 3765 tempe-

2059 3790 2392 3872 statum;et
2418 3800 2854 3873 insurgentium
2902 3796 3100 3852 feritas
3127 3797 3181 3849 te
3235 3805 3378 3859 erga
3427 3790 3701 3842 nostrum

2058 3899 2328 3971 quiescat
2347 3894 2760 3967 perseverante
2797 3884 3162 3960 prmsidium.
3189 3893 3251 3952 Βε.
3278 3881 3486 3935 Amen.

2131 3987 2238 4041 Per
2264 3980 2752 4040 misericordiam.

2131 4073 2474 4142 Antiphona
2510 4077 2554 4125 t.
2581 4069 2690 4135 Qui
2716 4066 2972 4123 oderunt
2999 4078 3095 4119 me
3127 4060 3328 4133 gratis,
3355 4052 3705 4112 annuebant

2061 4163 2270 4221 oculis.
2297 4161 2433 4217 Mihi
2455 4159 2699 4233 quidem
2715 4155 2960 4229 paciﬁce
2989 4151 3420 4225 loquebantur:
3440 4146 3512 4200 P.
3538 4145 3705 4233 Etsu-

2060 4267 2166 4326 per
2196 4252 2347 4306 iram
2373 4227 2576 4305 dolose
2597 4227 2939 4316 cogitabant
2961 4242 3143 4297 :Deus
3178 4253 3370 4326 meus,
3413 4236 3468 4326 et
3504 4227 3700 4326 Domi-

2062 4358 2177 4398 nus
2202 4356 2372 4396 meus
2399 4340 2460 4394 in
2490 4351 2740 4393 causam
2768 4348 2970 4390 meam
3001 4330 3246 4401 respice.
3269 4325 3332 4386 ἲν.
3365 4320 3567 4378 Vidisti
3595 4320 3704 4374 Do-

1986 4427 2029 4481 D
2065 4431 2245 4497 mine,
2275 4445 2349 4485 ne
2379 4427 2587 4484 sileas:
2619 4423 2886 4488 Domine,
2916 4435 2990 4476 ne
3028 4417 3303 4474 discedas
3332 4431 3369 4471 a
3398 4427 3494 4468 me

2137 4521 2344 4576 Oratio
2370 4515 2640 4580 .Christe,
2658 4513 2926 4570 Salvator
2957 4512 3158 4565 noster
3171 4503 3504 4566 etDomine,
3528 4512 3708 4570 quem

2065 4609 2289 4666 inimici
2314 4608 2399 4664 tui
2453 4605 2633 4676 gratis
2689 4602 2982 4670 oderunt;
3011 4597 3228 4668 cuique
3277 4598 3330 4650 te
3380 4590 3708 4646 annuentes

2066 4697 2252 4754 oculis
2279 4673 2529 4768 paciﬁce
2545 4690 2940 4765 loquebantur
2965 4703 2976 4743 :
3007 4687 3087 4742 da
3114 4683 3307 4747 nobis,
3332 4684 3394 4768 ut
3406 4673 3709 4768 etamicos

2064 4787 2126 4842 in
2156 4790 2230 4851 te,
2262 4766 2658 4854 inimicosque
2680 4783 2921 4852 propter
2938 4781 2991 4832 te
3031 4772 3316 4830 veraciter
3340 4766 3584 4833 diligere
3613 4776 3712 4817 va-

2066 4875 2296 4930 leamus
2330 4875 2426 4928 :ut
2455 4887 2590 4927 cum
2614 4875 2676 4926 tu
2702 4867 2984 4924 Dominus
3010 4862 3189 4920 fueris
3234 4858 3398 4915 solus
3421 4856 3482 4910 in
3531 4866 3714 4909 causa

2066 4969 2290 5028 nostra,
2319 4961 2571 5033 simplex
2602 4959 2682 5015 ad
2720 4971 2931 5014 omnes
2980 4949 3268 5026 procedat
3317 4949 3521 5005 nostra
3548 4957 3715 5000 cons-

2067 5053 2297 5108 cientia.
2316 5054 2602 5120 mAmen.

2135 5140 2488 5207 Antiphona
2513 5141 2566 5194 2.
2586 5135 2794 5200 Verba,
2824 5132 3122 5201 inimicus,
3153 5133 3212 5188 et
3229 5128 3422 5195 dolos,
3441 5122 3712 5207 iniquitas

2068 5206 2304 5300 temque
2321 5225 2646 5281 meditatus
2677 5228 2764 5281 est
2787 5224 2848 5280 in
2875 5222 3057 5280 cubili
3089 5237 3235 5278 suo:
3286 5213 3529 5274 ostende
3569 5206 3712 5264 mihi

2067 5317 2315 5374 Domine
2336 5314 2814 5371 misericordiam
2843 5317 3030 5370 tuam.
3063 5310 3124 5373 )7.
3163 5306 3312 5366 Dixit
3358 5301 3618 5372 injustus
3649 5301 3716 5364 ut

2066 5421 2190 5464 non
2220 5404 2586 5479 derelinquat
2615 5404 2729 5465 sibi
2755 5421 2765 5465 :
2797 5417 2923 5470 non
2953 5404 3042 5460 est
3074 5399 3251 5459 timor
3280 5391 3383 5455 Dei
3413 5392 3549 5455 ante
3574 5402 3713 5449 ocu~

2068 5496 2159 5570 los
2185 5494 2333 5568 ejus.

299 4246 423 4297 me,
451 4230 686 4285 Domine
716 4228 872 4282 Deus
919 4241 1109 4282 meus.
1143 4225 1220 4280 P.
1258 4227 1336 4279 Ne
1359 4221 1636 4278 discedas
1664 4237 1699 4277 a
1730 4235 1850 4275 me.
1873 4218 1938 4278 .V.

293 4319 545 4378 Intende
576 4319 635 4374 in
667 4316 1032 4388 adjutorium
1058 4330 1282 4378 meum,
1314 4312 1551 4367 Domine
1569 4312 1723 4366 Deus
1747 4307 1950 4365 salutis

289 4426 468 4468 meae.
501 4409 569 4465 P.
592 4412 669 4464 Ne
700 4405 978 4463 discedas
1000 4420 1036 4459 a
1066 4418 1181 4458 me.
1209 4403 1344 4457 Non
1371 4401 1608 4455 dicatur
1630 4398 1842 4454 Gloria.

369 4517 552 4588 275
577 4515 802 4571 Preces.
833 4514 991 4578 Quos
1018 4507 1319 4566 redemisti
1349 4507 1659 4576 sanguine,
1704 4505 1780 4560 P.
1833 4505 1956 4558 Tua

291 4608 463 4664 salva
483 4604 768 4678 potentia,
795 4601 1018 4658 Christe
1053 4597 1419 4654 misericors.
1454 4595 1515 4654 ἲν.
1573 4597 1678 4648 Pro
1732 4591 1953 4664 quibus

286 4695 551 4767 ﬂagellis
584 4709 776 4749 caesus
793 4689 1087 4746 adductus
1132 4703 1217 4752 es,
1241 4685 1308 4739 P.
1336 4688 1456 4740 Tua
1483 4682 1645 4739 salva
1665 4681 1952 4753 potentia,

290 4786 550 4842 Christe.
574 4782 637 4842 ‘Il'.
668 4782 781 4836 Pro
803 4793 1063 4852 quorum
1088 4775 1334 4830 crimine
1373 4772 1636 4826 Piissime
1683 4769 1843 4824 cruci
1873 4767 1957 4823 af-

289 4876 453 4932 ﬁxus
474 4890 562 4942 es,
596 4874 659 4926 P.
688 4872 833 4926 Tua.
860 4868 920 4927 £7.
957 4867 1066 4920 Pro
1099 4865 1321 4936 quibus
1361 4861 1707 4916 verberatus
1729 4874 1810 4923 es,
1854 4873 1955 4912 ca-

290 4965 414 5038 pite
444 4968 501 5019 et
525 4975 848 5034 percussus
872 4973 956 5024 es,
983 4957 1023 5008 P
1054 4954 1200 5008 Tua.
1228 4952 1288 5012 V.
1321 4950 1431 5018 Qui
1467 4949 1571 5005 tibi
1603 4948 1810 5006 ﬂentes
1832 4963 1958 5003 ma-

291 5055 350 5110 la
365 5056 578 5110 nostra
601 5047 954 5121 pandimus,
990 5043 1054 5098 P.
1085 5046 1224 5098 Tua.

360 5162 654 5232 Hymnus.
686 5154 730 5209 Ο
764 5156 1082 5208 Nazarene.
1101 5149 1206 5218 fol-
1265 5148 1382 5201 144.

365 5230 594 5306 oratio.
630 5243 830 5313 Dirige
856 5240 1042 5295 nosin
1075 5238 1172 5293 via
1200 5241 1303 5292 tua
1326 5239 1402 5301 ,et
1433 5231 1766 5288 sitientibus
1780 5230 1955 5286 nobis

291 5337 605 5413 sapientiae
633 5336 869 5391 fontem
890 5328 1187 5397 benignus
1217 5325 1460 5381 ostende
1491 5339 1503 5377 :
1537 5326 1602 5377 ut
1638 5319 1828 5376 nimia
1863 5318 1958 5375 tri-

291 5410 450 5487 stitia
462 5440 777 5490 careamus,
795 5424 1087 5478 etaeternae
1109 5418 1232 5473 vitae
1249 5413 1586 5476 dulcedinem
1610 5410 1952 5466 hauriamus.

365 5523 534 5582 Pater
557 5520 775 5592 noster
