4094 6164
501 255 604 315 475
1770 236 2138 300 BREVIARII

2262 240 2652 304 GOTHICUM.
3758 253 3832 311 m

571 380 794 439 Oratio.
825 380 952 436 Non
976 375 1175 434 veniat
1192 372 1388 438 nobis,
1413 373 1794 444 Domine,pes
1814 365 2133 441 superbiae,
2167 363 2216 418 Α
2317 372 2378 426 Et
2403 370 2590 428 factus
2617 376 2703 430 est
2724 372 2867 429 mihi
2897 367 3422 428 sermonominiin
3445 369 3798 442 obprobrium,
3833 378 3847 412 ο

496 487 607 528 nec
632 485 850 526 manus
867 471 1245 540 peccatorum
1258 466 1499 536 peccato
1512 459 1869 534 praevalente
1883 472 1994 512 nos
2009 470 2138 510 mo-

496 565 656 618 veat:
677 559 782 614 sed
802 559 1104 630 sperantes
1127 555 1188 610 in
1209 553 1571 626 protectione
1593 550 1825 605 alarum
1865 550 2107 602 tuarum
2121 586 2135 610 ,

501 645 1043 706 circumvolantium
1057 643 1412 700 insidiarum
1424 640 1649 712 rapinis
1665 635 1955 709 erepti,ab
1971 633 2140 688 uber-

501 743 619 796 tate
644 739 862 794 domus
894 739 1009 790 tum
1036 736 1245 789 sancto
1263 731 1500 802 eloquio
1537 727 1910 802 repleamur;
1944 726 2000 780 et
2019 726 2141 779 tor-

501 830 662 884 rente
700 823 1048 880 deliciarum
1074 823 1333 884 tuarum,
1368 815 1679 874 distributa
1709 829 1817 888 per
1860 811 2142 890 Spiritum

502 913 858 971 exundantis
878 911 1082 982 gratiae
1112 908 1412 980 varietate,
1440 909 1738 979 potemur.
1765 905 2042 973 mAmen.

570 1005 680 1058 Per
708 998 1200 1056 misericordiam.

571 1089 901 1157 Antiphona
931 1089 982 1140 3.
999 1084 1185 1140 Amici
1199 1083 1336 1153 mei,
1352 1085 1406 1139 et
1423 1080 1681 1154 proximi
1703 1078 1810 1134 mei
1830 1078 2144 1133 adversum

500 1192 598 1232 me
627 1175 1275 1248 appropinquaverunt.
1307 1174 1371 1226 Et
1413 1169 1670 1242 proximi
1737 1167 1853 1223 mei
1883 1183 1920 1223 a
1969 1166 2146 1235 longe

504 1268 791 1322 steterunt
813 1281 826 1315 :
857 1267 913 1318 et
931 1262 1054 1317 vim
1067 1260 1475 1331 faciebantqui
1500 1257 1849 1330 qumrebant
1878 1254 2146 1311 animam

500 1369 726 1409 meam.
763 1351 832 1412 it.
855 1350 1120 1415 Domine,
1157 1364 1231 1404 ne
1252 1349 1313 1402 in
1338 1348 1426 1402 ira
1451 1350 1552 1402 tua
1573 1361 1792 1414 arguas
1808 1359 1924 1408 me,
1951 1357 2145 1416 neque

502 1442 562 1497 in
588 1442 782 1495 furore
811 1442 911 1494 tuo
937 1437 1225 1507 corripias
1249 1450 1366 1490 me.
1403 1436 1530 1491 Non
1562 1434 1804 1489 dicatur
1823 1432 2035 1488 Gloria.

577 1529 795 1584 Oratio.
810 1528 985 1591 Deus,
1000 1529 1133 1580 ante
1147 1525 1317 1595 cujus
1341 1528 1724 1594 conspectum
1754 1521 1976 1577 nullius
1992 1519 2148 1576 desi-

502 1615 668 1672 deria
695 1615 786 1671 vel
817 1614 1071 1684 gemitus
1101 1611 1459 1669 abscondita
1494 1614 1632 1666 sunt
1655 1610 1920 1666 :intende
1949 1609 2011 1664 in
2043 1608 2144 1664 ad-

2246 459 2379 518 etin
2407 462 2673 518 derisum
2709 466 2829 517 tota
2857 461 2970 516 die.

2318 551 2521 607 Etdixi
2564 568 2575 606 :
2637 554 2763 607 Non
2811 548 3173 605 recordabor
3229 546 3620 620 ejus,'neque
3660 548 3834 623 loquar

2245 638 2398 695 ultra
2422 639 2484 695 in
2514 640 2752 695 nomine
2776 639 2949 694 illius.

2318 729 2385 783 Et
2399 727 2687 784 factusest
2715 728 2775 784 in
2806 727 2983 783 corde
3009 740 3141 781 meo
3155 724 3327 798 quasi
3345 723 3494 793 ignis
3525 728 3831 800 exaestuans,

2249 814 2608 889 claususque
2629 816 2689 872 in
2719 817 2956 872 ossibus
2985 813 3153 878 meis,
3185 812 3208 836 '
3232 814 3289 868 et
3319 810 3518 878 defeci,
3555 811 3689 870 ferre
3739 830 3836 872 non

2249 905 2566 961 sustinens.

2320 994 2531 1049 Audivi
2552 995 2712 1049 enim
2733 991 3123 1050 contumelias
3153 989 3532 1059 multorum,‘
3554 993 3608 1046 et
3631 995 3838 1049 terrores

2249 1081 2311 1138 in
2343 1082 2603 1138 circuitu.

2323 1170 2838 1244 Persequimini,et
2850 1184 3280 1242 persequamur
3301 1183 3467 1223 eum:
3489 1168 3504 1186 '
3521 1167 3594 1223 ab
3611 1169 3842 1226 omnibus

2250 1261 2419 1331 viris,
2463 1261 2566 1334 qui
2598 1263 2765 1315 erant
2790 1258 3020 1332 paciﬁci
3049 1259 3183 1323 mei,
3217 1260 3272 1312 et
3293 1256 3680 1312 custodientes
3717 1259 3842 1314 latus

2251 1365 2488 1404 meum:

2325 1436 2382 1493 Si
2403 1452 2524 1508 quo
2567 1436 2747 1492 modo
2769 1435 3111 1507 decipiatur.
3139 1432 3638 1506 etpraevaleamus
3684 1432 3845 1488 adver-

2255 1541 2355 1580 sus
2381 1540 2541 1590 eum,
2573 1526 2662 1580 'et
2691 1539 3132 1595 consequamur
3161 1521 3450 1576 ultionem
3480 1535 3548 1575 ex
3579 1519 3688 1576 illo.

2327 1614 2609 1669 Dominus
2623 1617 2822 1668 autem
2845 1627 3079 1667 mecum
3095 1610 3362 1682 estquasi
3385 1608 3628 1664 bellator
3651 1608 3807 1674 fortis;
3821 1611 3837 1631 '

499 1705 788 1777 jutorium
818 1707 1108 1767 nostrum,
1151 1705 1206 1758 et
1236 1716 1498 1757 amovea
1535 1699 1714 1755 nobis
1774 1699 2034 1754 furorem
2062 1698 2147 1752 in-
2176 1708 2222 1764 Β
2253 1702 2472 1758 idcirco
2498 1702 2599 1774 qui
2623 1704 3084 1773 persequuntur,
3115 1697 3350 1766 cadent,
3402 1701 3457 1752 et
3476 1697 3678 1752 inﬁrmi
3700 1701 3842 1754 erunt.

503 1791 868 1863 dignationis
888 1795 1001 1846 tuae
1031 1807 1046 1844 :
1069 1794 1133 1846 ut
1160 1791 1263 1863 qui
1287 1790 1347 1844 in
1372 1793 1426 1845 te
1453 1788 1969 1853 conﬁdimus,non
1991 1785 2142 1840 deci-

503 1882 720 1937 damus
750 1881 810 1935 in
838 1879 1088 1951 laqueos
1123 1877 1368 1933 inimici.
1401 1889 1464 1947 13;.
1495 1877 1702 1932 Amen.

573 1981 644 2039 13,.
678 1967 944 2031 Attende,
971 1967 1333 2034 Domine,ad
1354 1981 1468 2021 me.
1499 1965 1560 2021 P.
1593 1963 1815 2020 Etaudi
1841 1963 2148 2034 276ver-

500 2057 584 2112 ba
612 2055 1088 2112 adversariorum
1113 2070 1402 2110 meorum.
1437 2053 1734 2109 Foderunt
1791 2051 2047 2114 foveam,
2082 2054 2147 2106 ut

502 2147 782 2215 caperent
803 2159 900 2198 me
921 2165 932 2196 :
950 2159 1024 2198 ne
1045 2141 1400 2214 propitiatus
1412 2139 1900 2214 fuerisiniquitati
1913 2153 2140 2202 eorum,

501 2232 569 2294 ἡ.
598 2235 682 2288 Tu
701 2237 903 2287 autem
923 2230 1193 2298 Domine,
1213 2232 1366 2286 Deus
1389 2231 1746 2286 exercituum
1772 2228 2044 2284 omnium
2059 2242 2146 2282 re-

501 2335 647 2391 gum
671 2324 861 2384 terrm.
887 2321 991 2392 qui
1025 2320 1194 2375 sedes
1221 2335 1398 2392 super
1449 2317 1784 2384 Cherubim,
1812 2318 1976 2390 aperi
2007 2332 2144 2372 ocu-

497 2408 588 2464 los
613 2413 770 2473 tuos,
794 2411 850 2464 et
877 2408 1015 2464 vide
1049 2424 1061 2464 :
1085 2407 1306 2464 inclina
1334 2422 1542 2464 aurem
1579 2411 1764 2463 tuam.
1798 2397 1862 2461 P.
1884 2409 1950 2461 Et
1978 2405 2138 2462 audi.

498 2497 634 2553 Non
663 2498 906 2553 dicatur
925 2495 1140 2552 Gloria.

573 2583 798 2639 Oratio.
829 2585 931 2647 Tu,
959 2582 1228 2651 Domine,
1253 2582 1315 2636 in
1329 2581 1576 2646 cithara,
1602 2583 1658 2636 et
1694 2579 1926 2636 cantico
1946 2579 2143 2634 inimi-

499 2687 705 2728 corum
720 2670 1002 2740 dignatus
1024 2685 1086 2725 es
1105 2669 1252 2725 verti
1273 2713 1289 2740 ,
1318 2669 1465 2724 dum
1480 2669 1715 2738 linguas
1730 2666 1830 2723 tibi
1854 2668 2144 2737 derogan-

497 2760 647 2815 tium
672 2758 961 2831 pertulisti
994 2773 1006 2812 :
1031 2762 1085 2814 te
1115 2757 1320 2834 utique
1345 2756 1612 2813 inﬁdeles
1643 2757 1703 2812 in
1727 2756 1932 2812 fabula
1954 2756 2143 2812 obtre-

499 2852 866 2913 ctaverunt,a
894 2863 1016 2919 quo
1060 2847 1401 2902 recedentes
1432 2845 1759 2902 abominati
1807 2849 1960 2910 sunt,
2002 2845 2144 2901 etin

497 2937 670 3005 cujus
698 2935 913 2990 faciem
947 2949 1202 3005 expuere
1251 2949 1374 2989 non
1419 2938 1810 3004 pepercerunt
1845 2949 1857 2998 ;
1891 2938 1953 2988 tu
1983 2933 2144 2988 salus

2326 1791 2770 1847 Confundantur
2790 1787 3336 1860 vehementer,quia
3354 1802 3482 1842 non
3498 1785 3848 1842 intellexerunt

2253 1881 2646 1953 obprobrium
2677 1880 3128 1952 sempiternum,
3161 1876 3359 1949 'quod
3403 1891 3696 1948 nunquam
3731 1875 3852 1930 dele-

2250 1969 2426 2025 bitur.

2323 2061 2410 2127 Et,
2446 2062 2508 2114 tu
2547 2057 2795 2113 Domine
2814 2055 3182 2112 exercituum
3236 2053 3524 2125 probator
3559 2051 3706 2123 justi,
3733 2054 3750 2078 '
3774 2050 3853 2124 qui

2251 2149 2472 2219 probas
2499 2147 2678 2202 corda
2703 2149 2758 2202 et
2777 2161 2947 2200 renes
2974 2162 2986 2198 :

2322 2235 2568 2290 Videam
2595 2251 2802 2306 quaeso
2819 2234 3106 2289 ultionem
3127 2247 3198 2287 ex
3215 2231 3299 2287 eis
3323 2248 3336 2286 :
3377 2232 3394 2249 '
3425 2230 3527 2286 tibi
3548 2229 3692 2285 enim
3725 2241 3852 2284 reve-

2250 2323 2365 2378 lavi
2392 2338 2640 2379 causam
2680 2338 2902 2378 meam.

2323 2411 2546 2468 Oratio.
2592 2412 2767 2476 Deus,
2807 2411 2980 2481 cujus
3030 2410 3288 2465 animam
3332 2406 3579 2464 leonum
3615 2403 3850 2461 voracitas

2249 2501 2514 2571 nequivit
2528 2499 2848 2555 absumere
2873 2499 2935 2553 in
2958 2514 3052 2566 eo,
3082 2497 3245 2570 quod
3262 2495 3505 2568 justitia
3522 2497 3641 2551 inte
3657 2496 3852 2549 inventa

2250 2603 2458 2642 eorum
2489 2586 2802 2642 videbatur
2823 2586 3055 2642 rabiem
3082 2584 3381 2654 effugere:
3407 2584 3598 2639 emitte
3614 2580 3849 2651 Angelum

2251 2677 2420 2729 tuum
2455 2673 2559 2746 qui
2587 2690 2654 2730 os
2683 2673 3057 2736 leonisillius,
3089 2672 3194 2745 qui
3220 2687 3325 2744 per
3342 2671 3638 2727 mundum
3659 2668 3845 2737 rugiens

2251 2765 2450 2826 currit,
2503 2778 2776 2834 quaerens
2821 2777 3000 2835 quem
3040 2760 3304 2826 devoret,
3351 2758 3844 2826 concludat2atque

2252 2851 2486 2906 animas
2499 2855 2739 2907 nostras
2755 2851 2827 2906 de
2841 2851 2890 2922 ej
2902 2866 2969 2905 us
2984 2849 3586 2922 persuasione,atque
3596 2843 3850 2902 dominatu

2253 2939 2484 3011 eripiat.
2518 2951 2582 3007 Bt.
2620 2941 2830 3005 Amen.

496 3023 748 3096 proinde
803 3027 1026 3087 nostra,
1090 3027 1269 3093 atque
1331 3021 1604 3085 salvator,
1635 3021 1940 3077 salvandis
1965 3023 2139 3078 nobis
2173 3046 2214 3104 ο
2319 3027 2800 3088 AdBenedictus,
2823 3027 3192 3097 Antiphona.
3225 3019 3854 3091 Psallam,etintelligam

494 3109 796 3166 inlabere:
828 3116 892 3162 ut
919 3108 1022 3179 qui
1052 3109 1536 3180 persequentium
1563 3115 1616 3164 te
1646 3109 1802 3164 fuisti
1832 3109 2140 3166 doloribus

495 3196 812 3267 cruciatus,
833 3195 1201 3251 credentium
1223 3201 1277 3251 te
1304 3200 1360 3252 et
1381 3196 1858 3252 confessionibus
1880 3199 2134 3268 placeris

498 3290 556 3344 et
583 3285 835 3344 actibus.
867 3296 933 3357 BI.
964 3289 1168 3340 Amen.

1095 3374 1168 3430 In
1200 3373 1522 3429 Laudibus.

564 3463 928 3533 Antiphona.
949 3462 1076 3520 Tibi
1103 3462 1212 3519 soli
1237 3462 1483 3536 peccavi
1537 3461 1805 3526 Domine,
1837 3465 1892 3518 et
1917 3462 2140 3519 malum

495 3567 696 3607 coram
719 3555 773 3606 te
802 3552 948 3607 feci:
982 3554 1261 3608 miserere
1291 3551 1426 3607 mei.
1469 3552 1741 3607 Psalmus
1764 3567 1815 3606 L.

567 3640 790 3696 Oratio.
810 3639 936 3695 Tibi
959 3639 1070 3696 soli
1091 3642 1467 3713 peccavimus
1508 3640 1756 3696 Domine
1783 3659 1795 3710 ;
1823 3644 1880 3696 et
1910 3639 2138 3697 malum

492 3743 697 3784 coram
720 3732 771 3783 te
796 3728 1058 3785 fecimus:
1085 3729 1178 3784 cui
1203 3729 1449 3802 quidem
1471 3744 1591 3785 non
1611 3729 1876 3786 celantur
1890 3729 2139 3786 abscon-

492 3816 616 3874 dita
636 3819 862 3884 nostra,
887 3833 1020 3890 quae
1046 3818 1240 3874 cordis
1269 3819 1522 3874 retinent
1551 3818 1841 3874 claustra:
1866 3823 1920 3874 et
1940 3823 2137 3875 tamen

493 3905 891 3962 erubescimus
910 3906 1361 3980 pandere,quod
1376 3922 1500 3962 non
1516 3907 1775 3962 timemus
1788 3911 2133 3979 perpetrare.

492 3994 603 4050 Sed
623 4000 683 4050 tu
707 3994 1083 4067 Domine,qui
1101 4011 1225 4050 non
1242 3995 1495 4066 despicis
1516 3994 2138 4067 pmnitentes,suscipe

490 4098 696 4155 preces
721 4083 1035 4139 humilium
1060 4100 1073 4148 ;
1093 4087 1149 4139 et
1162 4083 1406 4138 veniam
1430 4082 1620 4138 tribue
1642 4089 2048 4154 peccatorum:
2067 4100 2137 4138 ac

491 4186 599 4243 per
623 4170 948 4244 potentiam
979 4170 1727 4238 Trinitatis,rectitudinem,
1763 4186 1884 4242 qua
1902 4171 2135 4239 gradia—

491 4274 646 4325 mur,
673 4259 882 4315 doceat
905 4275 1017 4315 nos
1039 4259 1287 4331 Spiritus
1318 4261 1569 4316 Sanctus
1595 4275 1607 4324 ;
1641 4263 1697 4314 et
1715 4258 1794 4314 ad
1813 4259 2136 4314 sanctitatis

492 4347 742 4417 gloriam
765 4349 1086 4419 pertrahat,
1107 4347 1344 4420 spiritus
1356 4351 1548 4402 rectus
1572 4351 1749 4419 atque
1764 4346 1842 4401 ad
1853 4347 1871 4416 j
1885 4346 2138 4403 ustiﬁca-

493 4437 716 4492 tionem
733 4437 1074 4510 principalis
1090 4436 1347 4492 deducat
1362 4436 1688 4508 spiritusmt
1704 4436 1892 4491 unicm
1905 4435 2137 4492 virtutis

491 4527 790 4582 immensa
818 4530 1102 4597 potestas,
1135 4531 1190 4580 et
1230 4526 1398 4580 Pater
1452 4529 1619 4594 regat
1647 4540 1800 4596 quos
1829 4523 2134 4592 condidit;
2171 4515 2213 4568 Ι)

491 4619 547 4670 et
570 4614 745 4671 Filius
766 4614 1063 4670 custodiat
1078 4629 1234 4685 quos
1263 4613 1593 4681 redemit;et
1613 4613 1864 4684 Spiritus
1889 4614 2138 4668 Sanctus

487 4703 714 4775 repleat
750 4717 905 4778 quos
931 4703 1170 4758 creavit.
1203 4713 1266 4771 ἢ.
1300 4707 1506 4757 Amen.

560 4793 656 4846 Ad
678 4793 1014 4850 Canticum.
1049 4790 1670 4863 Antiphona.Dominc,
1705 4791 1807 4863 qui
1829 4806 1924 4846 me
1946 4805 2140 4862 perse-

491 4883 774 4952 quuntur,
801 4887 1101 4945 corruant,
1133 4885 1189 4937 et
1207 4880 1426 4936 inﬁrmi
1454 4879 1620 4935 fiant.

805 4971 1121 5028 Canticum
1145 4971 1456 5026 Hieremiae
1487 4970 1656 5041 (Cap.
1684 4980 1804 5037 XX).

565 5055 861 5112 Seduxisti
887 5073 983 5112 me
1006 5059 1275 5125 Domine,
1307 5064 1362 5114 et
1395 5058 1675 5114 seductus
1697 5071 1830 5112 sum
1857 5057 1909 5110 ι’
1933 5055 2141 5112 fortior

489 5160 587 5201 me
612 5143 797 5212 fuisti,
824 5149 879 5200 et
906 5145 1210 5200 invaluisti
1235 5162 1247 5211 ;

561 5235 773 5290 Factus
805 5249 928 5289 sum
953 5234 1014 5289 in
1043 5233 1309 5289 derisum
1331 5236 1452 5289 tota
1480 5233 1574 5289 die
1615 5235 1630 5252 '
1650 5249 1861 5290 omnes
1887 5233 2140 5290 subsan-

488 5323 718 5379 nabant
740 5339 852 5378 me.

563 5411 716 5477 Quia
748 5413 878 5483 jam
904 5410 1046 5467 olim
1102 5411 1330 5482 loquar,
1393 5407 1721 5466 vociferans
1769 5411 2140 5483 iniquitate,’

492 5502 550 5554 et
551 5501 904 5570 ,‘vastitatem
936 5498 1194 5556 clamito.

2182 3113 2184 3116 ’
2210 3113 2212 3115 ’
2248 3114 2310 3174 in
2341 3115 2907 3188 matutinis.quando
2929 3115 3128 3171 venies
3143 3114 3220 3172 ad
3236 3129 3334 3172 me
3355 3115 3384 3170 ‘2
3414 3108 3846 3172 Misericordiam.

2250 3207 2305 3262 et
2329 3202 2624 3274 judicium
2642 3203 2897 3260 cantabo
2919 3203 3024 3260 tibi
3053 3203 3322 3267 Domine.
3372 3202 3435 3260 P.
3469 3199 3722 3257 Psallam.

2322 3292 2651 3348 Canticum.
2674 3291 3024 3348 Benedictus
3041 3307 3103 3346 es
3131 3289 3517 3361 Dominefol.
3540 3293 3589 3344 6.
3614 3284 3787 3342 Lauda
3807 3281 3852 3338 In

2249 3379 2468 3435 sanctis
2507 3383 2636 3450 ejus
2665 3379 2904 3436 laudate
2922 3380 3239 3434 Dominum
3259 3380 3550 3436 Psatmus
3570 3389 3770 3432 cxmu.

2353 3468 2544 3523 Lectio
2578 3467 2719 3524 libri
2755 3468 3049 3526 Samuelis
3069 3468 3455 3539 (Primiﬁeg.
3486 3463 3736 3533 x1v.xv).

2320 3567 2382 3630 Βρ.
2418 3558 2534 3612 Deo
2560 3557 2799 3628 gratias.

2320 3647 2381 3702 In
2411 3643 2527 3700 illis
2558 3643 2769 3700 diebus
2800 3661 2810 3700 :
2847 3644 3138 3716 Pugnavit
3166 3643 3303 3712 Saul
3329 3647 3538 3710 contra
3566 3640 3719 3698 Moab
3745 3639 3789 3692 et
3805 3634 3854 3690 ﬁ-

2246 3731 2357 3801 lios
2385 3736 2663 3800 Ammon,
2684 3737 2740 3788 et
2756 3733 2965 3801 Edoni,
2992 3740 3046 3800 et
3067 3747 3235 3803 reges
3253 3732 3502 3800 Soba,et
3522 3727 3851 3786 Pbilisthtros.

2248 3825 2303 3876 et
2314 3836 2698 3897 quocumque
2713 3837 2771 3876 se
2786 3825 3052 3889 verterat,
3068 3820 3411 3894 superabat.
3422 3825 3540 3877 Con
3550 3820 3852 3889 gregatoque

2247 3909 2522 3976 exercitu,
2555 3910 2848 3982 percussit
2878 3909 3143 3978 Amalec,
3176 3915 3232 3964 et
3253 3911 3409 3966 eruit
3430 3906 3688 3964 lsraelde
3703 3913 3842 3958 manu

2245 4002 2616 4054 vastatorum
2635 3999 2780 4068 ejus.
2801 3999 3062 4054 Fuerunt
3082 4003 3283 4053 autem
3310 3999 3420 4052 ﬁlii
3440 3989 3838 4054 Saullonathast

2246 4091 2303 4141 et
2331 4087 2548 4151 Jessui,
2580 4091 2637 4142 et
2661 4086 2980 4140 Melchisua
3015 4103 3026 4141 :
3067 4085 3306 4141 nomina
3338 4086 3603 4141 duarum
3640 4081 3844 4137 ﬁliarum

2247 4175 2394 4247 ejus,
2428 4189 2650 4229 nomen
2675 4174 3088 4246 primogenitae
3113 4174 3627 4239 Merob,etnomen
3647 4162 3849 4225 minoris

2246 4263 2471 4320 Michol.
2501 4265 2797 4317 Etnomen
2825 4264 3025 4318 uxoris
3042 4263 3543 4332 Saul,Achinoam
3569 4260 3683 4316 ﬁlia
3715 4250 3853 4311 Achi-

2246 4367 2448 4406 maas:
2491 4354 2548 4405 et
2584 4350 2831 4406 nomina
2861 4351 3200 4432 principum
3220 4351 3478 4421 gmilitias
3515 4350 3638 4430 ejus
3674 4343 3850 4432 Abnel}

2247 4439 2401 4494 ﬁlius
2422 4437 2836 4509 Ner,patruelis
2856 4427 3016 4496 Saul.
3034 4440 3214 4494 Porro
3229 4442 3324 4494 Cis
3347 4427 3853 4509 fueratpaterSaul,

2249 4531 2304 4582 et
2321 4530 2433 4582 Ner
2452 4531 2619 4598 pater
2643 4526 2855 4595 Abner,
2893 4526 3049 4581 ﬁlius
3071 4527 3258 4582 Abiel.
3285 4530 3421 4582 Erat
3447 4519 3646 4582 autem
3669 4518 3856 4577 bellum

2247 4619 2458 4686 potens
2471 4614 2788 4670 adversum
2804 4615 3169 4671 Philisthaeos
3195 4617 3365 4687 277
3385 4614 3666 4671 omnibus
3681 4605 3856 4666 diebus

2249 4703 2545 4760 Saul.Nam
2570 4719 3012 4776 quemcumque
3034 4704 3264 4760 viderat
3286 4705 3426 4761 Saul
3443 4705 3634 4758 virum
3662 4699 3853 4755 fortem.

2249 4795 2304 4846 et
2323 4795 2530 4862 aptum
2561 4791 2637 4846 ad
2658 4791 2948 4862 praelium,
2978 4793 3245 4849 sociabat
3300 4808 3442 4848 eum
3485 4791 3619 4848 sibi.
3648 4791 3706 4843 Et
3741 4780 3857 4838 dixit

2251 4879 2489 4934 Samuel
2506 4879 2582 4934 ad
2597 4880 2733 4935 Saul
2767 4895 2778 4933 :
2813 4883 2896 4936 Me
2917 4880 3082 4936 misit
3111 4881 3418 4950 Dominus,
3455 4884 3520 4934 ut
3547 4872 3857 4944 ungeremte

2248 4969 2308 5022 in
2325 4983 2523 5038 regem
2539 4982 2717 5039 super
2731 4968 3019 5039 populum
3036 4970 3086 5040 ej
3099 4985 3164 5023 us
3182 4969 3384 5026 Israel:
3406 4982 3568 5023 nunc
3597 4978 3729 5033 ergo
3742 4953 3856 5015 audi

2248 5072 2459 5112 vocem
2472 5056 2706 5112 Domini
2728 5074 2740 5111 :
2772 5059 2902 5112 Haec
2919 5057 3059 5112 dicit
3085 5058 3369 5113 Dominus
3389 5056 3742 5111 exercituum
3757 5066 3769 5102 :
3783 5049 3860 5100 Be-

2250 5143 2469 5199 censivi
2490 5159 2890 5216 quaecumque
2919 5144 3057 5200 fecit
3077 5145 3315 5210 Amalec
3345 5142 3566 5208 lsraeli,
3593 5130 3860 5213 quomodo

2248 5233 2460 5288 restitit
2484 5233 2535 5288 ei
2561 5235 2621 5287 in
2649 5234 2744 5287 via
2761 5232 2898 5288 cum
2931 5233 3326 5290 escenderent
3345 5231 3420 5288 de
3435 5234 3703 5302 rEgypm.
3723 5226 3862 5279 Nunc

2250 5320 2428 5388 igitur
2457 5321 2688 5384 vade,et
2704 5326 2945 5392 percute
2967 5321 3292 5388 Amalec,et
3308 5321 3378 5376 de
3389 5319 3602 5377 molire
3618 5314 3862 5373 universa

2250 5409 2382 5478 eius
2413 5424 2423 5460 ε
2459 5423 2580 5464 non
2611 5425 2822 5480 parcas
2847 5410 2920 5475 ei,
2954 5411 3053 5466 sed
3093 5411 3354 5468 interﬁce
3377 5424 3415 5464 a
3445 5410 3573 5468 vim
3600 5416 3775 5475 usque
3797 5394 3861 5454 ad

2251 5495 2582 5561 mulierem,
2613 5505 2667 5554 et
2684 5497 3001 5570 parvulum
3032 5503 3211 5571 atque
3229 5498 3573 5560 iactantem.
3601 5493 3796 5559 bovem
3815 5486 3860 5538 εί
