4094 6164
209 255 324 322 A85

1364 260 1711 327 DOMINICA
1751 265 1822 330 IV
1863 263 2475 340 QUADHAGESIME.

3520 289 3627 347 486

211 401 374 456 cium
410 417 613 457 meum
639 419 653 467 ;
682 402 834 457 Deus
857 419 1045 471 meus,
1075 407 1131 460 et
1160 403 1446 462 nummus
1464 413 1632 462 meus
1659 407 1717 460 in
1738 415 1875 462 cau-
1903 397 1950 452 A
1985 399 2206 456 lumbis
2227 403 2374 458 meis
2389 419 2510 460 non
2529 404 2810 476 pepercit,
2839 409 2896 463 et
2921 408 3124 466 effudit
3142 411 3201 468 in
3223 415 3377 470 terra
3395 413 3623 476 viscera

211 505 347 544 sam
372 505 600 545 meam.
635 490 700 544 P.
729 495 857 546 Non
882 488 1367 564 supergaudeant
1406 495 1478 549 de
1506 511 1599 549 me
1648 494 1872 549 inimici

208 579 350 645 mei,
367 595 566 651 neque
583 579 857 635 dicantin
874 582 1050 636 corde
1075 598 1182 638 suo
1212 600 1222 636 :
1255 581 1685 638 Devorabimus
1711 599 1868 638 eum.

1981 502 2138 545 mea.

2053 580 2318 636 Concidit
2342 580 2404 636 in
2433 597 2528 637 me
2546 583 2808 654 vulnera,
2842 587 2898 641 et
2926 601 3102 659 super
3130 588 3347 646 vulnus
3372 592 3538 649 irruit
3557 593 3620 649 in

205 669 267 729 ἵ.
305 667 770 724 Confundantur
801 675 856 724 et
880 677 1262 726 revereantur
1298 687 1506 726 omnes
1538 670 1731 736 simul,
1767 671 1869 744 qui
1978 681 2074 753 me
2100 672 2272 742 quasi
2304 671 2537 742 gigans.
2574 676 2587 690 '
2611 675 2860 731 Saccum
2890 691 3084 733 meum
3102 680 3311 734 consui
3329 697 3504 753 super
3523 701 3622 741 cu-

206 763 491 829 quaerunt
511 757 780 812 animam
800 773 1024 814 meam.
1051 760 1122 816 P.
1146 759 1274 814 Non
1293 760 1793 831 supergaudeant.

286 846 513 902 Oratio.
546 845 702 900 Deus
732 851 935 902 noster
972 851 1028 902 et
1061 849 1304 904 Domine
1334 851 1471 904 Jesu
1504 850 1748 914 Christe,
1804 853 1861 905 tu

206 951 450 1007 semper
465 933 670 990 adesto
690 935 749 990 in
764 951 946 991 causa
961 935 1232 993 Ecclesia:
1247 943 1362 991 tua:
1385 957 1396 1005 ;
1417 955 1515 1008 per
1531 955 1715 1010 quam
1727 954 1863 994 eam

199 1025 499 1095 patienter
524 1021 833 1079 discernas
857 1040 891 1079 a
914 1026 1136 1080 caeteris
1159 1044 1176 1096 ;
1204 1026 1310 1097 qui
1331 1024 1490 1081 solus
1510 1043 1619 1098 pro
1645 1043 1716 1084 ea
1734 1043 1863 1100 per-

195 1113 387 1167 tulisti
417 1112 669 1168 vulnera
699 1114 1025 1185 passionis.
1059 1123 1120 1185 ἢ.
1144 1116 1350 1171 Amen.

272 1212 339 1270 Ie.
377 1201 803 1267 Contumelias,
831 1207 884 1258 et
923 1203 1352 1275 improperium
1375 1220 1592 1275 passus
1621 1220 1753 1260 sum
1786 1206 1864 1261 ab

193 1290 280 1346 eis
310 1307 322 1344 :
361 1295 417 1345 et
446 1290 705 1361 proximi
730 1291 868 1354 mei,
888 1291 992 1363 qui
1016 1292 1602 1349 custodiebantlatus
1636 1311 1859 1361 meum,

194 1378 514 1433 dicebant:
534 1379 912 1450 Decipiamus
937 1395 1097 1449 eum,
1118 1386 1171 1435 et
1191 1381 1628 1452 praevaleamus
1647 1382 1716 1437 ei.
1749 1382 1861 1440 Sed

193 1474 275 1532 tu,
303 1466 586 1532 Domine,
610 1484 847 1523 mecum
870 1484 930 1523 es
957 1470 1131 1539 quasi
1151 1468 1399 1526 bellator
1421 1470 1582 1526 fortis
1606 1488 1616 1526 :
1643 1472 1861 1528 cadant

187 1558 249 1612 in
284 1554 692 1627 obprobrium
717 1558 1148 1628 sempiternum
1183 1575 1194 1612 :
1226 1560 1297 1614 P.
1332 1559 1651 1615 Etvideam
1675 1560 1858 1615 vindi-

182 1652 346 1701 ctam
382 1646 447 1699 in
482 1645 568 1700 eis
602 1664 614 1696 :
644 1646 789 1716 quia
821 1647 919 1702 tibi
969 1648 1223 1703 revelavi
1262 1664 1506 1704 causam
1539 1665 1758 1704 meam.
1791 1649 1852 1710 ἲν.

1977 750 2096 812 tem
2127 775 2343 824 meum,
2376 766 2433 817 et
2457 763 2660 833 cperui
2690 764 2884 820 cinere
2916 781 3159 821 carnem
3186 750 3406 824 meam.

2047 848 2245 903 Facies
2276 863 2412 905 mea
2440 850 2721 910 intumuit
2759 870 2796 911 a
2823 855 2984 921 ﬂetu,
3014 856 3035 877 θ
3061 860 3118 913 et
3140 855 3446 928 palpebrae
3473 875 3621 917 meae

1970 935 2399 1007 caligaverunt.

2045 1028 2174 1081 Haec
2204 1043 2416 1098 passus
2434 1045 2568 1084 sum
2585 1029 2812 1103 absque
2825 1032 3130 1104 iniquitate
3159 1051 3380 1091 manus
3409 1052 3581 1108 meai,-
3603 1039 3619 1055 '

1973 1130 2109 1170 cum
2130 1115 2473 1173 exhiberem
2498 1119 2758 1176 mundas
2779 1121 2857 1176 ad
2891 1124 3077 1178 Deum
3109 1139 3332 1194 preces.

2041 1207 2215 1259 Terra
2234 1220 2307 1260 ne
2319 1207 2546 1277 operiat
2566 1209 2918 1280 sanguinem
2936 1227 3162 1279 meum,
3189 1215 3208 1236 ‘
3238 1229 3435 1285 neque
3455 1214 3619 1272 inve-

1969 1292 2094 1347 niat
2117 1293 2176 1347 in
2208 1298 2260 1348 te
2290 1294 2490 1350 locum
2518 1295 2742 1352 latendi
2769 1297 2994 1355 clamor
3030 1317 3220 1356 meus.

2041 1383 2183 1436 Ecce
2211 1383 2369 1438 enim
2385 1383 2446 1438 in
2467 1385 2616 1441 coelo
2633 1385 2796 1441 testis
2820 1403 3012 1458 meus,
3041 1388 3060 1408 ‘
3082 1393 3138 1446 et
3154 1391 3426 1447 conscius
3443 1407 3613 1449 meus

1966 1469 2028 1524 in
2057 1469 2320 1527 excelsis.

2040 1560 2260 1615 Oratio.
2293 1563 2430 1616 Jesu
2453 1561 2721 1630 Domine,
2754 1564 2858 1636 qui
2889 1564 3154 1622 dolorem
3178 1567 3449 1625 Ecclesiae
3470 1573 3611 1639 tum,

1965 1649 2129 1718 quod
2153 1649 2231 1704 ad
2260 1649 2515 1706 nihilum
2545 1652 2786 1709 redacta
2817 1658 2954 1709 sunt
2983 1671 3123 1712 ossa
3151 1657 3300 1728 ejus,
3330 1659 3464 1728 pius
3502 1675 3612 1729 gu-

183 1735 269 1789 Da
302 1733 464 1789 ﬁlios
497 1750 699 1788 eorum
732 1735 788 1790 in
809 1735 986 1801 fame,
1022 1742 1077 1790 et
1104 1735 1296 1791 deduc
1326 1753 1425 1791 eos
1449 1737 1508 1792 in
1532 1753 1712 1792 manu
1733 1737 1854 1806 gla-
1890 1747 1934 1802 Β
1964 1735 2245 1793 bernator
2268 1738 2542 1808 intelligis
2568 1757 2581 1806 ;
2610 1740 2755 1796 dum
2795 1743 2940 1798 alios
2971 1749 3137 1800 extra
3169 1761 3304 1801 eam
3335 1748 3610 1803 tentatio-

182 1823 264 1879 dii
299 1840 311 1877 :
346 1823 501 1878 ﬁant
532 1838 749 1878 uxores
780 1840 988 1879 eorum
1015 1823 1243 1897 absque
1273 1825 1489 1890 liberis,
1525 1830 1579 1881 et
1605 1825 1798 1881 vidua:
1833 1843 1847 1882 :

190 1917 247 1967 et
274 1912 377 1966 viri
419 1927 631 1966 eorum
665 1911 1095 1969 interﬁciantur
1122 1920 1330 1970 morte.
1375 1913 1445 1972 P.
1488 1917 1551 1970 Et
1588 1913 1848 1971 videam.

181 2000 319 2055 Non
354 2001 604 2056 dicatur
637 2001 853 2056 Gloria.

255 2090 491 2146 Oratio.
523 2089 677 2154 Quid
707 2090 828 2154 tibi,
862 2089 1132 2157 Domine,
1159 2108 1194 2146 a
1224 2095 1277 2148 te
1306 2091 1560 2148 formata
1585 2095 1854 2150 creatura

186 2180 481 2248 restituat,
518 2195 628 2250 pro
658 2195 782 2250 qua
806 2178 1298 2251 exprobrantium
1330 2180 1656 2252 obprobria
1684 2183 1854 2237 susti-

187 2285 380 2335 mens,
417 2269 586 2324 solus
613 2270 828 2325 sedens
848 2271 1312 2326 comminatione
1340 2271 1595 2343 repletus
1622 2288 1682 2327 es
1699 2273 1726 2325 ?
1745 2273 1851 2328 Pro

187 2359 412 2430 quibus
448 2375 591 2428 ergo
640 2365 807 2415 tanta
851 2361 1206 2432 passionum
1255 2359 1502 2417 vulnera
1542 2359 1850 2430 sustulisti,

187 2463 570 2519 quaesumus,
587 2453 650 2504 ut
666 2464 787 2513 eos,
803 2464 911 2503 nec
929 2448 1123 2503 carnis
1140 2448 1522 2519 passionibus
1535 2448 1726 2520 dejici,
1742 2463 1852 2505 nec

189 2535 407 2592 inferni
441 2535 692 2608 patiaris
719 2535 1004 2593 barathro
1031 2536 1299 2608 dimergi.
1332 2547 1396 2609 It.
1429 2541 1636 2594 Amen.

802 2654 875 2708 In
907 2651 1227 2708 Laudibus.

254 2774 636 2844 Antiphona.
661 2776 725 2829 In
748 2771 1164 2846 iniquitatibus
1199 2790 1309 2845 ego
1331 2779 1653 2846 conceptus
1675 2789 1808 2831 sum
1833 2792 1845 2832 :

189 2868 242 2920 et
267 2865 330 2919 in
372 2864 641 2937 peccatis
673 2863 896 2935 peperit
921 2879 1017 2918 me
1042 2868 1231 2919 mater
1259 2879 1413 2919 mea.
1443 2863 1567 2918 Tibi
1590 2863 1697 2920 soli
1718 2880 1852 2935 pec-

190 2957 336 3019 cavi,
381 2952 661 3019 Domine,
693 2958 746 3007 et
799 2952 1027 3008 malum
1059 2968 1263 3009 coram
1302 2958 1352 3009 te
1383 2952 1493 3009 feci
1527 2969 1537 3006 :
1573 2953 1851 3011 miserere

190 3044 318 3098 mei.
344 3043 634 3098 Psalmus
658 3056 710 3094 L.

259 3133 480 3186 Oratio.
507 3129 984 3202 Agnoscentibus
1010 3129 1183 3185 nobis
1214 3130 1553 3202 iniquitates
1588 3134 1846 3198 nostras,

190 3225 242 3275 et
261 3221 508 3292 propria
532 3220 639 3274 tibi
662 3219 910 3274 Domine
935 3218 1267 3289 pandentes
1289 3219 1544 3290 piacula,
1560 3221 1608 3289 ej
1621 3219 1850 3275 ulantes

190 3308 536 3380 lachrymis,
566 3312 804 3379 pectore
823 3308 1133 3363 verberato
1157 3307 1455 3379 supplices
1477 3323 1720 3362 oramus
1745 3326 1756 3362 :
1787 3313 1849 3365 ut

194 3402 426 3453 avertas
443 3413 479 3452 a
497 3397 719 3451 nostris
738 3395 1059 3450 sceleribus
1086 3395 1477 3450 faciemtuam
1504 3411 1516 3460 ;
1547 3401 1601 3450 et
1623 3395 1846 3461 deleas,

189 3502 319 3559 quae
338 3485 641 3557 gessimus
661 3488 876 3539 cuncta
896 3489 1134 3554 peccata
1157 3500 1169 3538 :
1199 3486 1343 3540 Crea
1360 3485 1577 3556 itaque,
1597 3488 1766 3556 Deus,
1789 3485 1850 3540 in

190 3577 363 3632 corde
387 3579 615 3640 nostro,
640 3574 807 3646 quod
831 3590 996 3629 ames
1027 3579 1110 3629 :et
1129 3574 1548 3645 propitiatione
1574 3575 1745 3630 solita
1766 3574 1849 3629 di-

188 3666 367 3732 mitte,
389 3663 554 3736 quod
578 3663 714 3719 odis
746 3679 758 3716 :
782 3679 851 3719 ac
872 3664 919 3717 si
943 3667 996 3718 te
1015 3661 1224 3718 crebro
1246 3663 1322 3718 ad
1342 3663 1726 3718 irascendum
1748 3677 1850 3718 no-

187 3761 303 3811 stra
333 3754 551 3825 iniqua
592 3756 954 3824 exasperant
977 3753 1152 3819 vitia;
1181 3755 1283 3808 tua
1313 3756 1366 3806 te
1396 3752 1568 3807 nobis
1590 3752 1850 3824 placabi-

181 3844 295 3899 lem
316 3843 537 3899 reddat
569 3841 944 3911 indulgentia
973 3840 1236 3912 copiosa.
1270 3852 1334 3910 av.
1365 3842 1575 3895 Amen.

249 3932 632 4001 Antiphona.
669 3932 812 3985 Ecce
839 3931 899 3984 in
931 3929 1095 3985 caelis
1123 3934 1208 3984 est
1226 3929 1412 4000 judex
1429 3944 1619 4000 meus,
1645 3933 1850 3985 etcon-

180 4023 338 4077 scius
367 4036 542 4076 meus
567 4020 628 4074 in
660 4018 932 4074 excelsis.

583 4127 892 4183 Canticum
926 4127 1056 4182 Job.
1085 4125 1259 4197 (Cap.
1295 4128 1433 4196 xv1).

260 4239 432 4292 Nunc
466 4251 593 4290 ecce
624 4234 930 4307 oppressit
960 4251 1053 4289 me
1076 4234 1246 4289 dolor
1274 4249 1457 4299 meus,
1483 4233 1503 4255 ⁸
1535 4237 1590 4288 et
1610 4232 1670 4287 in
1693 4233 1844 4289 nihi-

173 4326 308 4381 lum
341 4325 562 4381 redacti
603 4330 741 4380 sunt
770 4340 980 4380 omnes
1007 4328 1169 4379 artus
1201 4323 1339 4379 mei.

253 4414 582 4484 Rugientes
636 4413 1042 4470 testimonium
1086 4411 1292 4467 dicunt
1349 4415 1555 4468 contra
1600 4427 1715 4475 me,
1744 4412 1846 4468 ‘et
1875 4452 1920 4506 Β

184 4505 511 4559 suscitatur
523 4501 877 4574 falsiloquus
891 4501 1177 4558 adversus
1191 4499 1392 4556 faciem
1425 4518 1600 4557 meam
1617 4505 1844 4558 contra-

182 4593 388 4649 dicens
420 4592 591 4647 mihi.

250 4681 500 4750 Collegit
523 4680 783 4736 furorem
810 4696 985 4735 suum
1009 4679 1068 4735 in
1088 4695 1201 4744 me,
1226 4685 1280 4734 et
1299 4679 1675 4733 comminans
1698 4677 1844 4734 mihi

181 4771 490 4828 infremuit
525 4775 734 4825 contra
764 4785 859 4824 me
889 4768 1169 4825 dentibus
1202 4767 1323 4822 suis
1357 4783 1368 4821 :
1397 4771 1416 4789 ‘
1446 4766 1635 4822 hostis
1667 4764 1844 4820 nimis

181 4857 545 4916 terribilibus
576 4856 763 4912 oculis
794 4872 890 4911 me
912 4855 1157 4911 intuitus
1187 4859 1291 4910 est.

241 4949 631 5022 Aperuerunt
649 4960 826 5016 super
843 4961 937 5001 me
951 4959 1056 5001 ora
1073 4961 1201 5011 sua,
1233 4944 1253 4966 *
1271 4943 1697 5015 exprobrantes
1717 4957 1844 5013 per-

181 5039 496 5093 cusserunt
521 5034 831 5090 maxillam
856 5050 1073 5098 meam,
1097 5033 1288 5088 satiati
1312 5029 1659 5103 suntpoenis
1683 5029 1840 5086 meis.

246 5125 554 5183 Conclusit
579 5141 676 5180 me
718 5123 871 5180 Deus
894 5123 1058 5196 apud
1088 5123 1384 5195 iniquum,
1408 5123 1428 5145 *
1460 5123 1516 5176 et
1538 5118 1599 5175 iu
1627 5121 1844 5176 manus

181 5214 507 5288 impiorum
534 5229 631 5268 me
656 5213 914 5269 tradidit.

247 5305 424 5376 283
445 5307 570 5375 Ego
584 5303 678 5358 ille
694 5303 982 5374 quondam
996 5299 1357 5374 Opulentus,’
1373 5297 1654 5355 contritus
1673 5313 1794 5354 sum
1826 5311 1839 5353 :

245 5395 457 5449 Tenuit
517 5393 811 5447 cervicem
880 5407 1098 5456 meam,
1157 5397 1212 5448 et
1271 5388 1557 5458 confregit
1609 5389 1843 5452 me,'et

181 5485 354 5555 quasi
373 5484 595 5554 jugum
620 5480 822 5554 posuit
849 5479 981 5536 sibi.

253 5570 665 5630 Circumdedit
679 5573 777 5627 me
795 5569 1019 5630 lanceis
1037 5569 1182 5639 suis,
1202 5566 1656 5629 convulneravit
1676 5583 1765 5624 me
1784 5579 1800 5626 :
1818 5563 1841 5592 "

1964 1841 2108 1880 num
2125 1825 2379 1890 fmditas,
2391 1832 2563 1884 necat
2578 1845 2593 1882 :
2607 1830 2868 1885 concede
2883 1831 3058 1887 nobis
3079 1850 3092 1899 ;
3120 1836 3199 1899 ut,
3215 1834 3359 1904 quia
3371 1840 3431 1890 tu
3446 1835 3609 1890 solus

1962 1930 2071 1986 pro
2103 1915 2278 1970 nobis
2301 1921 2551 1972 tentatus
2574 1934 2656 1982 es,
2684 1933 2899 1990 passus
2929 1937 3019 1989 es;
3051 1926 3116 1976 tu
3138 1938 3247 1977 nos
3277 1938 3314 1977 a
3339 1924 3610 1979 tentatio-

1962 2002 2140 2058 nibus
2162 2008 2261 2059 eta
2276 2005 2659 2076 passionibus
2671 2009 2887 2063 nostris
2903 2008 3067 2064 solus
3082 2011 3206 2080 ipse
3227 2011 3442 2081 eripias
3458 2027 3470 2066 :
3485 2027 3608 2081 quo

1961 2093 2368 2148 testimonium
2397 2099 2669 2150 nostrum
2701 2096 2856 2152 intra
2885 2102 3049 2154 tuam
3080 2099 3404 2154 Ecclesiam
3429 2100 3508 2154 ita
3534 2099 3608 2156 sit

1962 2181 2120 2247 utile,
2151 2187 2214 2238 ut
2235 2199 2572 2240 mereamur
2594 2186 2697 2240 tibi
2719 2186 2842 2242 sine
2868 2187 2986 2242 ﬁne
3009 2188 3260 2258 placere.
3290 2200 3360 2258 ﬁ.
3394 2189 3604 2244 Amen.

2030 2271 2116 2325 Ad
2146 2272 2494 2328 Matutinum
2515 2274 2886 2344 Antiphona.
2914 2278 3068 2331 Deus
3088 2277 3242 2332 Deus
3265 2292 3433 2331 meus
3447 2276 3524 2330 ad
3553 2281 3606 2332 te

1959 2359 2181 2416 deluce
2210 2361 2409 2431 vigilo.
2437 2363 2626 2418 Sitivit
2645 2364 2707 2418 in
2730 2365 2997 2422 teanima
3017 2382 3172 2431 mea,
3197 2381 3385 2437 quam
3413 2364 3606 2420 multi-

1959 2448 2184 2520 pliciter
2217 2452 2273 2504 et
2305 2465 2445 2506 caro
2475 2451 2646 2508 mea!
2684 2451 2746 2511 7i.
2772 2453 2862 2508 Sic
2889 2453 2951 2508 in
2969 2459 3179 2510 sancto
3194 2453 3448 2525 apparui
3476 2452 3599 2520 tibi,

1960 2537 2132 2602 Deus,
2165 2541 2227 2592 ut
2245 2538 2481 2592 videam
2494 2539 2860 2596 voluntatem
2873 2545 3049 2607 tuam,
3080 2541 3398 2610 etgloriam
3426 2547 3602 2598 tuam.

2030 2623 2265 2680 Lauda.
2306 2627 2449 2679 Cum
2480 2626 2807 2681 senioribus
2829 2628 3096 2699 juniores
3115 2629 3362 2686 laudent
3382 2645 3606 2687 nomen

1959 2713 2209 2769 Domini.
2241 2713 2534 2770 Psalmus.
2564 2728 2794 2770 CXLVIII.
3298 2727 3323 2786 ε

2046 2802 2238 2858 Lectio
2270 2800 2410 2857 libri
2435 2802 2728 2859 Samuelis
2757 2802 2974 2874 (Primi
3008 2805 3146 2874 Reg.
3182 2819 3314 2875 cap.
3343 2806 3509 2878 xvn).

2029 2901 2092 2961 Br.
2127 2891 2246 2947 Deo
2268 2891 2512 2960 gratias.

2029 2982 2108 3035 Eo
2130 2984 2332 3036 autem
2357 2985 2644 3051 tempore,
2672 2995 2795 3052 quo
2823 2980 3052 3037 viderat
3078 2981 3218 3038 Saul
3243 2982 3426 3038 David
3446 2998 3605 3055 egre-

1884 3107 1925 3163 Ο
1960 3068 2218 3124 dientem
2249 3073 2456 3126 contra
2479 3069 2905 3138 Philisthacum,
2945 3071 3028 3126 ait
3052 3072 3131 3126 ad
3159 3071 3350 3163 abner
3388 3071 3606 3163 princi-

1961 3174 2106 3230 pum
2139 3158 2347 3213 militiee
2379 3177 2392 3214 :
2421 3161 2502 3214 De
2532 3174 2654 3230 qua
2704 3160 2882 3231 stirpe
2919 3159 3228 3216 descendit
3269 3160 3364 3216 hic
3407 3161 3608 3218 adole-

1961 3261 2130 3303 scens
2160 3249 2187 3302 ?
2221 3248 2484 3320 dixitque
2522 3248 2754 3307 Abner:
2785 3249 2952 3304 Vivat
2995 3251 3188 3305 anima
3237 3254 3356 3320 tua,
3400 3265 3524 3314 rex,
3557 3251 3607 3306 si

1959 3337 2117 3391 novi.
2149 3339 2216 3392 Et
2252 3337 2335 3392 ait
2363 3353 2466 3392 rex
2494 3354 2507 3391 :
2543 3341 2845 3406 interroga
2876 3343 2956 3405 tu,
2987 3337 3159 3406 cujus
3198 3336 3355 3391 ﬁlius
3387 3337 3462 3392 sit
3498 3338 3605 3394 iste

1958 3441 2121 3496 puer.
2155 3427 2421 3496 Cumque
2445 3439 2752 3494 regressus
2783 3424 3158 3484 essetDavid,
3183 3440 3465 3495 percusso
3479 3425 3606 3480 Phi-

1957 3512 2207 3581 listhaso,
2251 3513 2377 3569 tulit
2411 3529 2548 3568 eum
2567 3512 2785 3577 Abner,
2818 3511 3427 3568 etintroduxitcoram
3449 3515 3604 3582 Rege

1961 3601 2114 3665 Saul,
2148 3606 2328 3673 caput
2356 3601 2672 3655 Philisthaai
2692 3599 3007 3656 habentem
3049 3600 3112 3655 in
3150 3616 3337 3655 manu
3366 3618 3492 3657 sua.
3536 3597 3605 3658 Et

1958 3690 2039 3745 ait
2081 3690 2219 3746 Saul
2246 3691 2323 3744 ad
2351 3689 2536 3745 David
2570 3706 2583 3744 :
2621 3692 2697 3744 De
2723 3704 2842 3761 qua
2872 3689 3189 3760 progenies
3217 3693 3302 3756 tu,
3328 3705 3364 3745 ο
3404 3689 3604 3746 adole-

1959 3793 2131 3833 scens
2161 3779 2187 3832 ‘?
2211 3778 2480 3849 Dixitque
2508 3777 2724 3834 David:
2754 3777 2935 3832 Filius
2964 3778 3117 3832 servi
3143 3777 3226 3832 tui
3251 3778 3604 3835 lsaiBethle-

1955 3867 2192 3922 hemitze
2231 3883 2341 3937 ego
2369 3883 2513 3921 sum.
2543 3866 2710 3937 (Cap.
2740 3867 2928 3937 xvni.)
2958 3865 3026 3922 Et
3070 3865 3295 3922 factum
3337 3871 3428 3923 est
3464 3883 3605 3924 cum

1957 3955 2312 4027 complesset
2331 3955 2495 4027 loqui
2511 3956 2580 4011 ad
2603 3954 2741 4011 Saul
2770 3972 2787 4009 :
2815 3955 3016 4012 anima
3027 3955 3296 4010 Jonathas
3317 3955 3606 4026 congluti-

1955 4049 2099 4101 nata
2112 4043 2921 4114 estanimaaDavid,etdilexit
2951 4059 3088 4098 eum
3113 4044 3397 4100 Jonathas
3423 4044 3604 4115 quasi

1955 4134 2222 4189 animam
2252 4149 2445 4188 suam.
2473 4136 2622 4189 Nam
2641 4131 2958 4203 expoliavit
2985 4148 3048 4186 se
3071 4131 3353 4187 Jonathas
3379 4134 3600 4200 tunica,

1955 4237 2076 4293 qua
2101 4226 2227 4278 erat
2250 4223 2520 4289 vestitus,
2565 4226 2621 4277 et
2649 4221 2813 4276 dedit
2838 4236 2975 4276 eam
3025 4219 3238 4286 David,
3271 4225 3327 4276 et
3374 4220 3602 4292 reliqua

1953 4311 2310 4366 vestimenta
2340 4326 2467 4375 sua,
2487 4326 2680 4380 usque
2697 4309 2774 4365 ad
2791 4309 3063 4379 gladium
3085 4313 3140 4364 et
3172 4324 3380 4365 arcum
3401 4326 3600 4377 suum,

1955 4405 2010 4456 et
2033 4416 2220 4471 usque
2234 4399 2311 4456 ad
2323 4399 2606 4456 balteum.
2625 4398 3049 4469 Egrediebatur
3064 4413 3306 4469 quoque
3325 4398 3512 4454 David
3524 4397 3600 4454 ad

1955 4488 2158 4545 omnia
2181 4504 2580 4561 quaecumque
2610 4487 2902 4543 mississet
2931 4503 3069 4544 eum
3097 4487 3236 4543 Saul
3261 4492 3318 4543 et
3339 4486 3599 4559 pruden-

1954 4580 2040 4635 ter
2071 4595 2131 4634 se
2163 4578 2380 4650 agebat
2408 4577 2900 4649 :posuitqueeum
2922 4576 3059 4632 Saul
3082 4576 3425 4644 superviros
3439 4574 3596 4644 belli,

1953 4673 2009 4724 et
2040 4674 2320 4739 acceptus
2340 4672 2427 4722 est
2449 4667 2509 4721 in
2539 4665 2727 4722 oculis
2759 4665 3022 4721 universi
3050 4663 3274 4736 populi,
3310 4663 3603 4717 maxime-

1953 4773 2070 4830 que
2101 4757 2163 4813 in
2189 4761 2516 4828 conspectu
2541 4754 2901 4811 famulorum
2929 4753 3089 4810 Saul.
3126 4753 3308 4807 Porro
3347 4767 3486 4805 cum
3512 4766 3600 4806 re-

1952 4851 2272 4902 verteretur
2285 4861 2566 4918 percusso
2591 4845 2926 4899 Philisthaeo
2941 4841 3147 4908 David,
3183 4855 3436 4910 egressa:
3464 4845 3602 4900 sunt

1953 4934 2229 4991 mulieres
2252 4934 2326 4990 de
2353 4933 2639 4989 universis
2661 4931 2932 4995 urbibus,
2949 4934 3256 4987 cantantes
3271 4929 3603 5001 chorosque

1952 5024 2231 5081 ducentes
2260 5024 2320 5079 in
2347 5038 2663 5079 occursum
2694 5020 2833 5078 Saul
2852 5020 3027 5088 regis,
3055 5018 3116 5074 in
3129 5019 3435 5092 tympanis
3453 5019 3602 5075 laeti-

1952 5113 2069 5179 tiae,
2093 5114 2228 5170 etin
2255 5112 2460 5167 sistris.
2506 5111 2571 5166 Et
2604 5108 3012 5182 praecinebant
3041 5108 3320 5165 mulieres
3351 5109 3601 5165 laudan-

1951 5208 2058 5270 tes,
2084 5207 2261 5274 atque
2291 5200 2556 5256 dicentes
2585 5217 2598 5255 :
2627 5199 2922 5254 Percussit
2955 5199 3094 5255 Saul
3124 5198 3302 5262 mille,
3331 5202 3388 5252 et
3411 5193 3596 5250 David

1951 5292 2157 5347 decem
2184 5289 2384 5344 millia.
2402 5291 2585 5345 Iratus
2607 5294 2694 5345 est
2714 5294 2914 5346 autem
2943 5288 3082 5345 Saul
3095 5288 3292 5351 nimis,
3313 5291 3369 5339 et
3395 5281 3597 5353 displi-

1953 5381 2069 5437 cuit
2099 5382 2157 5435 in
2190 5379 2374 5436 oculis
2396 5380 2525 5451 ejus
2554 5380 2659 5435 iste
2683 5396 2881 5434 sermo
2913 5399 2926 5433 :
2958 5378 3221 5446 dixitque
3252 5392 3264 5428 :
3301 5371 3599 5427 Dederunt

1951 5471 2133 5528 David
2160 5471 2367 5528 decem
2394 5470 2602 5540 millia,
2635 5474 2687 5525 et
2715 5469 2861 5524 mihi
2890 5467 3181 5522 dederunt
3204 5461 3367 5519 mille
3399 5481 3412 5518 :
3449 5460 3600 5534 quid

1951 5564 2004 5620 ei
2033 5567 2303 5637 superest
2339 5563 2455 5622 nisi
2485 5561 2682 5622 solum
2726 5573 2982 5630 regnum
3007 5556 3036 5616 ἳ
3065 5556 3196 5616 Non
3233 5553 3408 5616 rectis
3453 5568 3598 5627 ergo
