4094 6164
450 312 552 370 487

451 431 637 492 oculis
661 422 799 485 Saul
818 412 1145 491 aspiciebat
1160 401 1348 492 David
1364 414 1437 458 ex
1456 395 1550 492 die
1572 391 1692 491 illa,
1707 392 1771 492 et
1788 383 2088 492 deinceps:
2122 381 2169 435 A

453 466 637 492 Uuuuo
662 466 799 485 vum
818 466 882 479 ν--ι
929 466 1072 473 ..-_-_
1096 466 1101 467 ,

453 524 593 579 Post
615 517 776 574 diem
806 466 1004 567 autem
1034 500 1304 561 alterum,
1336 484 1557 546 invasit
1580 478 1820 579 spiritus
1854 466 2087 527 Domini

456 565 842 668 malus-Saul,
871 600 926 653 et
944 584 1342 667 prOphetabat
1364 578 1427 634 in
1458 570 1655 631 medio
1684 565 1902 668 domus
1924 572 2090 668 suae“:

454 696 646 756 David
676 655 876 749 autem
904 655 1200 756 psallebat
1225 673 1287 728 in
1304 680 1491 725 manu
1515 675 1645 727 sua,
1678 655 1961 756 sicutper
1982 659 2097 700 stn-

460 786 631 859 gulos
657 782 783 837 dies
805 795 818 832 :
842 740 1200 838 tenebatque
1223 756 1363 818 Saul
1379 756 1674 859 lanceam,
1690 748 1746 800 et
1766 740 1929 797 misit
1936 749 2093 859 eam;

1028 857 1045 859 _
1402 846 1412 859 ,
1457 837 1593 859 nm:
1668 835 1724 859 ε*
1770 827 1929 859 Mm
1960 840 1988 859 Δ
2043 836 2072 859 ρ

458 825 679 950 ἓυῐᾶηε
707 864 873 941 quod
899 857 1193 925 conﬁgere
1216 846 1421 921 posset
1457 836 1641 950 David
1668 827 1993 950 ‘pariet:
2043 825 2100 950 et

965 949 972 950 ί
1053 944 1070 950 ⁸
1145 941 1155 950 ’
1251 937 1262 949 ⁸
1399 948 1408 950 ‘
1431 944 1531 950 λη’*
1587 941 1616 950 Α
1772 932 1911 950 ιηίιηι
2002 926 2072 950 mn

509 909 679 932 υιαμο
757 909 873 922 υνυ-
901 909 1093 925 ..ν--υ
1219 909 1238 921 ι

461 909 779 1023 acclinavit
796 949 981 1009 David
999 963 1035 1002 a
1048 941 1192 1000 facie
1212 937 1341 1008 ejus
1358 926 1639 989 secundo.
1668 925 1732 978 Et
1747 914 1941 975 timuit
1960 909 2100 968 Saul

462 1050 670 1113 David.
708 1061 778 1101 eo
806 1037 969 1114 quod
990 1034 1143 1090 esset
1163 1024 1453 1084 Dominus
1492 1030 1631 1073 cum
1655 1026 1746 1077 eo,
1775 1011 1831 1114 et
1851 1018 1980 1114 ause
2016 1016 2101 1057 re-

463 1095 764 1200 cessisset.
792 1093 1029 1187 gmovit
1047 1133 1188 1189 ergo
1218 1129 1356 1172 eum
1385 1105 1525 1167 Saul
1553 1121 1589 1160 a
1613 1117 1694 1168 se,
1727 1102 1782 1156 et
1801 1093 1934 1152 fecit
1963 1105 2103 1189 eum

464 1179 764 1200 υσοοιουν..
792 1179 932 1187 --_-
1113 1179 1146 1189 υ

464 1229 773 1288 tribunum
801 1229 980 1289 super
998 1208 1157 1268 mille
1172 1204 1360 1261 viros:
1385 1200 1442 1255 et
1466 1188 1899 1265 egrediebatur,
1932 1184 1989 1237 et
2007 1179 2102 1276 iri-

687 1313 747 1368 in
768 1279 1089 1376 conspectu
1113 1290 1340 1368 populi.
1364 1291 1429 1376 In
1445 1279 1722 1376 omnibus
1733 1285 1974 1372 quoque
1992 1282 2105 1376 viis

470 1407 593 1464 suis
629 1398 814 1459 David
843 1358 1163 1467 prudenter
1193 1397 1254 1437 se
1284 1375 1519 1447 agebat,
1559 1373 1616 1425 et
1654 1362 1942 1467 Dominus
1983 1358 2108 1467 erat

626 1447 906 1549 Et;
925 1482 1124 1548 itaque
1143 1469 1281 1528 Saul
1299 1461 1486 1522 David
1497 1456 1661 1553 quod
1678 1450 1940 1553 prudens
1957 1447 2109 1553 esset

468 1583 669 1649 nimis,
693 1581 747 1633 et
777 1570 954 1644 coepit
973 1577 1180 1623 cavere
1200 1572 1357 1614 eum.
1389 1546 1593 1648 omnis
1613 1546 1812 1649 autejm
1831 1534 2029 1649 ILsrael,
2054 1536 2111 1649 et

468 1623 1147 1734 l‘u‘d‘audivligvevb‘atDavid
1179 1667 1192 1705 :
1228 1646 1356 1717 ipse
1390 1638 1550 1696 enim
1595 1626 2028 1734 egrediebatur.
2041 1623 2111 1734 ξι

471 1710 621 1730 ηιμ..
650 1710 751 1723 μ...
799 1710 931 1718 νη-
1253 1710 1272 1717 _

471 1763 528 1818 in
537 1710 917 1832 gredieh’atur
934 1747 1071 1801 ante
1087 1754 1208 1795 eos.
1236 1730 1389 1832 Dixit
1407 1731 1606 1827 autem
1628 1718 1775 1832 Saul
1791 1715 1874 1832 ad
1887 1710 2078 1832 lDavid
2095 1725 2109 1763 :

472 1803 617 1907 Ecze
643 1844 767 1901 ﬁlia
791 1852 927 1896 mea
952 1830 1146 1902 major
1181 1820 1396 1885 Merob,
1431 1817 1629 1888 ipsam
1658 1803 1945 1907 dabotibi

473 1890 617 1996 ἷξέξ
632 1890 1098 1992 εμίέξλίιῖῑὶίέιιοᾱνο
1127 1919 1252 1973 esto
1271 1910 1360 1967 vir
1380 1906 1570 1969 fortis,
1598 1904 1653 1958 et
1674 1896 1939 1972 praeliare
1959 1890 2118 1990 bella

476 2023 728 2083 Domini.
761 2016 901 2075 Saul
920 2015 1121 2069 autem
1147 1997 1484 2074 reputabat,
1508 1992 1713 2048 dicens
1741 2006 1759 2042 ι
1784 1988 1913 2041 Non
1928 1979 2003 2079 sit
2023 1994 2115 2035 su-

474 2130 582 2190 per
616 2112 782 2169 illum
824 2115 1041 2161 manus
1069 2108 1225 2159 mea,
1246 2087 1352 2145 sed
1370 2079 1873 2190 Philisthinqrum.
1906 2068 1998 2190 Ait
2018 2084 2118 2190 au-

475 2156 599 2263 ile;
819 2156 1056 2249 adSaul
1082 2202 1095 2239 :
1129 2156 1271 2246 Quis
1302 2189 1417 2263 ego
1440 2185 1594 2263 sum,
1624 2168 1869 2263 antqua:
1888 2156 2120 2216 estvita

478 2250 634 2355 inea,
658 2290 759 2345 aut
784 2276 1059 2350 cognatio
1069 2267 1251 2344 patris
1276 2255 1679 2321 meiinlsrael,
1695 2257 1759 2309 ut
1780 2250 1921 2305 ﬁam
1940 2260 2120 2317 gener

477 2333 634 2451 regis
653 2382 679 2433 ?
701 2376 943 2433 Factum
954 2358 1675 2451 estautemtempus,
1691 2333 2121 2451 ‘dari

700 2423 986 2520 ﬁliai—Saul
1012 2445 1222 2514 David,
1244 2428 1785 2530 data_est_lladrieli
1809 2423 2120 2530 ltiolathitm

639 2512 916 2613 :Dilexit
955 2546 1152 2600 autem
1199 2512 1409 2591 Michol
1462 2523 1647 2613 ﬁliam
1689 2515 1828 2613 Saul
1854 2512 2121 2613 alteram

483 2601 1126 2709 Dav-id,et—nuntiatum
1146 2627 1234 2681 est
1263 2616 1495 2709 Saul,et
1526 2607 1749 2709 placuit
1767 2605 1835 2709 ei.
1854 2601 2123 2709 Dixitque

485 2688 1038 2794 ﬂeam
1056 2715 1157 2780 illi,
1189 2714 1256 2768 ut
1282 2708 1388 2764 ﬁat
1401 2703 1455 2760 ei
1480 2701 1543 2757 in
1569 2693 1942 2794 scandalum,
1967 2693 2024 2746 et
2052 2688 2124 2744 sit

485 2837 662 2895 super
678 2832 817 2875 eum
845 2823 1063 2869 manus
1078 2795 1584 2895 Philisthinorum.
1610 2782 1788 2856 284
1811 2780 1963 2836 Dixit
1980 2792 2122 2875 ergo

487 2865 715 2969 Sanlad
736 2899 923 2961 David
966 2916 979 2955 :
1012 2897 1077 2950 In
1114 2886 1352 2946 duabus
1374 2877 1556 2936 rebus
1596 2887 1777 2943 gener
1812 2883 1984 2925 meus
2009 2865 2123 2921 eris

482 2953 1116 3058 hodie.“Etwm_andavit
1134 2974 1272 3034 Saul
1294 2967 1479 3026 servis
1506 2963 1627 3019 suis
1647 2955 2017 3058 {Loquimini
2045 2953 2125 3010 ad

915 3088 1031 3137 me,
1076 3066 1338 3124 dicentes
1369 3075 1383 3113 :
1416 3056 1562 3111 Ecce
1620 3049 1819 3124 places
1864 3045 2008 3114 regi,
2068 3045 2125 3099 et
2174 3096 2193 3115 η
2230 3045 2286 3091 et
2314 3045 2599 3089 Dominus
2623 3045 2829 3084 reader
2854 3045 2983 3081 um.
3023 3045 3227 3077 ventus
3249 3045 3446 3090 aquuu
3473 3045 3737 3085 dissipa.
3761 3045 3893 3085 μυι-

766 3166 874 3188 -_-_=
909 3164 1029 3188 ,επ
1061 3154 1312 3188 manum
1338 3152 1390 3188 ta
1436 3149 1602 3188 Nnnn
1622 3153 1763 3188 ergo
1793 3138 1921 3188 esto
1946 3146 2126 3188 gener
2155 3098 2197 3153 (λ
2231 3124 2374 3188 vias,
2408 3125 2464 3176 et
2488 3118 2668 3175 facies
2698 3115 2876 3171 tristis
2902 3113 3174 3181 linguam
3204 3105 3638 3163 detrahentem.
3683 3101 3893 3158 Melius

484 3190 695 3236 omnes
726 3166 881 3225 servi
905 3164 1032 3234 ejus
1060 3154 1314 3225 diligunt
1338 3152 1414 3205 te.
1436 3149 1602 3202 Nunc
1622 3153 1763 3208 ergo
1793 3138 1921 3191 esto
1946 3146 2126 3203 gener

484 3265 659 3336 regis.
693 3264 759 3315 Et
795 3220 977 3313 locuti
1027 3220 1353 3303 sunt‘servi
1395 3233 1534 3336 Saul
1564 3232 1627 3287 in
1656 3225 1898 3285 auribus
1939 3220 2127 3336 David

487 3308 886 3410 omnia-verba
904 3308 1059 3397 haec.
1082 3330 1248 3390 Etait
1277 3323 1463 3384 David
1496 3339 1507 3377 :
1542 3324 1694 3377 Num
1720 3328 1935 3388 parum
1954 3308 2127 3407 vobis

483 3440 740 3502 videtur,
771 3441 1057 3505 generum
1091 3434 1219 3478 esse
1256 3414 1411 3485 regis
1435 3412 1463 3469 ?
1483 3413 1603 3481 Ego
1638 3409 1838 3463 autem
1879 3416 2013 3456 sum
2042 3398 2130 3454 vir

486 3486 807 3602 pauperet
838 3515 1049 3576 tenuis.
1077 3501 1642 3602 Etrenunti‘aver‘unt
1674 3492 1845 3602 servi,

487 3574 721 3673 gift};
742 3574 1165 3679 hujuscemodi
1190 3594 1371 3652 verba
1386 3590 1619 3679 locutus
1644 3587 1731 3679 est
1752 3578 1963 3679 David:
1980 3574 2131 3679 Dixit

492 3664 864 3763 Saul
892 3716 906 3751 :
942 3693 1034 3751 Sic
1073 3681 1385 3761 loquimini
1415 3677 1493 3736 ad
1522 3672 1711 3731 David
1738 3687 1755 3725 :
1788 3672 1916 3726 Non
1948 3664 2131 3763 habet

488 3805 729 3851 necesse
745 3778 1179 3856 rexsponsalia,
1203 3772 1562 3829 nisitantum
1591 3763 1828 3818 centum
1850 3753 2133 3829 praeputia

488 3845 991 3940 Ehilisthinorum,
1009 3872 1073 3923 ut
1087 3865 1192 3920 ﬁat
1210 3860 1354 3917 ultio
1375 3857 1449 3912 de
1468 3850 1722 3910 inimicis
1755 3845 1929 3940 regis.
1955 3845 2131 3940 Dorro

491 3932 943 4035 Saulcogitabat
955 3932 1183 4013 tradere
1196 3946 1381 4006 David
1392 3946 1453 4001 in
1469 3932 2104 4035 manibusPhilisthino
2114 3960 2132 3969 -

490 4074 646 4116 rum.
667 4017 933 4121 Cumque
948 4038 1387 4102 renuntiassent
1401 4031 1556 4087 servi
1575 4028 1702 4099 ejus
1724 4020 1931 4087 David,
1948 4017 2133 4075 verba

491 4106 883 4220 quae—dixerat
901 4133 1061 4199 Saul,
1083 4125 1305 4204 placuit
1320 4134 1515 4179 sermo
1535 4117 1597 4173 in
1626 4111 1811 4169 oculis
1836 4107 2071 4220 David,n
2071 4106 2136 4159 ut

492 4197 866 4302 ﬁeret—gener
888 4197 1065 4295 regis.
1085 4197 1163 4275 lit
1185 4218 1322 4291 post
1348 4211 1474 4302 dies
1498 4219 1723 4280 paucos
1754 4214 2004 4302 surgens
2028 4197 2135 4302 Da:

491 4324 612 4389 vid,
644 4284 791 4379 abiit
816 4284 1146 4375 cumvviris,
1177 4284 1282 4378 qui
1301 4300 1415 4358 sub
1440 4313 1511 4354 eo
1542 4296 1729 4351 erant.
1760 4292 1826 4345 Et
1850 4284 2139 4360 percussit

494 4378 843 4469 ﬁlii’listhiim
863 4399 1133 4460 ducentis
1148 4394 1307 4461 viris,
1324 4395 1381 4447 et
1396 4384 1587 4445 attulit
1600 4378 1886 4469 praeputia
1905 4388 2133 4469 eorum,

1681 248 2144 323 BREVIABIUM
2180 242 2568 304 GOTHICUM.

3742 224 3832 280 488

2202 368 2521 427 animabus
2544 364 2763 422 nostris
2783 360 3040 433 optimus
3062 349 3431 417 Consolator,
3453 350 3511 403 et
3534 344 3845 415 indulgen-

2202 457 2323 515 tiali
2340 457 2540 513 favore
2567 453 2751 510 existe
2767 448 3123 518 Redemptor
3148 460 3161 498 :
3186 444 3261 509 et,
3283 437 3388 511 qui
3408 452 3521 493 nos
3543 433 3847 507 acquisisti

2202 546 2483 620 passione
2513 540 2862 604 voluntaria,
2905 550 3043 593 erue
3073 547 3187 589 nos
3223 529 3297 586 de
3324 527 3546 598 laqueo
3582 522 3851 580 venantis

2204 634 2427 691 invicta
2450 630 2739 705 potentia.

2274 723 2446 780 Pater
2469 726 2692 777 noster.

2280 811 2505 867 Lauda.
2535 808 2821 864 Memento
2853 800 3015 859 verbi
3031 798 3113 855 tui
3134 812 3301 854 servo
3327 799 3449 865 tuo,
3474 793 3535 849 in
3561 806 3685 863 quo
3709 787 3859 845 mihi

2207 916 2375 972 spem
2396 896 2635 954 dedisti.
2676 898 2809 951 Haec
2847 907 2942 947 me
2968 886 3278 945 consolata
3309 887 3397 940 est
3424 882 3485 937 in
3518 878 3860 936 humilitate

2206 1006 2361 1046 mea.
2391 988 2453 1048 ἵ.
2489 985 2738 1059 Superbi
2761 982 2961 1054 inique
2996 977 3256 1048 agebant
3297 984 3742 1045 usquequaque
3776 989 3788 1027 :
3822 984 3863 1025 a

2206 1079 2336 1149 lege
2365 1081 2562 1133 autem
2606 1078 2706 1129 tua
2732 1087 2854 1127 non
2878 1065 3193 1125 declinavi.

2281 1146 2513 1224 Oratio.
2547 1166 2725 1236 Spem
2753 1176 2940 1234 quam
2976 1155 3188 1213 dedisti
3216 1151 3389 1209 nobis
3420 1150 3697 1213 Domine,
3730 1146 3870 1219 ipsa

2212 1258 2284 1313 sit
2304 1258 2364 1313 in
2392 1235 2722 1312 humilitate
2738 1253 2943 1306 nostra
2959 1242 3306 1309 consolatio;
3329 1256 3467 1313 quae
3484 1237 3661 1295 nobis
3675 1236 3789 1292 erit
3803 1235 3870 1291 in

2212 1344 2570 1404 exultatione
2600 1340 2800 1412 gloriae
2830 1334 3160 1409 plenitudo.
3196 1343 3258 1402 ιν.
3292 1334 3500 1385 Amen.

2824 1424 2921 1481 Ad
2954 1422 3229 1479 Tertiam.

2434 1516 2885 1575 Proverbz’orum
2910 1509 3243 1569 Salomonis
3272 1505 3435 1577 (Cap.
3468 1510 3634 1573 xm).

2289 1609 2408 1665 Deo
2439 1608 2676 1679 gratias.

2293 1701 2410 1767 Fili,
2432 1698 2645 1761 nubes,
2680 1698 2736 1751 et
2774 1692 2985 1763 caligo,
3014 1693 3071 1745 et
3102 1690 3337 1755 ventus,
3365 1688 3423 1741 et
3449 1681 3693 1755 pluviae,
3743 1693 3879 1734 non

2221 1793 2554 1862 sequentes,
2570 1787 2661 1841 vir
2673 1783 2985 1854 gloriosus,
3009 1782 3065 1834 et
3084 1774 3384 1849 promissa
3394 1786 3517 1829 non
3532 1768 3877 1841 complens.

2221 1855 2507 1935 Patientia
2520 1855 2769 1931 lenietur
2788 1870 3084 1943 princeps,
3104 1871 3159 1921 et
3174 1864 3379 1933 lingua
3395 1859 3595 1917 mollis
3612 1855 3882 1913 confrin-

2225 1968 2309 2039 git
2334 1965 2635 2022 duritiam.
2669 1960 2773 2018 Mel
2810 1956 3104 2020 invenisti,
3156 1951 3405 2010 comede
3440 1948 3605 2022 quod
3649 1945 3883 2002 sufﬁcit

2225 2035 2352 2124 tibi,
2368 2071 2441 2111 ne
2453 2053 2601 2110 forte
2628 2048 2851 2107 satiatis
2871 2060 3118 2103 evomas
3136 2041 3300 2098 illud.
3330 2037 3623 2097 Subtrahe
3647 2035 3881 2108 pedem

2224 2122 2397 2202 tuum
2426 2144 2500 2199 de
2525 2141 2708 2198 domo
2732 2134 3107 2212 proximitui,
3142 2129 3465 2203 nequando
3491 2127 3745 2183 satiatus
3789 2122 3884 2179 tui

2226 2233 2419 2291 oderit
2463 2235 2536 2287 te.
2589 2227 2882 2291 Jaculum,
2923 2228 2981 2281 et
3036 2221 3289 2294 gladius,
3313 2222 3371 2274 et
3406 2216 3623 2288 sagitta
3674 2218 3881 2282 acuta,

2226 2324 2409 2378 homo
2426 2320 2530 2392 qui
2554 2318 2817 2389 loquitur
2846 2317 3054 2370 contra
3081 2310 3412 2383 proximum
3437 2320 3618 2361 suum
3654 2300 3887 2357 falsum

2230 2388 2651 2468 testimonium.
2668 2408 2821 2461 Deus
2845 2403 3135 2476 putridus,
3155 2403 3210 2456 et
3236 2413 3339 2470 pes
3366 2397 3589 2467 lapsus,
3609 2388 3720 2465 qui
3743 2406 3887 2462 spe-

2230 2505 2318 2557 rat
2348 2514 2529 2571 super
2549 2494 2785 2551 inﬁdele
2799 2494 2858 2548 in
2874 2492 2969 2547 die
2986 2487 3300 2559 angustia},
3314 2487 3371 2542 et
3389 2482 3607 2539 amittit
3628 2478 3888 2553 pallium

2228 2590 2291 2646 in
2319 2588 2416 2644 die
2447 2585 2698 2655 frigoris.
2722 2584 2967 2638 Acetum
3000 2579 3062 2635 in
3081 2576 3253 2642 nitro,
3295 2578 3350 2629 et
3386 2571 3491 2646 qui
3522 2573 3728 2626 cantat
3757 2583 3889 2624 car-

2230 2678 2393 2735 mina
2423 2674 2587 2731 cordi
2602 2671 2892 2744 pessimo.
2924 2668 3083 2725 Sicut
3103 2665 3260 2721 tinea
3279 2663 3655 2727 vestimento,
3680 2664 3735 2713 et
3754 2672 3884 2711 ver-

2230 2766 2346 2824 mis
2369 2765 2534 2835 ligno
2559 2782 2571 2821 :
2601 2762 2681 2818 ita
2714 2758 2945 2817 tristitia
2972 2756 3081 2812 viri
3107 2757 3279 2811 nocet
3302 2749 3486 2807 cordi.
3520 2748 3580 2805 Si
3609 2744 3880 2803 esurierit

2228 2856 2505 2912 inimicus
2534 2857 2691 2917 tuus,
2714 2849 2848 2905 ciba
2868 2846 3036 2903 illum
3070 2861 3081 2899 :
3118 2843 3165 2898 si
3195 2842 3330 2903 sitit,
3358 2838 3435 2894 da
3463 2837 3512 2893 ei
3546 2851 3778 2907 aquam
3791 2834 3881 2890 bi-

2228 2946 2368 3002 bere
2403 2961 2414 2998 :
2446 2956 2673 3015 prunas
2713 2937 2872 2994 enim
2911 2930 3297 3005 congregabis
3322 2942 3500 3000 super
3528 2928 3715 2997 caput
3729 2923 3888 2995 ejus,

2230 3039 2286 3091 et
2312 3012 2599 3089 Dominus
2623 3026 2829 3084 reddet
2854 3024 2983 3081 tibi.
3013 3025 3227 3077 Ventus
3249 3015 3446 3090 aquilo
3473 3014 3737 3085 dissipat
3759 3012 3893 3085 plu-

2234 3219 2324 3267 est
2356 3210 2561 3265 sedere
2582 3206 2640 3261 in
2654 3202 2874 3271 angulo
2888 3198 3163 3263 domatis,
3188 3212 3374 3269 quam
3397 3209 3523 3249 cum
3548 3190 3809 3247 muliere
3832 3189 3894 3245 li-

2233 3300 2469 3371 tigiosa,
2496 3300 2553 3352 et
2581 3295 2640 3350 in
2672 3294 2854 3349 domo
2885 3286 3211 3346 communi.
3240 3290 3410 3357 Aqua
3426 3281 3645 3351 frigida
3671 3280 3896 3335 anime

2237 3370 2472 3455 sitienti,
2499 3390 2555 3440 et
2583 3383 2827 3439 nuntius
2854 3380 3052 3437 bonus
3070 3376 3144 3433 de
3164 3380 3321 3431 terra
3350 3370 3711 3442 longinqua.
3739 3371 3897 3425 Fons

2238 3476 2509 3534 turbatus
2537 3472 2710 3547 pede,
2744 3475 2801 3527 et
2831 3484 2988 3525 vena
3007 3468 3305 3537 corrupta,
3325 3462 3518 3533 justus
3541 3458 3780 3514 cadens
3809 3472 3903 3514 co-

2238 3582 2369 3622 ram
2392 3562 2599 3635 impio.
2627 3557 2897 3631 Sicutqui
2918 3555 3034 3612 mel
3060 3552 3319 3610 multum
3341 3547 3621 3618 comedit,
3652 3562 3786 3603 non
3820 3549 3905 3601 est

2239 3654 2294 3711 ei
2324 3634 2551 3710 bonum
2586 3667 2597 3705 :
2632 3650 2715 3706 sic
2731 3648 2835 3721 qui
2856 3648 3147 3701 scrutator
3178 3645 3265 3697 est
3294 3635 3642 3709 majestatis,
3698 3634 3901 3708 oppri-

2242 3746 2431 3799 metur
2462 3756 2498 3796 a
2524 3738 2730 3810 gloria.
2760 3736 2918 3793 Sicut
2937 3733 3079 3789 urbs
3098 3734 3332 3803 patens,
3361 3730 3417 3782 et
3442 3725 3680 3797 absque
3698 3739 3900 3780 muro

2238 3849 2375 3889 rum
2397 3830 2646 3893 ambitu,
2677 3829 2757 3883 ita
2788 3826 2893 3891 vir,
2916 3823 3019 3896 qui
3050 3836 3169 3877 non
3186 3819 3455 3892 potestin
3472 3814 3789 3888 loquendo
3807 3830 3901 3871 co-

2239 3921 2443 3977 hibere
2470 3918 2743 3991 spiritum
2773 3930 2972 3969 suum.
3004 3908 3281 3975 Comede,
3310 3905 3417 3961 ﬁlii
3439 3904 3543 3969 mi,
3576 3903 3718 3965 mel,
3752 3904 3900 3975 quia

2240 4009 2467 4065 bonum
2488 4012 2593 4073 est,
2622 4010 2677 4062 et
2701 4004 2907 4059 favum
2935 3997 3355 4056 dulcissimum
3382 3992 3606 4064 gutturi
3647 3998 3764 4048 tuo.
3800 3991 3896 4046 Sic

2243 4103 2299 4155 et
2320 4097 2589 4154 doctrina
2615 4094 2957 4151 animastuas
2985 4103 3198 4161 :quam
3211 4101 3349 4141 cum
3371 4081 3695 4146 inveneris,
3719 4081 3903 4137 habeo

2242 4187 2337 4243 bis
2369 4186 2429 4242 in
2454 4181 2800 4242 novissimis
2838 4195 3029 4253 spem,
3062 4180 3118 4233 et
3146 4190 3281 4248 spes
3322 4177 3423 4229 tua
3476 4185 3600 4227 non
3660 4169 3903 4244 peribit,

2316 4288 2380 4347 BI.
2408 4277 2619 4330 Amen.

2391 4363 2576 4419 Lectio
2600 4359 2741 4416 libri
2757 4355 3052 4415 Samuelis
3074 4346 3256 4410 Primi
3276 4349 3437 4421 (Reg.
3454 4364 3588 4418 cap.
3608 4350 3761 4417 x1x).

495 4449 516 4469 ι
540 4449 843 4469 “unum...
865 4449 1130 4460 ...η-----
1294 4449 1306 4461 ,
1602 4449 1623 4456 -
1727 4449 1744 4453 -

494 4507 553 4561 et
580 4492 996 4559 annumeravit
1018 4505 1089 4546 ea
1111 4484 1256 4556 regi,
1285 4485 1351 4537 ut
1388 4478 1544 4533 esset
1569 4485 1748 4543 gener
1766 4466 1941 4537 regis.
1975 4460 2140 4518 Dedit
2175 4452 2216 4507 Ι)
2318 4466 2381 4525 Bg.
2414 4455 2533 4508 Deo
2564 4449 2804 4521 gratias.

1914 4556 1967 4561 μ.
2560 4538 2804 4561 LL--.

496 4549 941 4664 it'a'q-ueei—Saul
966 4549 1390 4664 Michol'ﬁliam
1416 4580 1589 4664 suam
1614 4572 1882 4664 uxorem.
1910 4556 1975 4664 lit
1994 4549 2140 4664 vidit

499 4638 774 4745 €511}:th-
792 4638 1074 4731 intellexit
1098 4661 1260 4739 quod
1286 4656 1569 4716 Dominus
1599 4654 1752 4707 esset
1773 4638 2134 4745 cﬁum‘David.

497 4728 926 4828 ili-chol'autem
943 4759 1063 4815 ﬁlia
1075 4728 1219 4812 saul
1237 4747 1690 4820 diligebateum.
1710 4741 1777 4793 Et
1790 4728 2138 4828 Saul_magis

500 4860 702 4916 timere
724 4853 901 4927 coepit
932 4845 1120 4906 David
1152 4864 1164 4904 :
1198 4818 1508 4910 factusque
1546 4834 1633 4887 est
1672 4825 1809 4886 Saul
1860 4818 2139 4927 inimicLus

500 4906 934 5005 Davidc—u'nbtis
954 4935 1188 4992 diebus.
1204 4933 1271 4986 Et
1290 4906 1511 4997 egressi
1531 4920 1671 4976 sunt
1686 4911 1984 5005 principes
2010 4906 2139 4962 Phi-

497 5033 874 5094 listhinorum
902 5049 915 5085 :
936 5043 973 5083 a
999 5018 1293 5098 principio
1315 5018 1515 5073 autem
1535 5001 1893 5078 egressionis
1908 5012 2140 5061 eorum,

498 5120 850 5201 prudentius
881 5132 943 5171 se
965 5084 1406 5185 gerebatDavid
1417 5113 1604 5200 quam
1625 5106 1833 5194 omnes
1853 5086 1965 5201 viri
1981 5084 2139 5149 Saul,

500 5176 557 5273 ξι
585 5210 814 5270 celebre
844 5204 1072 5262 factum
1110 5202 1439 5255 estnomen
1463 5189 1590 5261 ejus
1610 5182 1806 5241 nimis.
1835 5191 1899 5249 Βί.
1934 5176 2139 5230 Amen.

571 5304 870 5374 Hymnus.
909 5290 1107 5350 Noctis
1134 5293 1390 5374 tempus.
1434 5280 1644 5346 Quwre
1659 5274 1771 5345 fol.
1804 5274 1928 5374 ‘25:.

572 5356 874 5463 Edpitula.
922 5387 986 5440 In
1015 5381 1112 5437 die
1148 5356 1545 5432 tribulationis
1581 5370 1817 5434 nostra),
1874 5356 2143 5453 Domine,

499 5444 759 5554 precerm,
796 5490 983 5550 quam
1012 5464 1400 5528 effundimus,
1422 5455 1657 5527 suscipe
1690 5469 1702 5507 :
1728 5456 1785 5509 et
1812 5446 2068 5507 extensis
2085 5444 2147 5498 in

503 5540 674 5628 nocte
685 5540 1139 5633 manibusquae
1159 5549 1571 5615 desideramus
1586 5540 1763 5602 intelli
1771 5554 1875 5610 ge:
1904 5545 2148 5596 occurre

2318 4523 2381 4599 In
2412 4542 2525 4597 illis
2550 4538 2763 4595 diebus
2797 4552 2808 4592 :
2843 4537 3095 4591 Locutus
3125 4535 3215 4588 est
3235 4527 3374 4586 Saul
3405 4526 3483 4583 ad
3507 4526 3817 4583 Jonathan
3845 4523 3910 4580 ti-

2246 4633 2393 4689 lium
2422 4632 2691 4695 suum,et
2718 4625 3017 4682 adomnes
3045 4635 3244 4677 servos
3279 4632 3442 4683 suos,
3478 4620 3543 4671 ut
3563 4616 3910 4671 occiderent

2248 4721 2452 4779 David.
2488 4720 2668 4774 Porro
2697 4713 2985 4771 Jonathas
3016 4710 3171 4766 ﬁlius
3208 4705 3347 4764 Saul
3397 4703 3691 4773 diligebat
3715 4703 3908 4759 David

2246 4811 2440 4876 valde,
2476 4816 2531 4863 et
2554 4804 2839 4862 indicavit
2859 4800 3144 4858 Jonathas
3173 4794 3377 4860 David,
3402 4793 3609 4850 dicens
3635 4810 3648 4847 :
3686 4790 3911 4859 Quaerit

2251 4899 2391 4959 Saul
2420 4901 2586 4969 pater
2634 4910 2804 4949 meus
2833 4889 3101 4948 occidere
3129 4892 3183 4943 te
3212 4905 3224 4944 :
3255 4887 3621 4958 quapropter
3651 4882 3911 4937 observa

2252 4995 2324 5056 te,
2348 5002 2572 5063 quaeso,
2605 4999 2805 5053 mane,
2834 4986 2889 5037 et
2917 4976 3192 5036 manebis
3210 4974 3387 5040 clam,
3411 4982 3467 5028 et
3489 4968 3907 5028 absconderis.

2253 5058 2388 5151 Ego.
2400 5082 2600 5135 autem
2627 5072 2937 5145 egrediens
2969 5068 3137 5125 stabo
3146 5066 3317 5138 juxta
3340 5066 3568 5135 patrem
3593 5077 3823 5125 meum,
3850 5058 3911 5114 in

2253 5147 2398 5242 agro
2424 5167 2787 5236 ubicumque
2805 5158 2975 5217 fuerit
3000 5178 3012 5217 :
3039 5162 3222 5225 etego
3244 5154 3457 5225 loquar
3473 5150 3618 5206 dete
3647 5150 3807 5205 bona
3834 5147 3913 5204 ad

2254 5238 2486 5334 patrem
2528 5271 2772 5312 meum:
2804 5256 2859 5308 et
2884 5247 3309 5323 quodcumque
3353 5242 3578 5307 videro,
3613 5238 3915 5296 nuntiabo

2256 5327 2385 5404 tibi.
2418 5348 2789 5417 Locutusque
2806 5344 2893 5397 est
2912 5335 3199 5395 Jonathas
3219 5333 3293 5388 de
3308 5328 3497 5387 David
3515 5329 3686 5384 bona
3707 5327 3783 5383 ad
3810 5341 3917 5398 pa-

2257 5443 2408 5494 trem
2440 5452 2616 5491 suum
2658 5451 2668 5489 :
2695 5415 2970 5503 dixitque
3000 5425 3078 5483 ad
3104 5440 3243 5481 eum
3271 5436 3281 5477 :
3313 5423 3392 5477 Ne
3421 5434 3664 5492 pecces,
3690 5432 3818 5482 rex,
3849 5415 3916 5470 in

2257 5540 2499 5601 servum
2530 5528 2698 5583 tuum
2721 5498 2927 5582 David,
2958 5514 3101 5589 quia
3127 5527 3251 5570 non
3272 5508 3540 5583 peccavit
3568 5506 3701 5576 tibi,
3725 5498 3911 5575 285
