4094 6164
204 212 287 266 489
1356 203 1704 264 DOMINICA
1742 201 1813 258 IV
1852 200 2459 272 QUADRAGESIME.

3501 227 3608 286 490

204 336 361 409 235
384 337 638 408 etopera
653 334 781 406 ejus
797 333 1424 402 bonatibisuntvalde,
1445 336 1511 390 Et
1525 331 1720 423 posuit
1736 329 1852 386 ani-
1881 328 1928 383 A
1958 328 2230 423 verbium
2251 349 2264 388 :
2286 334 2440 394 Num
2455 342 2512 396 et
2550 338 2691 397 Saul
2721 339 2874 398 inter
2891 343 3214 416 prophetas
3238 347 3268 404 ?
3293 347 3455 422 (Cap.
3484 353 3609 423 xx.)

196 442 344 483 mam
357 441 534 482 suam
553 424 612 480 in
626 439 816 481 manu
831 428 951 495 tua,
966 429 1021 480 et
1052 422 1779 497 percussitPhilisthaeum,
1798 427 1854 480 et

194 515 309 570 fecit
324 514 602 569 Dominus
619 513 853 569 salutem
870 529 1126 583 magnam
1146 514 1412 569 universo
1434 509 1848 573 Israelzvidisti,

193 605 480 660 etlaetatus
503 620 580 657 es.
607 605 803 668 Quaere
817 618 956 673 ergo
973 619 1185 674 peccas
1204 601 1266 656 in
1288 598 1850 678 sanguineinnoxio,

188 693 546 750 interﬁciens
569 692 776 758 David,
801 691 903 765 qui
928 696 1017 747 est
1038 692 1270 764 absque
1290 691 1465 762 culpa
1486 692 1512 745 ί]
1536 688 1707 754 Quod
1725 704 1850 742 cum

192 783 460 839 audisset
477 783 636 846 Saul,
657 782 931 854 placatus
953 797 1099 836 voce
1115 779 1402 845 Jonathze,
1418 779 1639 850 juravit
1665 794 1676 831 :
1703 775 1854 831 Vivit

190 872 510 938 Dominus,
532 870 680 942 quia
700 885 822 925 non
845 868 1165 925 occidetur.
1199 867 1442 923 Vocavit
1458 867 1658 938 itaque
1674 865 1852 920 Jona-

184 958 325 1014 thas
355 958 540 1014 David
569 971 626 1014 et
657 957 944 1013 indicavit
967 957 1019 1012 ei
1046 955 1254 1012 omnia
1274 955 1461 1011 verba
1481 955 1608 1010 haec
1638 971 1649 1009 :
1679 961 1732 1009 et
1762 952 1848 1008 in-

179 1047 757 1103 troduxitJonathas
785 1046 972 1102 David
1003 1046 1078 1102 ad
1106 1045 1270 1111 Saul,
1305 1049 1360 1100 et
1386 1044 1494 1100 fuit
1522 1048 1657 1099 ante
1685 1059 1843 1107 eum,

173 1136 335 1191 sicut
355 1136 553 1192 fuerat
573 1135 702 1190 heri
729 1140 785 1190 et
813 1133 1264 1190 nudiustertius.
1297 1135 1514 1189 Motum
1536 1137 1622 1188 est
1646 1136 1846 1188 autem

169 1240 428 1279 rursum
457 1223 688 1279 bellum
721 1241 734 1278 :
768 1227 824 1278 et
876 1237 1152 1292 egressus
1185 1221 1394 1284 David,
1429 1220 1717 1292 pugnavit
1747 1219 1848 1275 ad-

170 1329 400 1369 versus
482 1310 844 1368 Philisthiim
917 1328 929 1366 :
997 1310 1410 1382 percussitque
1475 1325 1579 1364 eos
1644 1309 1845 1381 plaga-

168 1406 495 1472 magna,et
525 1401 827 1471 fugierunt
846 1415 882 1455 a
906 1399 1052 1455 facie
1080 1399 1229 1469 ejus.
1261 1401 1322 1452 Et
1351 1397 1545 1453 factus
1570 1402 1657 1452 est
1681 1396 1847 1468 spiri-

169 1498 269 1547 tus
294 1490 543 1546 Domini
559 1489 763 1544 malus
795 1488 854 1544 in
878 1487 1020 1544 Saul
1048 1505 1062 1543 :
1089 1486 1336 1542 sedebat
1355 1490 1554 1542 autem
1576 1486 1634 1540 in
1662 1486 1844 1542 domo

166 1597 303 1644 sua,
359 1585 419 1635 et
470 1579 712 1635 tenebat
762 1577 1037 1634 lanceam
1075 1594 1088 1632 :
1118 1592 1300 1648 porro
1333 1575 1521 1632 David
1553 1575 1846 1648 psallebat

1962 414 2132 514 Fugit
2151 425 2342 480 autem
2365 427 2554 485 David
2573 428 2648 485 de
2670 429 2901 502 Naioth,
2920 414 3056 502 quae
3081 435 3282 492 eratin
3297 414 3602 514 Ramatha,

1958 507 2326 584 veniensque
2353 516 2586 574 locutus
2615 522 2706 575 est
2732 533 2930 576 coram
2945 519 3202 580 Jonatha
3227 541 3239 580 :
3274 526 3428 592 Quid
3447 507 3603 588 feci‘i

1963 609 2094 661 quae
2117 605 2204 656 est
2224 601 2504 677 iniquitas
2523 624 2676 673 mea,
2705 611 2761 664 et
2781 608 2945 681 quod
2970 615 3284 681 peccatum
3316 631 3515 674 meum
3539 619 3603 676 in

1961 689 2189 754 patrem
2211 695 2397 758 tuum,
2413 696 2556 767 quia
2574 697 2786 768 quaerit
2799 698 3067 755 animam
3079 715 3278 756 meam
3294 703 3322 756 ?
3337 705 3606 769 Quidixit

1959 771 2010 826 ei
2044 790 2056 826 :
2098 777 2283 848 Absit,
2312 797 2434 838 non
2464 784 2737 840 morieris
2767 803 2779 842 :
2814 802 3009 859 neque
3049 788 3209 844 enim
3238 789 3416 848 faciet
3439 797 3605 864 pater

1957 875 2127 917 meus
2141 868 2320 942 quicq
2329 873 2478 944 uaml
2486 872 2714 942 grande
2731 873 2824 930 vel
2851 890 3124 947 parvum,
3150 877 3264 934 nisi
3276 879 3445 951 prius
3459 879 3606 937 indi-

1957 953 2175 1010 caverit
2194 958 2342 1014 mihi
2377 979 2389 1012 :
2411 960 2573 1017 hunc
2598 978 2741 1034 ergo
2766 963 2979 1021 celavit
2997 969 3167 1037 pater
3185 983 3358 1024 meus
3383 985 3609 1029 sermo-

1956 1050 2096 1093 nem
2138 1058 2233 1098 me
2264 1050 2680 1107 tantummodo
2711 1055 2736 1105 .9
2766 1067 3152 1125 nequaquam
3180 1055 3287 1112 erit
3312 1056 3491 1114 istud.
3539 1062 3607 1117 Et

1949 1128 2172 1199 juravit
2196 1149 2433 1193 rursum
2454 1138 2681 1195 Davidi.
2717 1143 2783 1196 Et
2810 1140 2906 1196 ille
2926 1141 3006 1199 ait
3038 1160 3051 1198 :
3085 1143 3202 1201 Scit
3219 1145 3484 1216 profecto
3500 1161 3605 1220 pa-

1954 1223 2039 1275 ter
2061 1223 2218 1286 tuus,
2243 1224 2386 1295 quia
2410 1226 2607 1282 inveni
2625 1229 2882 1297 gratiam
2902 1231 2964 1285 in
2981 1231 3167 1288 oculis
3193 1233 3326 1298 tuis,
3350 1235 3559 1293 etdicit
3584 1250 3599 1292 :

1955 1309 2304 1367 Nesciathoc
2320 1315 2628 1385 Jonathas,
2647 1332 2714 1372 ne
2736 1318 2883 1374 forte
2909 1320 3300 1377 contristetur.
3334 1324 3603 1389 Quinimo

1957 1397 2095 1452 vivit
2129 1401 2425 1468 Dominus,
2448 1409 2504 1460 et
2526 1404 2669 1460 vivit
2689 1407 2882 1462 anima
2899 1411 3020 1474 tua,
3049 1407 3195 1480 quia
3221 1425 3343 1466 uno
3370 1416 3604 1470 tantum

1954 1485 2038 1556 (ut
2060 1486 2249 1560 itaque
2265 1489 2471 1555 dicam)
2489 1492 2815 1565 gradu,ego
2831 1511 3095 1568 morsque
3116 1495 3605 1559 dividimur.Etait

1950 1577 2234 1635 Jonathas
2247 1580 2324 1636 ad
2339 1581 2526 1637 David
2545 1599 2557 1636 :
2577 1584 2999 1658 Quodcumque
3013 1585 3224 1644 dixerit
3239 1588 3385 1644 mihi
3400 1591 3607 1647 anima

167 1669 232 1725 in
259 1684 454 1724 manu
489 1684 620 1722 sua.
656 1667 945 1738 Nisusque
975 1670 1061 1722 est
1085 1666 1223 1722 Saul
1250 1666 1545 1734 configere
1570 1665 1843 1720 lanceam
1877 1672 1921 1726 B
1950 1668 2072 1731 tua,
2093 1667 2309 1725 faciam
2341 1670 2462 1726 tibi.
2507 1671 2656 1728 Dixit
2684 1677 2888 1730 autem
2918 1675 3107 1731 David
3145 1677 3223 1732 ad
3253 1679 3552 1736 Jonathan
3589 1696 3604 1736 :

171 1757 370 1813 David
400 1757 462 1812 in
491 1756 730 1828 pariete,
763 1760 818 1811 et
841 1754 1158 1816 declinavit
1179 1771 1214 1810 a
1234 1754 1381 1810 facie
1413 1754 1554 1810 Saul
1587 1770 1598 1808 :
1633 1757 1844 1810 lancea

172 1854 391 1902 autem
419 1861 592 1901 casso
647 1844 891 1899 vulnere
935 1844 1162 1916 perlata
1213 1847 1304 1898 est
1355 1843 1415 1897 in
1447 1842 1755 1914 parietem,
1788 1847 1843 1898 et

173 1934 379 1992 David
410 1934 556 2004 fugit
588 1937 643 1989 et
683 1933 948 1989 salvatus
997 1938 1086 1989 est
1119 1936 1290 1988 nocte
1320 1931 1438 1988 illa.
1471 1931 1618 1987 Misit
1647 1937 1843 1988 autem

169 2024 323 2081 Saul
359 2023 648 2079 satellites
680 2038 822 2078 suos
852 2027 1022 2077 nocte
1049 2023 1108 2076 in
1139 2021 1391 2076 domum
1421 2020 1707 2090 David,ut
1737 2037 1842 2075 cu-

167 2114 507 2170 stodierent
531 2129 694 2175 eum,
723 2119 780 2167 et
829 2110 1254 2167 interﬁceretur
1285 2125 1475 2165 mane.
1507 2110 1679 2174 Quod
1705 2127 1844 2165 cum

167 2201 803 2261 annuntiassetDavid
825 2200 1032 2257 Michol
1057 2216 1207 2255 uxor
1238 2216 1368 2264 sua,
1415 2199 1620 2254 dicens
1672 2215 1689 2252 :
1723 2199 1844 2254 Nisi

170 2292 509 2350 salvaveris
536 2296 592 2347 te
620 2295 788 2346 nocte
813 2290 948 2359 hac,
976 2305 1106 2344 cras
1136 2287 1404 2344 morieris
1433 2306 1445 2344 :
1490 2293 1545 2343 et
1566 2288 1846 2360 deposuit

175 2400 312 2439 eum
339 2398 453 2454 per
475 2381 671 2436 fesnes
685 2385 853 2436 tram.
883 2380 1064 2435 Porro
1083 2377 1179 2433 ille
1206 2378 1368 2445 abiit,
1391 2381 1448 2433 et
1468 2377 1632 2448 fugit,
1656 2382 1712 2433 et
1738 2378 1846 2434 sal-

172 2477 350 2528 vatus
397 2476 510 2527 est.
569 2470 718 2527 Tulit
767 2473 963 2526 autem
994 2465 1212 2524 Michol
1259 2471 1540 2534 statuam,
1570 2471 1625 2522 et
1651 2468 1850 2539 posuit

175 2578 306 2618 eam
361 2576 552 2633 super
606 2560 852 2625 lectum,
909 2563 966 2614 et
994 2555 1209 2630 pellem
1242 2556 1500 2629 pilosam
1528 2571 1846 2627 caprarum

177 2652 374 2722 posuit
397 2649 482 2706 ad
514 2654 696 2721 caput
731 2648 878 2719 ejus,
909 2653 965 2702 et
1015 2647 1249 2718 operuit
1294 2661 1428 2701 eam
1461 2645 1843 2701 vestimentis.

177 2740 327 2796 Misit
350 2745 565 2795 autem
595 2741 736 2794 Saul
770 2736 1160 2808 apparitores,
1185 2734 1288 2808 qui
1312 2739 1586 2806 raperent
1612 2734 1798 2790 David
1831 2752 1844 2790 :

181 2835 232 2885 et
253 2843 633 2901 responsum
651 2825 916 2899 estquod
935 2827 1265 2895 aegrotaret.
1290 2827 1666 2896 Rursumque
1689 2823 1851 2878 misit

181 2918 324 2974 Saul
371 2917 644 2984 nuntios,
686 2921 751 2971 ut
779 2914 1050 2970 viderent
1079 2913 1288 2982 David,
1344 2913 1548 2968 dicens
1583 2930 1595 2968 :
1636 2913 1847 2968 Aﬂerte

182 3023 319 3062 eum
342 3006 426 3062 ad
438 3021 537 3060 me
556 3007 616 3059 in
638 3004 812 3071 lecto,
835 3007 899 3059 ut
919 3003 1242 3059 occidatur.
1264 3006 1531 3073 Cumque
1551 3001 1849 3057 venissent
1881 3025 1922 3081 ο

185 3097 378 3152 nuntii
406 3097 726 3150 inventum
753 3097 842 3149 est
873 3092 1302 3148 simulachrum
1327 3107 1507 3162 super
1532 3091 1771 3158 lectum,
1793 3096 1849 3147 et

185 3185 353 3256 pellis
388 3199 718 3255 caprarum
740 3181 816 3236 ad
840 3178 1468 3252 caputejus.Dixitque
1497 3180 1634 3236 Saul
1653 3180 1728 3235 ad
1751 3179 1846 3235 Mi-

183 3275 312 3329 chol
347 3291 359 3328 :
395 3275 595 3338 Quare
625 3271 708 3325 sic
731 3269 990 3325 inlusisti
1017 3285 1132 3333 me,
1158 3268 1511 3323 etdimisisti
1535 3269 1842 3324 inimicum

185 3367 487 3429 meum,ut
541 3360 768 3429 fugeret
812 3358 840 3413 ?
883 3361 945 3414 Et
973 3357 1282 3429 respondit
1313 3357 1514 3414 Michol
1545 3357 1622 3413 ad
1656 3357 1793 3413 Saul
1827 3377 1838 3416 :

184 3453 330 3518 Quia
359 3453 492 3523 ipse
531 3450 765 3505 locutus
814 3451 901 3504 est
926 3446 1068 3503 mihi
1103 3463 1112 3499 :
1149 3445 1380 3501 Dimitte
1415 3462 1529 3514 me,
1575 3447 1839 3519 alioquin

184 3540 541 3596 interﬂciam
565 3543 639 3594 te.
670 3537 854 3593 David
879 3540 1082 3593 autem
1110 3534 1359 3604 fugiens,
1396 3536 1664 3591 salvatus
1683 3540 1768 3590 est
1789 3543 1844 3592 et

185 3632 340 3686 venit
356 3629 439 3686 ad
463 3626 706 3684 Samuel
726 3627 784 3682 in
801 3626 1100 3690 Ramathe,
1125 3629 1181 3680 et
1201 3625 1561 3681 renuntiavit
1581 3626 1630 3681 ei
1649 3626 1844 3681 omnia

186 3736 315 3791 quae
340 3719 568 3774 fecerat
588 3717 700 3771 sibi
726 3714 863 3772 Saul
892 3730 904 3769 :
929 3719 984 3770 et
1002 3713 1414 3785 abieruntipse
1436 3717 1764 3778 etSamuel,
1789 3717 1844 3770 et

187 3808 400 3864 morati
429 3811 568 3861 sunt
589 3805 650 3860 in
675 3804 907 3860 Naiotb.
935 3802 1282 3858 Nuntiatum
1305 3807 1392 3856 est
1410 3807 1601 3857 autem
1632 3801 1788 3858 Sauli
1812 3819 1843 3856 a

186 3896 523 3953 dicentibus
583 3913 595 3949 :
649 3897 791 3950 Ecce
847 3893 1032 3949 David
1062 3893 1122 3947 in
1170 3892 1381 3947 Naioth
1437 3890 1497 3945 in
1529 3891 1842 3946 Ramatba.

185 3987 329 4042 Misit
359 4002 507 4055 ergo
563 3983 705 4039 Saul
743 3983 999 4048 lictores,
1036 3985 1099 4037 ut
1155 3985 1431 4052 raperent
1481 3979 1662 4034 David
1698 3980 1842 4052 :qui

187 4091 330 4129 cum
354 4073 642 4128 vidissent
667 4087 928 4128 cuneum
951 4070 1382 4142 prophetarum
1403 4069 1842 4124 vaticinantium

189 4167 250 4217 et
270 4161 513 4216 Samuel
539 4167 790 4217 stentem
819 4176 992 4232 super
1022 4176 1146 4229 eos,
1175 4158 1365 4214 factus
1395 4164 1482 4214 est
1508 4159 1686 4214 etiam
1720 4159 1842 4230 Spi-

179 4252 340 4307 ritus
374 4250 601 4305 Domini
623 4252 684 4306 in
714 4250 846 4314 illis,
872 4254 927 4305 et
952 4248 1306 4320 prOphetare
1329 4253 1638 4320 coeperunt
1660 4247 1839 4303 etiam

176 4342 321 4414 ipsi.
353 4341 527 4406 Quod
549 4357 687 4396 cum
710 4340 1047 4396 nuntiatum
1066 4344 1216 4394 esset
1237 4337 1414 4402 Sauli,
1448 4339 1604 4392 misit
1626 4338 1839 4392 etalios
1875 4375 1921 4430 Ι)

176 4432 433 4486 nuntios
462 4446 475 4483 ε
513 4429 1022 4500 prOphetaverunt
1050 4432 1250 4482 autem
1281 4431 1336 4481 et
1379 4426 1478 4481 illi.
1512 4429 1573 4482 Et
1599 4441 1838 4480 rursum

174 4521 340 4576 misit
370 4521 515 4575 Saul
543 4523 740 4572 tertios
771 4519 1014 4572 nuntios
1046 4532 1057 4571 :
1097 4517 1198 4587 qui
1221 4521 1277 4570 et
1308 4516 1418 4587 ipsi
1449 4516 1840 4587 prOphetave-

172 4615 337 4665 runt.
373 4610 441 4663 Et
470 4607 662 4662 iratus
687 4605 996 4661 iracundia
1023 4604 1193 4669 Saul,
1245 4605 1387 4660 abiit
1416 4605 1595 4660 etiam
1623 4605 1753 4676 ipse
1782 4604 1841 4659 in

174 4698 505 4764 Ramatha,
556 4701 612 4752 et
641 4697 802 4752 venit
831 4712 1017 4767 usque
1045 4694 1124 4750 ad
1162 4695 1477 4750 cisternam
1531 4711 1840 4767 magnam,

175 4804 290 4859 que
317 4793 412 4843 est
439 4786 505 4841 in
537 4785 751 4848 Socho,
783 4788 839 4840 et
862 4783 1265 4853 interrogavit,
1295 4789 1350 4838 et
1376 4782 1522 4838 dixit
1581 4800 1594 4838 :
1636 4787 1699 4839 ln
1729 4798 1844 4855 quo

180 4876 308 4934 loco
352 4880 496 4932 sunt
527 4872 767 4932 Samuel
819 4877 875 4929 et
917 4872 1099 4929 David
1150 4870 1551 4945 ?Dictumque
1598 4877 1689 4930 est
1743 4873 1841 4928 ei:

183 4967 318 5022 Ecce
390 4966 454 5020 in
517 4962 731 5019 Naioth
782 4966 920 5018 sunt
970 4961 1029 5017 in
1113 4962 1422 5019 Ramatha.
1483 4966 1548 5018 Et
1592 4960 1733 5018 abiit
1783 4961 1844 5014 in

181 5053 388 5110 Naioth
437 5054 504 5109 in
558 5051 870 5114 Ramatha,
935 5056 990 5106 et
1033 5050 1222 5106 factus
1289 5055 1377 5106 est
1434 5051 1609 5106 etiam
1668 5063 1846 5120 super

179 5157 312 5199 eum
347 5142 614 5215 Spiritus
652 5138 904 5204 Domini,
963 5143 1019 5195 et
1076 5137 1426 5194 ambulabat
1481 5138 1841 5212 ingrediens,

177 5239 224 5288 et
255 5230 672 5305 prophetabat
717 5243 909 5300 usque
965 5226 1112 5282 dum
1162 5227 1386 5282 veniret
1414 5227 1474 5282 in
1512 5229 1718 5284 Naioth
1780 5232 1842 5290 in

178 5323 499 5378 Ramatha.
530 5322 592 5375 Et
625 5316 945 5390 expoliavit
973 5331 1035 5370 se
1075 5315 1253 5371 etiam
1293 5315 1423 5388 ipse
1478 5321 1838 5378 vestimentis

176 5413 323 5476 suis,
358 5416 416 5469 et
445 5406 982 5483 prophetavitcum
999 5404 1224 5460 caeteris
1244 5420 1450 5463 coram
1500 5409 1760 5478 Samuel,
1780 5416 1839 5470 et

169 5502 388 5561 cecinit
415 5497 627 5559 nudus
647 5500 767 5554 tota
782 5494 898 5561 die,
931 5497 988 5551 et
1016 5497 1207 5554 nocte.
1238 5495 1402 5554 Unde
1427 5499 1483 5558 et
1499 5497 1677 5557 exivit
1704 5515 1836 5573 pro-

470 5591 716 5647 ΡΑτειοι..
762 5583 1052 5643 LXXXVI.

1953 1758 2096 1812 Ecce
2128 1757 2391 1815 calendas
2421 1764 2562 1817 sunt
2589 1762 2871 1832 crastino,
2893 1768 2951 1820 et
2975 1779 3088 1834 ego
3113 1777 3185 1820 ex
3210 1781 3375 1822 more
3396 1767 3602 1824 sedere

1952 1844 2113 1900 soleo
2128 1845 2300 1917 juxta
2319 1863 2519 1920 regem
2542 1851 2622 1906 ad
2652 1850 3016 1908 vescendum
3049 1869 3066 1907 :
3095 1852 3326 1912 dimitte
3341 1869 3484 1926 ergo
3505 1872 3604 1913 me

1950 1937 2015 1988 ut
2046 1933 2384 1992 abscondar
2407 1937 2467 1992 in
2494 1952 2639 2008 agro
2655 1954 2848 2011 usque
2872 1939 2950 1996 ad
2972 1956 3290 2013 vesperum
3302 1941 3417 2000 diei
3429 1945 3600 2001 tertii.

1953 2024 2011 2079 Si
2033 2025 2354 2096 respiciens
2373 2027 2706 2099 requisierit
2737 2044 2834 2085 me
2861 2034 3031 2102 pater
3049 2032 3606 2104 tuus,respondebis

1953 2111 2004 2166 ei
2031 2129 2042 2163 :
2069 2114 2318 2184 Rogavit
2335 2131 2431 2170 me
2456 2117 2663 2182 David,
2683 2120 2748 2174 ut
2771 2116 2881 2174 iret
2910 2117 3173 2174 celeriter
3189 2119 3250 2174 in
3269 2120 3606 2178 Bethlehem

1953 2200 2249 2258 civitatem
2279 2220 2452 2261 suam
2490 2221 2503 2261 :
2537 2206 2681 2278 quia
2705 2205 2964 2263 victimae
3013 2207 3310 2264 solemnes
3362 2208 3447 2266 ibi
3468 2212 3609 2267 sunt

1954 2290 2245 2347 universis
2266 2293 2702 2351 contribulibus
2727 2295 2877 2367 ejus.
2909 2296 2966 2352 Si
2995 2295 3229 2364 dixerit,
3258 2300 3412 2355 Bene
3445 2315 3457 2355 :
3487 2315 3606 2372 pax

1955 2379 2062 2434 erit
2086 2395 2256 2436 servo
2287 2386 2390 2438 tuo
2445 2399 2458 2437 :
2519 2381 2571 2439 si
2603 2389 2807 2441 autem
2834 2384 3012 2441 fuerit
3036 2384 3242 2452 iratus,
3275 2387 3420 2444 scito
3462 2388 3609 2460 quia

1956 2469 2252 2540 completa
2277 2476 2363 2526 est
2393 2472 2620 2529 malitia
2647 2473 2923 2544 ejus.Fac
2954 2490 3096 2545 ergo
3123 2474 3609 2534 misericordiam

1956 2555 2015 2611 in
2046 2573 2286 2613 servum
2305 2563 2473 2614 tuum
2504 2576 2515 2615 :
2542 2562 2686 2632 quia
2710 2561 2900 2617 foedus
2929 2562 3165 2619 Domini
3184 2579 3282 2620 me
3311 2565 3606 2624 famulum

1957 2647 2125 2700 tuum
2155 2650 2350 2701 tecum
2373 2647 2521 2703 inire
2553 2649 2758 2704 fecisti.
2795 2660 2861 2719 ἢ.
2903 2655 3112 2706 Amen.

2027 2735 2364 2804 Antiphone
2398 2741 2446 2790 1.
2469 2736 2624 2792 Deus
2655 2736 2839 2793 vitam
2857 2753 3056 2794 meam
3075 2741 3427 2798 annuntiavi
3459 2741 3557 2798 tibi
3588 2757 3604 2803 :

1956 2822 2208 2892 posuisti
2235 2823 2536 2896 lacrymas
2567 2840 2733 2881 meas
2764 2825 2825 2881 in
2841 2831 3168 2898 conspectu
3191 2830 3314 2895 tuo,
3337 2829 3602 2886 Domine.

1959 2910 2116 2966 Sicut
2136 2910 2197 2965 in
2225 2912 2687 2983 repromissione
2721 2919 2839 2977 tua,
2865 2914 3023 2970 Deus
3046 2915 3200 2970 Deus
3225 2932 3433 2973 meus:
3462 2932 3606 2975 con-

1957 3003 2258 3056 vertantur
2310 3000 2538 3058 inimici
2579 3002 2696 3058 mei
2725 3008 2900 3059 retro.
2930 3003 2994 3064 V.
3027 3005 3295 3061 Miserere
3323 3007 3468 3063 mihi
3499 3007 3608 3064 Do-

1957 3090 2136 3154 mine,
2161 3091 2450 3163 quoniam
2479 3091 2851 3148 conculcavit
2875 3108 2972 3149 me
2993 3094 3177 3151 homo
3198 3113 3210 3151 :
3239 3099 3359 3153 tota
3378 3096 3473 3153 die
3488 3096 3609 3154 bel-

1954 3179 2085 3236 lans
2115 3181 2412 3238 tribulavit
2443 3199 2558 3240 me.

2029 3269 2206 3342 286
2235 3271 2456 3329 Oratio.
2495 3275 2648 3327 Deus
2677 3272 2854 3329 vitam
2886 3277 3155 3329 nostram
3171 3275 3604 3332 annuntiamus

1955 3359 2077 3426 tibi,
2105 3361 2393 3432 quoniam
2461 3360 2690 3417 inferna
2747 3361 3062 3418 moriendo
3093 3362 3283 3418 vicisti
3311 3380 3324 3418 :
3350 3367 3414 3418 tu
3442 3364 3602 3421 enim

1952 3448 2148 3519 firma,
2176 3466 2312 3522 quae
2345 3454 2548 3506 nostra
2580 3449 2862 3518 agnoscis
2885 3465 2900 3516 ;
2921 3449 3026 3520 qui
3047 3449 3602 3523 solusinspectores

1952 3537 2146 3593 cordis
2180 3556 2191 3594 :
2225 3539 2379 3594 Pone
2408 3553 2760 3611 quaesumus
2790 3538 2850 3593 in
2880 3544 3204 3611 conspectu
3243 3543 3345 3597 tuo
3371 3539 3604 3614 lachry-

1952 3643 2083 3682 mas
2111 3632 2346 3683 nostras
2380 3645 2392 3682 :
2423 3625 2972 3698 utrepromissionis
2994 3628 3599 3700 percipiantdonum;

1951 3715 2097 3771 dum
2130 3732 2231 3787 per
2261 3731 2393 3771 eam
2445 3720 2720 3772 sanctum
2773 3716 3185 3788 paraverimus
3216 3717 3603 3788 indulgentia:

1952 3803 2229 3860 fructum.
2262 3815 2325 3874 Br.
2352 3804 2559 3859 Amen.

2020 3895 2068 3948 Α
2081 3894 2366 3962 ηιὶρΙιοηα
2388 3897 2439 3948 2.
2461 3896 2586 3948 Non
2604 3892 2959 3950 erubescant
2973 3892 3033 3949 in
3052 3909 3147 3949 me
3164 3895 3268 3966 qui
3286 3899 3602 3967 expectant

1952 3986 2003 4037 te
2019 3983 2288 4050 Domine,
2314 3983 2468 4037 Deus
2490 3982 2793 4038 virtutum.
2814 3982 3112 4048 Quoniam
3130 3990 3373 4055 propter
3391 3989 3445 4041 te
3467 4001 3606 4057 por.

1951 4072 2068 4127 tavi
2099 4071 2490 4143 obprobrium
2525 4088 2538 4127 :
2570 4072 2805 4144 operuit
2829 4070 3102 4128 confusio
3123 4072 3336 4131 faciem
3365 4091 3589 4132 meam.

1950 4161 2173 4216 Accede
2189 4177 2371 4229 nunc,
2393 4161 2661 4226 Domine,
2681 4160 2758 4216 ad
2775 4159 3046 4216 animam
3065 4177 3284 4228 meam,
3307 4169 3359 4219 et
3376 4163 3600 4223 redime

1952 4265 2084 4306 eam
2107 4265 2118 4304 :
2147 4255 2378 4321 propter
2398 4250 2671 4306 inimicos
2693 4266 2858 4306 meos
2875 4249 3062 4306 libera
3084 4266 3199 4306 me.
3219 4251 3280 4311 νγ.
3312 4254 3601 4318 Quoniam

1951 4339 2106 4393 zelus
2129 4339 2344 4393 domus
2374 4343 2484 4394 tuae
2513 4337 2772 4394 comedit
2798 4354 2893 4393 me
2922 4358 2934 4396 :
2967 4345 3022 4424 et
3042 4338 3363 4411 obprobrie
3386 4358 3600 4416 expro-

1951 4428 2251 4482 brantium
2282 4427 2401 4491 tibi,
2430 4426 2768 4483 ceciderunt
2796 4440 2977 4498 super
3010 4443 3125 4482 me.

2024 4516 2247 4572 Oratio.
2281 4519 2408 4572 Non
2433 4515 2787 4571 erubescant
2825 4516 2884 4570 in
2930 4515 3104 4572 nobis
3154 4515 3403 4574 Domine
3444 4520 3599 4574 Deus

1953 4607 2250 4670 virtutum,
2275 4605 2376 4677 qui
2402 4610 2453 4660 te
2475 4610 2790 4676 expectant
2807 4605 2880 4660 de
2901 4604 3182 4660 humanis
3205 4607 3429 4662 actibus
3449 4607 3600 4675 judi-

1954 4696 2110 4751 cium
2139 4710 2269 4750 esse
2300 4693 2596 4750 facturum
2627 4711 2638 4745 :
2670 4697 2731 4749 ut
2758 4693 2958 4749 Crucis
2983 4698 3099 4749 tusi
3119 4693 3385 4766 potentia
3403 4693 3600 4766 etpla-

1955 4785 2098 4842 citos
2121 4800 2232 4840 nos
2249 4781 2354 4839 tibi
2375 4781 2682 4854 operarios
2705 4780 2914 4838 salutis
2934 4781 3230 4848 exhibeat,
3261 4786 3316 4837 et
3348 4781 3600 4839 caelestis

1953 4874 2174 4930 militiae
2201 4873 2429 4930 curiam
2467 4871 2542 4928 de
2573 4872 2790 4928 nostris
2831 4871 3068 4928 actibus
3097 4870 3430 4930 contristari
3476 4889 3602 4933 non

1955 4963 2127 5019 sinat.
2157 4974 2218 5034 ἢ.
2248 4967 2457 5018 Amen.

2025 5052 2371 5122 Antiphona
2402 5054 2453 5107 3.
2488 5050 2713 5120 Lingua
2738 5064 2875 5106 mea
2903 5046 3289 5107 meditabitur
3312 5051 3602 5123 justitiam

1955 5141 2389 5208 tuam,Domine
2414 5157 2425 5191 :
2452 5143 2572 5194 tota
2593 5138 2688 5193 die
2709 5137 2950 5194 laudem
2972 5142 3140 5195 tuam
3162 5156 3177 5196 :
3199 5140 3341 5196 dum
3367 5142 3603 5198 confusi

1955 5237 2010 5287 et
2032 5230 2262 5286 reveriti
2293 5227 2508 5284 fuerint
2531 5243 2741 5284 omnes
2773 5228 2875 5300 qui
2904 5235 3180 5301 quaerunt
3209 5229 3370 5286 mala
3421 5231 3590 5288 mihi.

1955 5321 2015 5383 tr.
2052 5321 2205 5376 Deus
2231 5319 2291 5373 in
2317 5323 2366 5373 te
2390 5318 2642 5390 speravi,
2671 5317 2940 5386 Domine,
2971 5334 3093 5375 non
3119 5319 3512 5378 confundatur
3539 5321 3602 5377 in

1955 5417 2262 5476 aeternum,
2293 5407 2390 5482 qui
2422 5407 2650 5466 habitat
2678 5408 2741 5464 in
2771 5408 3160 5464 Hierusalem.

2027 5499 2433 5571 n.1’osuerunt
2461 5513 2557 5557 me
2587 5495 2809 5558 inimici
2857 5493 2974 5554 mei
3030 5493 3092 5553 in
3150 5497 3430 5567 angustia
3493 5504 3599 5560 :et
