4094 6164
550 219 645 276 491

1812 205 2265 273 BREVIARIUM
2306 203 2700 266 GOTHICUM.
3783 231 3862 288 κη

551 341 938 400 amaritudini
971 342 1211 399 tradidit
1234 358 1351 413 me,
1386 358 1570 415 quem
1599 340 1946 412 diligebam.
1971 338 2038 395 P.
2062 336 2197 394 Sine
2227 321 2273 387 Α
2312 350 2431 399 mo,
2447 337 2500 390 et
2526 336 2862 406 tempestate
2879 333 3336 398 salvemur:Qui
3355 345 3865 412 ergonunclocorum

549 445 734 488 causa
760 429 1088 486 vulneravit
1109 446 1206 486 me
1240 447 1253 486 :
1277 433 1340 486 tu
1371 430 1620 486 Domine
1641 429 1828 486 libera
1848 444 1963 485 me.
1985 427 2047 488 δι’.
2078 427 2200 480 Ete-

547 517 675 574 nim
691 519 874 574 homo
896 519 1059 590 pacis
1077 535 1244 584 meae,
1275 520 1334 574 in
1373 535 1555 590 quem
1578 533 1688 588 ego
1712 518 2025 590 sperabam
2049 531 2060 567 :
2093 511 2197 585 qui

547 606 762 662 edebat
785 623 970 678 panes
1002 622 1190 662 meos.
1225 609 1296 661 P.
1329 607 1485 662 Sine.

619 697 838 751 Preces.
863 697 1165 764 Rogamus
1183 700 1256 759 te,
1278 695 1399 749 Rex
1418 695 1777 750 saeculorum
1801 694 1956 747 Deus
1971 692 2194 754 sancte,

545 781 609 835 P.
672 784 808 838 Jam
837 782 1112 838 miserere
1141 800 1152 837 :
1217 784 1598 854 peccavimus
1630 781 1752 837 tibi.
1787 781 1849 841 ἦν.
1883 783 2018 836 Jesu
2050 776 2196 832 Red-

547 875 797 943 emptor,
825 872 929 944 qui
958 872 1120 927 solus
1155 871 1397 928 victima
1447 871 1642 927 factus
1671 887 1733 926 es
1764 870 2014 936 mundo,
2045 865 2195 921 Patri

544 960 908 1028 gratissima,
942 974 1052 1014 nos
1082 959 1341 1014 clemens
1365 963 1430 1015 tu
1461 959 1663 1014 libera.
1699 958 1765 1015 P.
1791 959 1943 1013 Jam.
1975 955 2039 1015 ν.
2071 957 2197 1020 Quo

544 1046 855 1116 moriente,
887 1052 1038 1101 terra
1062 1047 1436 1111 contremuit,
1457 1063 1488 1102 e
1505 1046 1911 1103 monumentis
1937 1041 2199 1116 sepultos

545 1135 782 1204 pariens
813 1133 890 1190 ad
914 1134 1096 1190 ﬁdem
1121 1135 1509 1191 credentium.
1538 1138 1600 1191 P.
1632 1138 1784 1191 lam.
1814 1135 1874 1194 ν.
1904 1133 2014 1199 Qui
2037 1132 2097 1188 in
2117 1147 2202 1185 se-

543 1221 796 1292 pulchro
821 1223 1076 1293 quiescis
1104 1224 1357 1294 positus,
1390 1231 1491 1280 tua
1525 1224 1721 1296 quiete
1751 1229 2020 1279 mortuos
2049 1219 2196 1276 refo-

543 1325 668 1374 ves,
691 1310 924 1366 inferna
944 1312 1300 1382 percutiens.
1326 1315 1557 1369 P.Jam.
1585 1312 1646 1373 2'.
1699 1313 1810 1378 Qui
1844 1309 2201 1384 sepulchrali

543 1397 744 1469 lapide
761 1398 1076 1466 clauderis,
1095 1405 1152 1456 et
1168 1416 1264 1455 res
1274 1402 1434 1471 urgis
1453 1401 1802 1457 custodibus
1825 1399 2042 1457 nesciis
2065 1414 2202 1470 pur-

547 1503 623 1557 ga
650 1502 761 1542 nos
792 1503 828 1542 a
857 1487 1028 1542 vitiis.
1072 1488 1138 1545 P.
1163 1491 1316 1544 Jam.

614 1575 895 1646 Hymnus.
928 1578 971 1632 Ο
1004 1580 1320 1644 Nazarene,
1353 1577 1478 1634 lux.
1501 1580 1614 1648 fol.
1647 1578 1767 1635 144.

2309 426 2708 494 praeparatam
2722 424 2986 495 requiem
3005 428 3400 494 expectamus
3423 441 3444 494 ;
3459 429 3635 497 praebe
3646 435 3796 505 nobis,
3813 449 3861 501 ut

2308 516 2574 582 exempto
2602 512 2872 566 humano
2895 512 3166 583 strepitu,
3209 511 3269 564 in
3302 511 3426 568 sola
3446 513 3737 578 dulcedinis
3773 533 3858 586 tua

2306 600 2802 671 contemplatione
2843 598 3116 654 laetimur.
3148 611 3209 669 Br.
3241 603 3446 656 Amen.

2379 687 2548 758 287
2581 687 2911 758 Antiphona
2925 693 2955 744 3
2968 689 3230 758 .Protege
3248 692 3860 760 me,Domine,aconven-

2304 778 2366 832 tu
2383 777 2842 845 malignantium
2873 781 2958 832 :et
2987 791 3023 832 a
3041 776 3414 832 multitudine
3442 785 3859 851 operantiumini.

2305 865 2594 937 quitatem
2615 864 2802 921 libera
2826 880 2942 920 me.
2974 865 3037 926 )7.
3063 865 3233 937 Eripe
3253 880 3352 920 me
3370 865 3600 925 Domine
3627 872 3696 928 ab
3717 874 3860 934 homi.

2305 968 2380 1008 ne
2402 953 2562 1010 malo
2594 969 2607 1007 :
2635 969 2671 1009 a
2708 954 2837 1009 viro
2869 953 3077 1025 iniquo
3091 959 3147 1008 et
3167 953 3375 1009 doloso
3398 953 3575 1012 libera
3599 974 3700 1015 me.

2379 1052 2446 1112 Βι.
2487 1043 2680 1106 Quare
2717 1042 2897 1097 tristis
2915 1057 2979 1097 es
3007 1042 3209 1098 anima
3235 1057 3403 1098 mea:
3426 1049 3477 1098 et
3494 1060 3662 1116 quare
3684 1055 3861 1109 contur-

2307 1129 2418 1185 bas
2452 1144 2548 1185 me
2567 1130 2596 1184 ?
2627 1131 2807 1202 Spera
2827 1129 2885 1185 in
2910 1131 3050 1198 Deo,
3080 1130 3370 1200 quoniam
3401 1130 3461 1184 P.
3492 1134 3863 1196 Conﬁteborilli.

2306 1217 2368 1278 ἴ.
2403 1218 2701 1288 Ingrediar
2718 1220 2780 1274 in
2808 1219 3008 1275 locum
3030 1218 3395 1275 tabernaculi
3424 1220 3752 1280 admirabilis
3773 1243 3864 1283 :us-

2307 1323 2424 1379 que
2446 1308 2524 1363 ad
2552 1308 2802 1363 domum
2821 1307 2938 1363 Dei.
2973 1309 3036 1363 In
3066 1323 3212 1364 voce
3225 1307 3609 1378 exultationis,
3632 1317 3681 1367 et
3696 1315 3867 1372 confes-

2309 1395 2491 1451 sionis
2515 1396 2847 1452 conﬁtebor
2867 1395 2967 1451 illi.

2377 1484 2602 1542 Preces.
2636 1485 2900 1542 Miserere
2913 1485 3026 1541 mei
3053 1485 3323 1541 Domine.
3340 1485 3412 1540 P.
3440 1485 3545 1550 Qui
3571 1490 3752 1557 potens
3767 1492 3868 1547 esin

2307 1572 2732 1630 misericordia.
2761 1572 2826 1633 ν.
2883 1575 3059 1630 Morte
3120 1579 3222 1629 tua
3279 1588 3392 1628 nos
3425 1572 3617 1630 libera.
3667 1577 3720 1630 P.
3762 1580 3860 1643 Qui.

617 1665 834 1720 Oratio.
866 1665 1090 1735 Lingua
1121 1671 1348 1733 nostra,
1386 1667 1656 1731 Domine,
1684 1667 2002 1723 meditetur
2026 1665 2197 1738 justi-
2228 1679 2272 1735 Β
2304 1660 2366 1721 δι’.
2401 1661 2569 1718 Salva
2597 1678 2708 1718 nos
2741 1667 2838 1718 tuo
2860 1663 3126 1719 vulnere.
3165 1663 3231 1717 P.
3262 1661 3395 1728 Olli.
3417 1661 3477 1722 ῒ-
3509 1664 3650 1719 Crux
3667 1669 3751 1721 tua
3788 1681 3869 1723 nos

541 1752 653 1808 tias
682 1758 813 1808 tuas
844 1769 857 1807 :
890 1758 955 1808 ut
980 1753 1114 1809 laus
1136 1759 1239 1810 tua
1260 1759 1384 1812 tota
1415 1756 1512 1810 die
1543 1772 1615 1811 ex
1637 1771 1738 1812 ore
1765 1760 1971 1812 nostro
1990 1770 2194 1828 proce-

541 1842 645 1898 dat
672 1841 733 1896 in
763 1857 852 1907 eo,
910 1843 1074 1915 quod
1105 1844 1402 1915 passionis
1429 1849 1546 1901 tuae
1577 1862 1611 1900 a
1663 1845 1836 1901 nobis
1871 1845 2194 1917 praedicata

542 1928 716 1985 fuerit
746 1931 932 2000 gloria
961 1947 971 1984 :
1005 1935 1069 1987 ut
1091 1931 1151 1986 in
1177 1948 1248 1987 ea
1265 1933 1515 2004 justitia,
1548 1950 1670 2006 qua
1697 1950 1769 1989 ex
1794 1933 1911 1989 ﬁde
1933 1933 2192 1989 vivimus

544 2022 600 2074 et
623 2033 779 2073 nunc
806 2023 860 2074 et
890 2035 1126 2091 semper
1156 2021 1282 2077 sine
1312 2021 1432 2078 ﬁne
1461 2022 1798 2079 laudemus.

613 2106 781 2164 Pater
800 2113 1019 2164 noster.

617 2197 820 2252 Lectio
849 2197 989 2252 libri
1015 2197 1351 2255 Ezechielis
1373 2200 1685 2269 Propheta‘
1710 2199 2081 2271 (Cap.xxxv).

613 2295 678 2356 Βρ.
710 2285 829 2340 Deo
851 2286 1091 2356 gratias.

612 2376 820 2430 Factus
869 2378 957 2431 est
981 2390 1178 2431 sermo
1202 2376 1433 2432 Domini
1467 2377 1546 2434 ad
1571 2393 1686 2445 me,
1747 2378 1950 2433 dicens
2016 2392 2030 2431 :
2086 2376 2194 2438 Fili

534 2462 794 2520 hominis
812 2478 968 2534 pone
985 2463 1197 2520 faciem
1214 2469 1378 2522 tuam
1404 2465 1726 2522 adversum
1745 2472 2015 2523 montem
2036 2465 2188 2521 Seir:

539 2556 597 2609 et
625 2551 944 2608 extendam
967 2567 1218 2609 manum
1243 2569 1442 2610 meam
1467 2569 1647 2626 super
1664 2561 1739 2620 te,
1766 2561 1820 2610 et
1838 2555 1992 2611 dabo
2015 2559 2067 2610 te
2091 2557 2192 2610 de-

541 2641 800 2697 solatum
822 2644 1001 2712 atque
1017 2641 1344 2699 desertum.
1372 2642 1556 2698 Urbes
1579 2647 1711 2699 tuas
1728 2643 2040 2707 demoliar,
2065 2648 2190 2700 ettu

537 2729 807 2784 desertus
828 2729 974 2782 eris:
1001 2733 1056 2784 et
1075 2729 1223 2784 scies
1252 2729 1395 2801 quia
1425 2746 1534 2799 ego
1583 2732 1884 2787 Dominus.
1921 2735 2000 2788 Eo
2030 2731 2191 2804 quod

535 2816 715 2872 fueris
744 2816 1020 2871 inimicus
1065 2818 1484 2890 sempiternus,
1527 2823 1582 2874 et
1630 2819 1992 2876 concluseris
2036 2820 2188 2876 ﬁlios

535 2905 717 2960 Israel
748 2905 808 2959 in
835 2920 1022 2959 manu
1053 2903 1234 2974 gladii
1266 2906 1325 2961 in
1351 2911 1615 2978 tempore
1649 2909 1975 2980 iniquitatis
2006 2913 2191 2964 extre-

533 3009 670 3049 mas.
700 2993 1020 3063 Propterea
1039 2993 1188 3048 vivo.
1220 3010 1350 3064 ego,
1385 2995 1522 3050 dicit
1545 2998 1832 3051 Dominus
1853 2999 2008 3052 Deus
2041 3014 2186 3069 quo-

529 3079 696 3136 niam
729 3081 1248 3150 sanguinitradem
1262 3087 1339 3151 te,
1363 3087 1418 3138 et
1444 3085 1690 3153 sanguis
1710 3091 2093 3158 persequetur
2108 3093 2178 3145 te:

531 3172 587 3224 et
604 3169 760 3225 dabo
788 3173 1052 3224 montem
1085 3169 1207 3225 Seir
1219 3170 1554 3226 desolatum
1576 3178 1631 3226 et
1649 3172 1952 3228 desertum
1979 3180 2186 3230 :etau-

528 3256 715 3312 feram
746 3256 815 3312 de
837 3273 907 3313 eo
939 3259 1998 3332 euntem,etredeuutem.Etimplebo
2022 3277 2179 3318 mon-

527 3349 613 3402 tes
644 3347 775 3417 ejus
798 3346 1135 3402 occisorum
1161 3362 1407 3404 suorum
1446 3353 1537 3404 :et
1565 3350 1626 3405 in
1652 3349 1902 3406 collibus
1934 3350 2182 3415 suis,at-

525 3451 643 3507 que
663 3436 722 3490 in
747 3435 1003 3492 vallibus
1025 3436 1167 3502 suis,
1191 3441 1249 3492 et
1266 3436 1328 3492 in
1350 3438 1709 3494 torrentibus
1740 3439 2024 3497 interfecti
2052 3441 2178 3511 gla-

525 3523 626 3579 dio
650 3524 949 3579 cadent.ln
979 3524 1330 3582 solitudines
1367 3527 1763 3599 sempiternas
1788 3529 2024 3585 tardam
2041 3534 2179 3594 te,et

524 3611 791 3667 civitates
816 3618 929 3668 tua:
956 3629 1076 3669 non
1097 3614 1587 3672 inhabitabuntur
1617 3633 1630 3673 :
1654 3619 1874 3674 etscies
1899 3619 2045 3691 quia
2065 3635 2176 3689 ego

527 3700 836 3758 Dominus.
874 3712 936 3771 nr.
963 3707 1171 3758 Amen.

590 3789 953 3858 Antiphona.
985 3793 1126 3846 Ecce
1153 3793 1312 3848 enim
1362 3793 1516 3849 Deus
1541 3794 1791 3865 adjuvat
1822 3812 1914 3851 me
1934 3813 1953 3852 .z
1983 3801 2040 3852 et
2068 3798 2176 3853 Do-

522 3879 723 3934 minus
737 3885 1225 3951 susceptormeus
1241 3885 1327 3936 est
1345 3882 1560 3938 animae
1586 3885 2009 3947 meaa,reddens
2025 3887 2176 3942 mala

518 3967 774 4023 inimicis
801 3969 970 4023 meis.
1021 3967 1081 4029 ῒ.
1117 3971 1269 4023 Deus
1318 3969 1378 4025 in
1404 3972 1645 4028 nomine
1676 3977 1778 4028 tuo
1824 3974 2056 4031 salvum
2081 3991 2174 4032 me

519 4055 653 4113 fac:
681 4062 738 4112 et
767 4056 826 4112 in
859 4056 1070 4113 virtute
1102 4061 1204 4113 tua
1232 4057 1421 4114 libera
1453 4076 1567 4115 me.

592 4145 810 4202 Oratio.
843 4145 1077 4217 Adjuva
1101 4160 1231 4213 nos,
1263 4147 1419 4202 Deus
1452 4147 1731 4204 salutaris
1785 4155 2006 4218 noster,
2077 4153 2174 4224 qui

523 4239 835 4308 susceptor
855 4250 917 4290 es
942 4235 1281 4292 animarum
1306 4241 1650 4294 nostrarum
1679 4254 1694 4306 ;
1724 4244 1786 4295 ut
1815 4240 1876 4296 in
1931 4243 2174 4298 nomine

519 4329 725 4381 sancto
779 4329 880 4380 tuo
943 4323 1213 4380 laetemur
1240 4342 1252 4380 :
1284 4330 1340 4381 et
1375 4327 1480 4398 qui
1523 4343 1838 4384 censemur
1877 4331 2175 4388 vocabulo

517 4413 745 4480 Christi,
778 4428 1116 4470 mereamur
1169 4414 1298 4484 ejus
1325 4415 1640 4487 participio
1675 4417 1898 4488 perfrui
1927 4435 1938 4475 :
1969 4419 2174 4494 sicque
2206 4403 2252 4458 D

515 4507 734 4558 aeterna
761 4517 1202 4574 consequamur
1226 4503 1466 4575 gaudia,
1502 4509 1558 4561 et
1591 4507 1912 4577 praesentia
1935 4524 2175 4580 supere-

517 4605 655 4646 mus
685 4591 944 4648 adversa
971 4609 983 4646 :
1015 4597 1077 4648 ut
1107 4607 1211 4664 per
1249 4592 1455 4649 omnia
1482 4598 1534 4649 te
1571 4593 1892 4652 laudemus
1923 4615 1935 4665 ;
1961 4603 2016 4653 et
2040 4602 2091 4654 te
2113 4597 2174 4654 in

517 4681 695 4738 nobis
716 4697 850 4738 esse
877 4681 1274 4751 gaudeamus.
1305 4694 1369 4752 ﬁ.
1397 4693 1606 4740 Amen.

585 4773 934 4839 Antiphona
962 4775 1020 4827 2.
1061 4773 1205 4826 Ecce
1257 4771 1532 4842 elongavi
1582 4771 1820 4843 fugiens
1855 4789 1869 4829 :
1901 4779 1957 4831 et
1981 4777 2176 4833 mansi

516 4859 578 4915 in
606 4859 1420 4932 solitudine.P.Expectabam
1442 4861 1786 4930 Dominum,
1811 4863 2178 4939 quisalvaret

511 4965 609 5005 me
649 4963 686 5005 a
712 4949 928 5020 pusillo
974 4950 1198 5019 animo,
1245 4955 1302 5006 et
1349 4955 1720 5024 tempestate.
1763 4952 1826 5012 Ἐν.
1867 4953 2176 5027 Ριοωοὶρίιθ.

510 5037 780 5106 Domine,
812 5042 869 5093 et
913 5036 1115 5094 divide
1180 5039 1418 5110 linguas
1447 5056 1657 5097 eorum
1691 5042 2015 5114 :quoniam
2049 5045 2174 5111 vidi

511 5127 907 5200 iniquitatem,
941 5132 996 5182 et
1024 5129 1555 5186 contradictionem
1583 5131 1646 5186 in
1686 5132 1938 5189 civitate.
1975 5134 2074 5190 Die
2101 5151 2172 5191 ac

510 5221 682 5273 nocte
713 5215 1108 5272 circumdabit
1137 5232 1271 5274 eam
1304 5235 1484 5289 super
1503 5219 1665 5276 viros
1695 5221 1844 5292 ejus.

581 5309 809 5364 Oratio.
844 5309 1009 5373 Ecce,
1043 5307 1314 5375 Domine,
1365 5309 1541 5378 positi
1601 5310 1661 5364 in
1720 5313 2169 5382 perturbatione

507 5396 1108 5469 mundana,quietem
1131 5393 1470 5451 solitudinis
1495 5397 2167 5474 eligentes,elongarifu-

506 5482 726 5554 giendo
755 5500 793 5542 a
813 5485 1060 5543 terrenis
1084 5483 1319 5543 actibus
1350 5483 1728 5558 cupimus;ut
1746 5503 1784 5548 a
1807 5489 2026 5561 pusillo
2039 5489 2162 5550 ani-

2304 1749 2575 1805 viviticet.
2610 1750 2675 1805 P.
2709 1751 2841 1816 Qui.
2871 1751 2933 1812 γ.
2965 1754 3039 1807 Te
3064 1751 3378 1817 moriente,
3417 1750 3747 1810 vivamus.P.
3773 1755 3864 1819 Qui.

2374 1839 2670 1908 Hymnus.
2697 1841 2742 1895 Ο
2773 1843 3085 1896 Nazarene.
3111 1841 3226 1909 fol.
3256 1842 3384 1894 144.

2374 1927 2844 1998 0ratio.Protege
2858 1929 3296 1998 nos,Domine,a
3308 1934 3601 1986 conventu
3611 1929 3870 2000 malignan-

2301 2017 2451 2072 tium
2500 2017 2876 2073 inimicorum
2927 2035 2944 2088 ;
2992 2019 3097 2090 qui
3144 2017 3349 2074 Crucis
3406 2017 3666 2089 pertulisti
3711 2019 3872 2090 obpro-

2300 2105 2502 2161 brium
2533 2106 2739 2178 :utqui
2761 2111 2968 2162 contra
2995 2112 3050 2161 te
3082 2106 3322 2176 linguas
3351 2121 3492 2162 suas
3504 2113 3812 2163 exacuerunt
3825 2112 3872 2162 ut

2302 2194 2572 2265 gladium
2591 2211 2604 2261 ;
2635 2195 3028 2252 saluberrimo
3043 2200 3154 2252 tua:
3169 2194 3382 2266 gratias
3401 2195 3558 2253 dono
3575 2196 3868 2269 conquisisti,

2301 2282 2656 2338 devorentur
2675 2283 2944 2340 Ecclesiae
2973 2292 3205 2342 morsu.

2371 2372 2538 2428 Pater
2565 2380 2793 2429 noster.

2879 2462 2976 2518 Ad
3037 2464 3337 2533 Vesperos.

2370 2551 2588 2607 Lauda.
2619 2549 2717 2607 Sol
2743 2551 2986 2622 agnovit
3015 2567 3298 2609 occasum
3323 2550 3872 2608 suum.Posuistitene-

2298 2637 2459 2702 bras,
2493 2643 2548 2694 et
2576 2638 2734 2694 facta
2758 2643 2845 2694 est
2870 2655 3013 2695 nox.

2368 2727 3088 2798 Antiphona.Misericordia
3098 2744 3220 2784 mea
3231 2729 3383 2784 Deus
3394 2731 3447 2785 et
3459 2728 3697 2799 refugium
3708 2742 3865 2781 meum:

2299 2821 2610 2888 susceptor
2638 2831 2826 2880 meus,
2859 2822 2916 2872 et
2943 2817 3227 2874 liberator
3254 2833 3450 2874 meus.
3471 2820 3704 2874 Psatmus
3725 2830 3868 2872 cum.

2370 2905 2600 2963 Lauda.
2670 2908 2898 2978 Pauper
2943 2921 3077 2961 sum
3153 2921 3288 2975 ego,
3364 2912 3422 2962 et
3472 2907 3688 2964 dolens:
3747 2903 3874 2958 salus

2299 2993 2495 3050 vultus
2535 2995 2612 3049 tui
2641 2995 2794 3050 Deus
2836 2995 3096 3066 suscepit
3147 3011 3264 3050 me.
3299 2996 3369 3056 νιν.
3400 2995 3672 3054 Laudabo
3706 3004 3873 3049 nomen

2297 3082 2397 3137 Dei
2421 3082 2534 3137 mei
2553 3099 2687 3138 cum
2721 3084 2988 3139 cantico:
3045 3083 3463 3154 magnificabo
3479 3101 3606 3141 eum
3635 3084 3689 3138 in
3721 3079 3872 3138 laude.

2367 3170 2648 3240 Hymnus.
2688 3171 2935 3226 Verbum
2964 3172 3169 3228 Patris.
3201 3174 3317 3242 fol.
3361 3178 3482 3230 252.

2366 3260 2658 3328 Capitula.
2702 3260 3332 3317 Nonarumhorarum.
3361 3263 3474 3332 fol.
3508 3264 3618 3316 173.

2358 3349 2590 3407 Lauda.
2618 3351 2908 3406 Memento
2923 3349 3089 3405 verbi
3108 3349 3190 3405 tui
3215 3365 3394 3408 servo
3432 3355 3551 3407 tuo.
3601 3349 3751 3420 folio.
3775 3345 3867 3400 281.

2998 3454 3244 3494 ΞΑΒΒΔΪΟ
3253 3481 3266 3493 .

2844 3527 2939 3583 Ad
2954 3528 3326 3585 Matutinum
3341 3573 3354 3585 .

2356 3615 2718 3686 Antiphona.
2744 3619 2826 3672 Tu
2857 3621 3060 3673 autem
3081 3617 3353 3674 Domine.
3384 3618 3643 3675 Psalmus
3671 3630 3739 3671 Ill.

2357 3706 2584 3761 Oratio.
2616 3706 2900 3771 Quamvis
2926 3706 3195 3762 Domine.
3216 3707 3329 3775 fol.
3360 3711 3480 3765 144.

2355 3795 2707 3863 Antiphone
2734 3799 2782 3851 1.
2813 3797 2966 3850 Deus
2992 3800 3227 3851 contere
3253 3795 3470 3851 dentes
3512 3791 3836 3850 inimicorum
3861 3799 3872 3837 :

2284 3883 2478 3939 molas
2501 3883 2743 3939 leonum
2760 3883 3088 3953 confringe.
3122 3884 3190 3938 Ut
3219 3883 3300 3938 ad
3320 3883 3573 3940 nihilum
3602 3876 3873 3936 devenient,

2283 3971 2620 4044 velutaqua
2642 3972 2985 4027 decurrens.
3003 3973 3072 4027 Ut
3095 3970 3327 4027 laetetur
3352 3973 3555 4043 justus
3579 3983 3701 4026 cum
3714 3958 3878 4019 viderit

2283 4061 2604 4117 vindictam
2631 4062 2974 4133 impiorum.
3002 4059 3064 4120 ῒ.
3105 4061 3248 4116 Vere
3287 4063 3496 4133 utique
3545 4055 3797 4130 justitiam
3814 4049 3880 4104 10-

2284 4149 2540 4222 quimini
2564 4167 2578 4206 :
2611 4154 2767 4206 recte
2783 4150 3068 4221 judicate,
3090 4147 3196 4204 ﬁlii
3220 4149 3560 4204 hominum.

2357 4241 2556 4297 Oratio
2569 4283 2582 4296 .
2595 4240 2883 4311 Deus,qui
2899 4238 3241 4294 admirabili
3266 4235 3677 4312 responsionis
3694 4228 3877 4301 object!1

2283 4329 2490 4385 dentes
2514 4329 2766 4385 conteris
2797 4327 3175 4383 inimicorum
3207 4328 3567 4400 :molasque
3586 4316 3878 4390 frangislefr

2284 4433 2431 4475 num
2457 4435 2470 4470 :
2499 4417 2646 4472 dum
2667 4421 2723 4472 et
2738 4415 3308 4486 interrogationibus
3337 4429 3550 4472 eorum
3573 4414 3881 4480 inexpugna-

2282 4506 2397 4562 bile
2411 4521 2714 4578 praaparas
2728 4505 2908 4561 telum
2927 4523 2940 4572 ;
2956 4511 3012 4561 et
3023 4520 3222 4561 eorum
3234 4502 3610 4561 clamoribus
3621 4495 3876 4555 insultans,

2284 4597 2577 4651 viventem
2593 4600 2646 4652 te
2666 4594 2930 4652 ostendis
2960 4599 3101 4667 post
3112 4594 3364 4650 vulnera
3375 4591 3718 4650 cruciﬁxum
3730 4601 3752 4678 ,ε
3765 4583 3880 4678 fran-

2285 4700 2356 4758 ge
2381 4701 2560 4752 nunc,
2583 4683 3341 4758 quaesumus,sequentium
3363 4687 3574 4740 contra
3594 4685 3650 4736 te
3669 4675 3881 4732 inimico-

2284 4789 2420 4831 rum
2437 4773 2754 4830 audaciam
2771 4793 2784 4832 :
2808 4777 2870 4829 ut
2884 4772 2963 4829 ad
2974 4771 3732 4840 nibilum,velutdecurrens
3741 4769 3879 4833 aqua,

2285 4863 2624 4930 deveniunt,
2645 4863 2749 4936 qui
2775 4861 3014 4920 malitiae
3041 4877 3165 4918 suae
3188 4861 3450 4933 gestiunt
3473 4861 3779 4916 intratum
3808 4848 3883 4901 Εσ-

2285 4955 2518 5012 clesiam
2543 4968 2822 5026 spargere
2851 4953 3232 5010 documenta.
3263 4963 3328 5023 Βι.
3355 4957 3568 5007 Amen.
3738 5030 3745 5032 _
3789 5026 3798 5032 _
3855 5022 3862 5032 .

2353 5043 2705 5113 Antiphona
2725 5042 3240 5112 2.0ccupaverunt
3251 5040 3522 5097 animam
3537 5047 3721 5092 meam
3734 5026 3882 5118 inimi-

2283 5133 2336 5189 ci
2361 5131 2794 5198 mei,Domine:
2845 5129 3154 5185 inruerunt
3204 5129 3265 5185 in
3285 5143 3386 5184 me
3407 5127 3610 5183 fortes.
3641 5124 3771 5178 Ecce
3793 5115 3879 5186 ipSi

2277 5221 2605 5294 loquuntur
2621 5221 2943 5276 adversum
2965 5234 3089 5274 me:
3110 5222 3166 5274 et
3182 5217 3423 5287 gladius
3437 5215 3498 5270 in
3513 5211 3678 5270 labiis
3695 5215 3876 5264 eorum.

2278 5312 2557 5382 Disperge
2583 5310 2713 5366 illos
2737 5310 2796 5364 in
2822 5310 3031 5364 virtute
3062 5312 3163 5364 tua
3191 5312 3282 5363 :et
3302 5305 3542 5361 destrue
3577 5316 3673 5359 eos
3697 5297 3878 5370 Ρΐοεεο·

2275 5404 2367 5456 tor
2380 5415 2572 5455 meus.
2595 5400 2658 5460 Y.
2682 5399 2848 5471 Eripe
2861 5413 2957 5454 me
2981 5397 3056 5453 de
3079 5396 3334 5453 inimicis
3352 5394 3507 5451 meis
3534 5395 3684 5449 Deus
3707 5390 3874 5443 meus;

2273 5487 2822 5560 ab‘insurgentibus
2850 5487 2913 5544 in
2940 5497 3038 5544 me
3063 5485 3255 5544 libera
3280 5497 3402 5543 me.
