4094 6164
209 318 286 373 493
1329 314 1681 373 DOMINICA
1718 311 1793 370 IV
1831 310 2441 380 QUADRAGESIME.

3474 326 3579 384 494

261 442 451 499 Oratio.
481 442 859 513 Occupantes
878 442 1146 497 animam
1170 443 1356 509 tuam,
1376 442 1598 497 Christe
1618 439 1813 496 Domi—
1850 438 1897 492 A
1925 453 2247 509 puerorum
2279 444 2487 499 sancta
2520 460 2535 495 :
2567 457 2747 514 porro
2777 440 2878 500 via
2905 443 3034 500 haec
3063 446 3289 517 polluta
3317 455 3425 518 est,
3469 451 3580 510 sed

200 549 275 601 ne,
292 532 477 601 fortes,
509 546 693 602 super
716 534 769 585 te
790 531 1000 586 acriter
1020 530 1360 598 inruerunt;
1382 548 1519 587 cum
1549 535 1817 602 tempore

195 620 454 695 passionis
494 634 724 673 cuneus
756 635 928 690 super
965 622 1016 673 te
1066 618 1251 675 inruit
1282 620 1679 693 superborum
1713 638 1724 677 :
1760 622 1818 674 et.

194 708 306 765 ideo
322 723 691 781 quaesumus,
721 706 799 762 ad
830 722 1068 779 precem
1098 707 1370 763 Ecclesia:
1398 713 1515 763 tua:
1540 708 1669 779 jam
1698 722 1817 762 res-

190 799 302 871 pice
328 803 376 853 et
392 800 706 851 cruentum
728 794 918 851 hostis
945 795 1018 851 de
1045 812 1232 851 manu
1254 796 1522 867 gladium
1551 795 1685 852 tolle
1710 814 1721 850 :
1753 799 1817 852 ut

183 900 450 941 mucrone
478 899 585 938 suo
620 882 892 938 decisum
928 883 1173 953 sentiat;
1206 899 1343 939 cum
1376 899 1481 956 per
1510 899 1633 950 eos,
1660 899 1815 955 quos

176 980 262 1031 ten
272 978 452 1037 uerat,
470 971 607 1027 ﬁdei
629 975 747 1028 tuae
772 972 1111 1042 cognoverit
1131 971 1441 1044 praedicari
1461 973 1811 1029 doctrinam.

232 1074 294 1131 ﬁ.
322 1061 537 1125 Amen,

220 1148 573 1217 Antiphona
589 1152 646 1203 3.
674 1148 898 1204 Deusin
916 1149 1012 1220 adj
1024 1149 1283 1205 utorium
1301 1166 1502 1205 meum
1528 1149 1767 1206 intende
1797 1166 1815 1207 :

160 1238 403 1293 Domine
432 1236 514 1291 ad
540 1236 639 1307 adj
653 1236 958 1292 uvandum
987 1253 1081 1291 me
1108 1236 1339 1293 festina.
1365 1237 1818 1293 Coufundantur

155 1331 206 1383 et
242 1330 631 1383 revereantur
682 1326 785 1398 qui
833 1331 1111 1397 quaerunt
1160 1327 1426 1383 animam
1478 1342 1720 1382 meam:
1752 1326 1816 1387 ν.

150 1418 507 1472 Avertantur
538 1418 890 1480 retrorsum,
920 1419 975 1470 et
1020 1414 1486 1485 confundantur,
1520 1415 1626 1487 qui
1656 1414 1818 1486 cogi'

152 1509 274 1561 tant
310 1504 466 1559 mihi
496 1502 685 1559 mala.

207 1593 441 1651 Oratio.
477 1595 652 1653 Deus,
673 1591 734 1647 in
757 1591 1125 1662 adjutorium
1142 1597 1413 1649 nostrum
1436 1591 1677 1649 intende
1712 1609 1723 1647 :
1753 1595 1819 1648 ut

141 1682 243 1755 qui
276 1679 674 1754 passionibus
703 1680 816 1735 tuis
847 1680 1295 1737 communicare
1320 1682 1472 1738 votis
1492 1681 1817 1737 sincerissi-

1926 542 1995 583 ea
2018 528 2149 599 ipsa
2162 530 2339 586 hodie
2370 530 2839 589 sanctiﬁcabitur
2866 531 2928 587 in
2948 533 3129 589 vasis.
3162 535 3329 593 Dedit
3353 554 3493 611 ergo
3523 541 3578 597 ei

1924 618 2201 675 sacerdos
2222 620 2658 678 sanctiﬁcatum
2675 637 2899 694 panem
2925 642 2939 678 :
2966 637 3163 695 neque
3177 626 3337 682 enim
3352 632 3476 685 erat
3492 628 3578 685 ibi

1923 707 2115 776 panis,
2139 707 2251 763 nisi
2272 712 2505 765 tantum
2535 725 2725 782 panes
2746 710 3199 784 propositionis,
3231 713 3337 785 qui
3362 715 3579 773 sublati

1922 791 2157 851 fuerant
2187 811 2223 852 a
2247 797 2395 853 facie
2421 798 2679 868 Domini,
2702 802 2768 856 ut
2788 803 3154 871 ponerentur
3170 816 3360 874 panes
3379 801 3577 859 calidi.

1924 883 2056 939 Erat
2084 888 2284 941 autem
2312 885 2396 943 ibi
2424 887 2512 942 vir
2534 886 2608 943 de
2632 888 2813 944 servis
2844 888 3001 955 Saul,
3032 888 3096 944 in
3120 888 3215 945 die
3266 889 3385 956 illa,
3422 890 3581 948 intus

1921 971 1983 1026 in
1996 971 2374 1031 tabernaculo
2387 975 2611 1032 Domini
2629 993 2641 1031 :
2658 980 2715 1033 et
2727 992 2943 1033 nomen
2954 978 3005 1049 ej
3018 994 3084 1033 us
3095 978 3259 1048 Doeg
3272 978 3577 1045 Idummus,

1923 1061 2371 1131 potentissimus
2424 1068 2628 1135 pastor
2683 1065 2823 1122 Saul
2857 1084 2871 1135 ;
2901 1066 2998 1121 hic
3040 1066 3328 1138 pascebat
3380 1067 3580 1124 mulas

1927 1147 2089 1205 Saul.
2126 1149 2280 1206 Dixit
2308 1155 2510 1209 autem
2539 1152 2729 1209 David
2755 1153 2834 1209 ad
2860 1152 3239 1211 Achimelech
3271 1171 3283 1211 :
3314 1155 3372 1212 Si
3390 1154 3579 1212 habes

1925 1235 2041 1291 huc
2058 1236 2137 1292 ad
2153 1254 2401 1295 manum
2420 1240 2708 1311 gladium,
2734 1246 2837 1299 aut
2854 1242 3093 1299 hastam
3110 1242 3138 1298 ?
3156 1242 3236 1299 da
3256 1242 3418 1313 mihi,
3436 1244 3580 1315 quia

1927 1322 2199 1394 gladium
2224 1342 2449 1392 meum,
2468 1332 2525 1383 et
2548 1344 2720 1385 arma
2736 1344 2875 1386 mea
2895 1345 3018 1385 non
3040 1329 3145 1385 tuli
3165 1346 3403 1386 mecum
3430 1347 3580 1388 :ser-

1927 1428 2029 1469 mo
2059 1414 2218 1469 enim
2257 1416 2413 1484 regis
2462 1416 2735 1489 urgebat.
2777 1420 2842 1473 Et
2872 1417 3023 1475 dixit
3072 1418 3352 1475 sacerdos
3383 1434 3395 1475 :
3434 1420 3581 1476 Ecce

1927 1500 2023 1557 hic
2048 1501 2283 1571 gladius
2314 1504 2550 1561 Goliath
2580 1505 2925 1577 Philisthaai,
2952 1522 3135 1578 quem
3154 1506 3498 1579 percussisti
3518 1507 3580 1564 in

1927 1588 2150 1646 Vallem
2176 1591 2514 1663 terebinthi,
2536 1598 2623 1649 est
2644 1593 2945 1650 involutus
2971 1593 3153 1665 pallio
3173 1598 3307 1666 post
3330 1594 3530 1666 ephod
3563 1610 3577 1650 :

1927 1676 1976 1732 si
2002 1676 2181 1734 istum
2206 1679 2297 1734 vis
2327 1680 2549 1747 tollere,
2577 1681 2716 1738 tolle
2749 1697 2980 1754 :neque
3010 1681 3169 1737 enim
3191 1685 3281 1737 est
3301 1681 3398 1738 hic
3428 1682 3579 1739 alius

140 1771 254 1825 mis
289 1769 676 1835 anhelamus,
710 1768 1047 1840 adjutorem
1076 1774 1131 1825 te
1162 1774 1433 1826 nostrum
1457 1770 1680 1842 inipsis
1709 1786 1813 1827 no-
1850 1785 1896 1841 Β
1926 1765 2155 1837 absque
2169 1783 2238 1823 eo
2259 1771 2346 1824 .Et
2367 1769 2447 1825 ait
2471 1769 2653 1826 David
2686 1786 2700 1825 :
2734 1769 2792 1825 Si
2818 1785 2941 1826 non
2958 1774 3047 1826 est
3063 1768 3324 1826 hicalius
3344 1769 3578 1843 absque

138 1859 283 1913 stris
320 1857 636 1913 conatibus
670 1858 1026 1916 sentiamus.
1058 1870 1127 1927 Br.
1163 1860 1377 1914 Amen.

210 1958 279 2015 Ba
302 1947 371 2001 In
403 1946 519 2010 via,
544 1962 731 2013 quam
749 1946 1162 2015 ambulabam,
1188 1947 1637 2003 absconderunt
1668 1945 1814 2002 mihi

132 2034 575 2107 muscipulam.
610 2034 1078 2090 Considerabam
1112 2035 1171 2089 in
1203 2035 1531 2098 dexteram,
1561 2040 1617 2091 et
1655 2034 1814 2091 vide-

130 2123 274 2180 bam
314 2141 326 2177 :
365 2140 484 2179 nec
529 2128 656 2178 erat
684 2123 788 2194 qui
818 2139 913 2178 me
944 2126 1348 2193 cognosceret.
1392 2123 1564 2178 Periit
1610 2122 1756 2194 fuga
1781 2140 1818 2180 a

134 2229 247 2281 me,
266 2216 327 2268 et
345 2228 477 2268 non
489 2213 693 2283 estqui
707 2213 968 2284 requirat
982 2212 1243 2266 animam
1256 2226 1464 2267 meam.
1485 2210 1546 2271 V.
1564 2210 1814 2283 thuid,

141 2299 422 2366 Domine,
448 2300 512 2355 in
530 2298 801 2355 oratione
824 2314 959 2355 mea
982 2299 1426 2355 avertisfaciem
1447 2304 1601 2355 tuam
1621 2315 1657 2355 a
1676 2315 1764 2355 me
1790 2299 1817 2354 ‘2

206 2389 447 2445 Oratio.
471 2386 929 2443 Effundentibus
951 2386 1205 2443 nobisin
1222 2390 1545 2459 conspectu
1568 2392 1668 2443 tuo
1689 2403 1820 2443 ora-

149 2479 352 2534 tionem
369 2483 663 2543 nostram,
686 2477 944 2543 Domine,
968 2477 1296 2533 misericors
1316 2476 1410 2547 adj
1422 2481 1555 2532 utor
1566 2476 1779 2533 assiste
1802 2495 1814 2533 :

149 2573 258 2623 esto
277 2571 499 2623 nostra
515 2565 827 2637 protectio,
856 2565 957 2637 qui
978 2580 1043 2620 es
1066 2567 1268 2622 nostra
1284 2563 1618 2635 redemptio
1644 2581 1654 2619 :
1680 2566 1821 2621 Sen-

154 2673 239 2711 sus
270 2661 531 2712 nostros
562 2653 675 2710 sub
724 2659 827 2711 tua
882 2654 1245 2723 benignitate
1303 2653 1485 2723 dirige
1514 2672 1529 2722 ;
1563 2657 1620 2708 et
1649 2654 1822 2709 semi-

156 2749 230 2801 tas
263 2749 521 2800 nostras
552 2742 792 2814 placida
841 2742 1163 2798 directione
1203 2756 1498 2812 cognosce
1532 2760 1544 2797 :
1579 2746 1645 2798 ut
1673 2742 1823 2799 inter

151 2833 549 2890 absconditos
573 2831 630 2885 in
652 2831 765 2887 hac
784 2832 881 2886 via
910 2836 1030 2897 tua,
1050 2846 1172 2903 qua
1193 2830 1523 2903 gradimur,
1546 2830 1818 2903 laqueos,

152 2921 221 2977 ita
252 2923 337 2977 tui
369 2920 677 2977 desiderio
714 2935 1135 2993 percurramus
1161 2938 1174 2988 ;
1204 2926 1266 2975 ut
1294 2920 1355 2974 in
1404 2918 1689 2991 placitam
1719 2919 1824 3002 tibi

151 3015 380 3080 partem
411 3009 563 3064 ﬁdei
590 3008 846 3078 vestigio
876 3024 1285 3064 occurramus.
1312 3020 1374 3079 BI.
1405 3015 1619 3076 Amen_

216 3098 603 3168 Antiphona.
650 3096 776 3152 Tibi
821 3095 927 3151 soli
976 3096 1221 3168 peccavi
1274 3096 1544 3162 Domine,
1593 3096 1822 3155 malum
1862 3122 1901 3178 ρ

154 3202 347 3243 coram
380 3194 439 3242 te
467 3186 580 3241 feci
615 3205 627 3243 :
662 3186 939 3240 miserere
973 3185 1108 3240 mei.
1152 3184 1368 3241 Psatm.
1400 3202 1450 3241 L.

220 3276 403 3346 288
435 3275 666 3331 Oratio.
703 3272 826 3329 Tibi
860 3273 967 3330 soli
995 3274 1403 3345 peccavimus.
1437 3274 1550 3344 fol.
1586 3277 1711 3330 276.

218 3364 603 3434 Antiphona.
650 3365 858 3418 Factus
891 3377 1027 3418 sum
1055 3362 1117 3417 in
1154 3361 1421 3418 derisum
1445 3366 1569 3420 tota
1594 3362 1728 3419 die:
1765 3367 1822 3420 et

161 3466 363 3507 omnes
398 3451 782 3507 subsannant
821 3466 938 3507 me.

223 3540 564 3598 Canticum.
593 3538 892 3596 Seduxisti
926 3554 1040 3595 me.
1070 3539 1181 3608 fol.
1206 3542 1334 3595 276.

730 3626 828 3680 Ad
864 3626 1253 3682 Matutinum.

220 3716 603 3786 Antiphona.
632 3715 787 3770 Deus
816 3716 968 3770 Deus
988 3730 1148 3770 meus
1174 3714 1253 3770 ad
1280 3718 1333 3769 te
1360 3715 1434 3771 de
1458 3715 1589 3771 luce
1618 3715 1817 3785 vigilo.

157 3804 211 3863 ἲν.
247 3807 440 3863 Sitivit
470 3806 535 3860 in
561 3810 618 3861 te
655 3804 857 3861 anima
880 3819 1035 3873 mea,
1067 3820 1253 3871 quam
1288 3803 1687 3875 multipliciter
1714 3802 1820 3860 tibi

156 3900 201 3950 et
222 3911 366 3951 caro
402 3910 567 3950 mea.
600 3897 666 3949 ln
698 3898 854 3949 terra
878 3893 1130 3957 deserta,
1158 3892 1320 3948 invia
1348 3896 1404 3948 et
1430 3892 1745 3964 inaquosa.

216 3985 458 4040 Lauda.
517 3982 726 4039 Omnis
783 3981 1024 4053 spiritus
1066 3980 1273 4037 laudet
1308 3996 1533 4037 nomen
1584 3979 1820 4037 Domini

154 4072 439 4128 Psatmus
464 4086 549 4127 CL.

257 4160 465 4215 Lectio
500 4160 629 4215 libri
657 4160 942 4216 Samuelis
967 4158 1184 4230 (Primi
1210 4160 1351 4229 Reg.
1394 4173 1527 4229 cap.
1557 4158 1702 4227 xxi).

213 4260 285 4319 ﬁ.
322 4247 454 4304 Deo
482 4248 723 4320 gratias.

210 4341 278 4392 In
299 4334 391 4391 illi
402 4352 431 4389 s
453 4334 696 4390 diebus:
721 4333 884 4389 Venit
898 4332 1082 4389 David
1099 4333 1159 4389 in
1174 4334 1334 4389 Nobe
1348 4334 1426 4389 ad
1443 4333 1820 4390 Achimelech

1924 1869 2015 1918 eo,
2048 1854 2128 1909 da
2158 1855 2305 1911 mihi
2325 1871 2483 1913 eum.
2505 1857 2768 1915 Surrexit
2797 1858 2998 1930 itaque
3028 1857 3236 1925 David,
3268 1861 3325 1914 et
3345 1857 3495 1927 fugit
3517 1858 3580 1913 in

1924 1942 2021 1998 die
2036 1941 2185 1999 illaa
2206 1943 2355 2000 facie
2389 1945 2526 2001 Saul
2552 1963 2565 2002 :
2586 1951 2643 2002 et
2668 1946 2831 2002 venit
2856 1946 2934 2002 ad
2962 1945 3139 2002 Achis
3162 1961 3365 2016 regem
3391 1946 3537 2003 Geth
3560 1962 3578 1999 :

1925 2029 2319 2105 dixeruntque
2375 2034 2532 2090 servi
2585 2034 2784 2103 Achis,
2840 2050 2980 2091 cum
3016 2033 3306 2091 vidissent
3343 2033 3576 2093 David:

1924 2119 2228 2190 Numquid
2256 2136 2379 2177 non
2408 2122 2516 2177 iste
2547 2126 2634 2178 est
2651 2121 2839 2178 David
2858 2137 2962 2178 rex
2978 2126 3148 2178 terrae
3167 2122 3196 2178 ?
3218 2136 3420 2178 nonne
3438 2119 3581 2177 huic

1926 2207 2253 2265 cantabant
2273 2225 2378 2281 per
2402 2210 2635 2276 choros,
2665 2210 2929 2267 dicentes
2956 2226 2968 2265 :
2992 2210 3283 2267 Percussit
3302 2207 3582 2266 Saulmil-

1926 2294 2000 2362 le,
2028 2301 2085 2351 et
2106 2297 2291 2353 David
2317 2299 2528 2355 decem
2549 2299 2739 2357 millia
2763 2299 2791 2354 ‘t
2814 2299 3017 2355 Posuit
3038 2303 3241 2356 autem
3258 2296 3446 2355 David
3466 2312 3583 2354 ser-

1928 2399 2140 2439 mones
2162 2385 2305 2442 istos
2325 2387 2387 2442 in
2416 2387 2594 2444 corde
2612 2404 2743 2456 suo,
2774 2392 2831 2443 et
2861 2388 3134 2443 extimuit
3160 2386 3339 2444 valde
3367 2402 3405 2443 a
3427 2384 3582 2443 facie

1928 2472 2103 2527 Achis
2124 2474 2277 2543 regis
2308 2475 2471 2531 Geth.
2504 2475 2836 2531 Etmutavit
2865 2491 2934 2531 os
2965 2491 3142 2530 suum
3164 2490 3367 2531 coram
3382 2474 3579 2540 Achis,

1931 2561 2591 2619 etconlabebaturinter
2604 2579 2821 2619 manus
2834 2562 3583 2633 eorum,etimpingebatin

1931 2649 2081 2705 ostia
2100 2659 2302 2720 portae,
2335 2650 2798 2722 deﬂuebantque
2826 2650 3028 2706 salivae
3053 2650 3184 2720 ejus
3212 2650 3274 2704 in
3298 2649 3581 2707 barbam.

1932 2739 1995 2793 Et
2017 2738 2097 2794 ait
2117 2738 2291 2793 Achis
2317 2740 2395 2794 ad
2417 2755 2620 2795 servos
2640 2754 2782 2795 suos
2816 2757 2829 2794 :
2854 2736 3088 2794 Vidistis
3103 2737 3411 2793 hominem
3428 2737 3584 2795 insa-

1930 2842 2078 2882 num
2102 2844 2115 2881 :
2130 2842 2315 2899 quare
2329 2827 2662 2883 adduxistis
2678 2843 2817 2883 eum
2830 2826 2909 2884 ad
2921 2842 3018 2883 me
3032 2827 3061 2882 ?
3073 2829 3162 2882 An
3180 2825 3397 2882 desunt
3407 2825 3583 2883 nobis

1930 2914 2156 2982 furiosi,
2214 2915 2357 2988 quia
2406 2915 2815 2972 introduxistis
2858 2917 3060 2985 istum,
3104 2919 3168 2972 ut
3222 2914 3439 2972 fureret
3487 2930 3585 2971 me

1931 3008 2221 3076 praesente
2247 3005 2276 3059 ?
2300 3004 2572 3062 dimittite
2588 3005 2751 3062 illum
2791 3024 2804 3059 :
2833 3005 2973 3062 hinc
2993 3021 3068 3061 ne
3097 3003 3465 3075 ingrediatur
3482 3004 3588 3061 do-

1930 3109 2100 3149 mum
2121 3110 2320 3151 meam
2344 3093 2373 3150 ?
2404 3095 2577 3166 (Cap.
2611 3096 2778 3165 xxu.)
2800 3094 2954 3150 Abiit
2977 3108 3119 3164 ergo
3136 3093 3275 3150 inde
3295 3093 3503 3161 David,
3530 3096 3587 3149 et

1929 3182 2078 3253 fugit
2104 3184 2166 3239 in
2200 3184 2553 3256 speluncam
2586 3183 2883 3240 Odollam.
2909 3182 3079 3249 Quod
3109 3199 3249 3238 cum
3275 3182 3587 3239 audissent

1929 3272 2136 3327 fratres
2157 3272 2307 3343 ejus,
2326 3270 2856 3328 descenderuntad
2867 3287 3005 3327 eum
3024 3270 3187 3325 illuc.
3211 3273 3273 3325 Et
3294 3283 3586 3324 convene-

1928 3360 2157 3416 runtad
2170 3376 2308 3416 eum
2326 3375 2556 3427 omnes,
2589 3360 2692 3432 qui
2705 3359 2943 3415 erantin
2960 3358 3238 3427 angustia
3260 3356 3580 3422 constituti,

1928 3452 1985 3505 et
2004 3450 2277 3522 oppressi
2298 3464 2482 3520 arege
2501 3448 2717 3515 alieno,
2736 3452 2792 3504 et
2818 3462 3026 3504 amaro
3050 3447 3253 3502 animo
3286 3464 3298 3501 :
3329 3443 3585 3501 etfactus

1930 3544 2015 3594 est
2044 3555 2252 3594 eorum
2273 3538 2571 3610 princeps,
2598 3536 2955 3609 fueruntque
2975 3552 3113 3591 cum
3139 3550 3210 3591 eo
3239 3535 3415 3607 quasi
3438 3548 3587 3607 qua-

1927 3626 2227 3697 dringenti
2239 3627 2369 3683 viri.
2386 3629 2450 3682 Et
2461 3625 2760 3699 profectus
2774 3629 2861 3681 est
2874 3624 3060 3682 David
3082 3623 3222 3679 inde
3235 3623 3297 3679 in
3319 3625 3582 3695 Maspha,

1928 3731 2063 3787 qua:
2086 3719 2176 3771 est
2204 3714 2376 3772 Moab
2408 3732 2422 3770 :
2456 3721 2513 3771 et
2556 3714 2705 3771 dixit
2734 3714 2813 3771 ad
2842 3728 3046 3784 regem
3075 3712 3245 3770 Moab
3280 3730 3293 3765 :
3336 3715 3584 3782 Maneat,

1927 3820 2053 3869 oro,
2108 3808 2277 3877 pater
2312 3820 2482 3860 meus
2507 3809 2564 3860 et
2600 3808 2791 3860 mater
2836 3819 2975 3860 mea
3012 3802 3342 3874 vobiscum,
3393 3801 3587 3858 donec

1927 3892 2114 3948 sciam
2134 3892 2282 3963 quid
2306 3891 2486 3949 faciat
2498 3892 2649 3948 mihi
2665 3894 2838 3947 Deus.
2866 3894 2932 3948 Et
2955 3890 3192 3964 reliquit
3216 3906 3318 3948 eos
3345 3894 3481 3947 ante
3502 3889 3584 3948 fa-

1928 3982 2068 4037 ciem
2078 3980 2232 4052 regis
2247 3980 2411 4039 Moab
2431 4000 2444 4034 :
2458 3996 2591 4038 man
2598 3984 2907 4052 seruntque
2920 3980 3074 4053 apud
3086 3996 3218 4037 eum
3228 3979 3457 4036 cunctis
3468 3978 3587 4036 die.

1925 4068 2065 4138 bus,
2094 4069 2311 4141 quibus
2341 4068 2529 4126 David
2559 4069 2667 4126 fuit
2701 4070 2764 4125 in
2808 4068 3113 4141 praesidio.
3152 4068 3424 4141 Dixitque
3461 4066 3589 4125 Gad

1927 4159 2218 4230 propheta
2236 4158 2315 4215 ad
2328 4158 2549 4216 David:
2581 4158 2708 4215 Noli
2735 4172 2978 4214 manere
2998 4158 3060 4213 in
3081 4157 3384 4229 praesidio,
3407 4157 3590 4231 proﬁ-

1927 4246 2167 4314 ciscere,
2191 4251 2247 4303 et
2265 4248 2419 4304 vade
2436 4249 2498 4307 in
2522 4250 2741 4304 terram
2761 4248 2790 4301 J
2797 4246 2935 4303 uda.
2962 4249 3029 4303 Et
3046 4246 3343 4318 profectus
3374 4244 3584 4312 David,

1927 4339 1983 4391 et
2008 4336 2167 4392 venit
2196 4336 2255 4391 in
2279 4336 2502 4392 saltum
2522 4336 2759 4392 Hareth.
2793 4335 2860 4391 Et
2882 4335 3112 4392 audivit
3132 4335 3273 4392 Saul
3295 4335 3462 4408 quod
3482 4349 3587 4407 ap-

138 4422 583 4516 sacerdotem:
608 4426 667 4516 et
694 4420 1003 4516 obstupuit
1022 4420 1424 4516 Achimelech,
1445 4437 1515 4477 eo
1536 4422 1700 4495 quod
1720 4437 1817 4477 ve-
1854 4462 1901 4516 D
1928 4424 2221 4498 paruisset
2237 4424 2445 4495 David,
2469 4430 2525 4481 et
2540 4425 2765 4497 viriqui
2779 4428 3098 4481 erantcum
3117 4440 3208 4481 eo.
3226 4424 3365 4481 Saul
3386 4428 3587 4479 autem

139 4513 325 4569 uisset
358 4510 575 4568 David.
608 4510 675 4567 Et
704 4509 852 4566 dixit
880 4510 933 4565 ei
965 4526 977 4564 :
1008 4511 1200 4574 Quare
1223 4514 1284 4565 tu
1323 4510 1510 4579 solus,
1540 4517 1595 4567 et
1621 4511 1821 4566 nullus

154 4605 457 4658 esttecum
475 4601 508 4656 ?
541 4603 606 4656 Et
625 4597 906 4655 aitDavid
927 4598 1005 4654 ad
1020 4598 1394 4653 Achimelech
1421 4602 1776 4656 sacerdotem
1804 4620 1818 4660 :

146 4691 257 4748 Rex
284 4689 591 4765 praecepit
622 4688 768 4743 mihi
805 4702 1168 4751 sermonem,
1204 4692 1257 4742 et
1289 4686 1367 4743 ait
1399 4704 1410 4742 :
1444 4690 1629 4745 Nemo
1678 4690 1824 4747 sciat

131 4783 568 4853 rem,propter
587 4792 776 4849 quam
802 4792 934 4833 ame
951 4776 1159 4831 missus
1173 4791 1260 4845 es,
1284 4780 1339 4832 et
1371 4777 1699 4849 cujusmodi
1715 4780 1823 4836 tibi

128 4872 453 4941 praecepta
487 4866 757 4922 dederim
786 4880 800 4919 :
826 4880 971 4922 nam
1003 4870 1057 4921 et
1081 4865 1281 4936 pueris
1307 4866 1546 4922 condixi
1575 4868 1637 4923 in
1665 4867 1824 4923 illum

126 4958 373 5014 etillum
389 4957 620 5013 locum.
648 4958 815 5011 Nunc
830 4955 1009 5024 igitur
1031 4953 1078 5008 si
1099 4953 1244 5026 quid
1261 4954 1449 5009 habes
1472 4958 1547 5011 ad
1569 4973 1819 5029 manum,

122 5048 228 5103 vel
253 5048 543 5119 quinque
560 5059 774 5116 panes,
800 5044 879 5099 da
899 5042 1057 5107 mihi,
1080 5046 1183 5098 aut
1199 5043 1487 5115 quicquid
1505 5045 1824 5102 inveneris.

122 5136 193 5189 Et
222 5134 621 5207 respondens
633 5131 915 5187 sacerdos
938 5130 1017 5186 ad
1032 5130 1240 5195 David,
1263 5131 1341 5186 ait
1359 5131 1408 5187 ei
1446 5146 1456 5185 :
1480 5134 1607 5188 Non
1628 5133 1825 5191 habeo

118 5237 333 5285 panes
350 5225 547 5280 laicos
563 5221 643 5277 ad
661 5236 913 5290 manum,
930 5219 1036 5276 sed
1049 5224 1269 5275 tantum
1285 5236 1495 5291 panem
1519 5228 1782 5278 sanctum
1808 5241 1821 5279 :

133 5310 188 5362 si
215 5312 442 5368 mundi
476 5314 621 5366 sunt
647 5309 838 5381 pueri,
870 5308 1132 5365 maxime
1171 5324 1207 5363 a
1234 5309 1586 5366 mulieribus
1607 5313 1635 5369 i’
1656 5314 1719 5367 Et
1740 5329 1826 5369 re-

148 5402 397 5469 spondit
418 5399 614 5456 David
636 5397 952 5468 sacerdoti,
978 5402 1032 5453 et
1051 5397 1197 5453 dixit
1215 5398 1269 5453 ei
1301 5414 1313 5453 :
1341 5399 1649 5472 Equidem,
1683 5403 1729 5457 si
1751 5402 1826 5459 de

148 5490 507 5547 mulieribus
536 5488 735 5558 agitur
762 5504 776 5543 :
806 5486 1213 5544 continuimus
1236 5502 1344 5543 nos
1362 5488 1438 5544 ab
1462 5490 1607 5558 heri,
1644 5496 1700 5547 et
1719 5508 1828 5547 nu-

150 5572 529 5648 diustertius,
561 5575 814 5650 quando
841 5574 1300 5648 egrediebamur
1326 5582 1380 5633 et
1419 5578 1658 5637 fuerunt
1681 5595 1828 5638 vasa

1930 4528 2067 4569 cum
2088 4514 2428 4570 maneretin
2460 4515 2681 4580 Gabaa,
2705 4518 2760 4570 et
2777 4519 2931 4570 esset
2958 4513 3019 4569 in
3044 4528 3306 4583 nemore,
3323 4512 3489 4584 quod
3501 4513 3588 4567 est

1928 4604 1989 4659 in
2004 4605 2459 4670 Rama,hastam
2484 4620 2669 4660 manu
2693 4608 2920 4675 tenens,
2939 4604 3254 4675 cunctique
3283 4602 3436 4657 servi
3453 4599 3585 4671 ejus

1932 4694 2379 4750 circumstarent
2393 4710 2552 4759 eum,
2574 4692 2656 4749 ait
2674 4692 2747 4749 ad
2780 4708 2985 4750 servos
2998 4694 3100 4765 qui
3115 4688 3536 4749 assistebantei
3569 4704 3584 4744 :

1930 4782 2137 4838 Audite
2169 4783 2274 4838 ﬁlii
2304 4782 2521 4838 Jemini
2558 4798 2570 4838 :
2604 4782 2905 4855 numquid
2934 4781 3216 4838 omnibus
3233 4778 3404 4835 vobis
3424 4777 3589 4836 dabit

1931 4870 2088 4926 ﬁlius
2132 4872 2243 4926 [sai
2277 4887 2455 4941 agros
2498 4876 2554 4926 et
2584 4871 2817 4934 vineas,
2844 4876 2900 4926 et
2941 4871 3243 4925 universos
3274 4884 3378 4925 vos
3416 4868 3592 4926 faciet

1932 4960 2283 5026 tribunos,et
2295 4959 2675 5015 centuriones
2690 4978 2702 5014 :
2718 4959 2997 5031 quoniam
3012 4958 3371 5028 conjurastis
3383 4973 3591 5015 omnes

1933 5051 2253 5105 adversum
2284 5066 2401 5115 me,
2435 5054 2492 5105 et
2522 5052 2749 5104 nonest
2768 5048 2873 5120 qui
2907 5046 3379 5115 mihirenuntiet,
3408 5046 3592 5104 maxi-

1931 5154 2028 5193 me
2059 5154 2195 5193 cum
2227 5142 2282 5193 et
2306 5138 2462 5193 ﬁlius
2490 5152 2660 5193 meus
2690 5138 2882 5193 faadus
2912 5138 3107 5194 inierit
3130 5154 3269 5193 cum
3295 5131 3593 5192 ﬁliolsai?

1933 5229 2061 5281 Non
2101 5232 2188 5281 est
2216 5226 2319 5298 qui
2351 5226 2539 5281 vicem
2572 5242 2772 5283 meam
2802 5227 3004 5283 doleat
3034 5244 3106 5282 ex
3135 5227 3322 5289 vobis,
3346 5238 3455 5277 nec
3483 5220 3589 5292 qui

1932 5314 2242 5371 annuntiet
2282 5314 2427 5370 mihi
2461 5334 2473 5383 ;
2508 5331 2577 5371 eo
2618 5317 2784 5388 quod
2824 5306 3189 5372 suscitaverit
3228 5312 3383 5366 ﬁlius
3418 5324 3590 5364 meus

1934 5419 2173 5460 servum
2196 5420 2399 5460 meum
2432 5405 2749 5461 adversum
2782 5420 2899 5470 me,
2931 5404 3297 5457 insidiantem
3335 5398 3593 5454 mihius-

1933 5508 2050 5566 que
2067 5492 2265 5549 hodie.
2300 5494 2691 5566 Respondens
2718 5496 2916 5549 autem
2946 5490 3106 5560 Doeg
3138 5488 3459 5556 Idumaeas,
3486 5486 3595 5560 qui

1935 5582 1989 5637 ei
2011 5582 2348 5652 assistebat,
2372 5589 2429 5641 et
2453 5587 2577 5641 erat
2603 5583 2835 5653 primus
2857 5579 3011 5636 inter
3026 5576 3418 5636 servos-Saul.
3442 5573 3591 5647 Vidi,
