4094 6164
633 362 736 421 495
1874 343 2250 408 BREVIARII

2330 392 2332 398 ,
2368 337 2758 400 GOTHICUM.
3873 350 3947 407 8196

628 485 842 559 inquit,
863 483 1054 542 ﬁlium
1081 481 1192 540 lsai
1215 481 1278 539 in
1298 480 1480 545 Nobe,
1509 479 1674 552 apud
1692 474 2070 536 Achimelech
2088 473 2280 530 ﬁlium
2309 469 2356 524 A
2396 467 2954 559 conclususqueest,
2978 465 3376 559 introgressus
3397 459 3616 559 urbem,
3632 461 3687 519 in
3700 475 3952 540 quaportm

634 550 884 632 Achitob
897 571 1294 630 sacerdotem.
1316 570 1427 636 Qui
1441 550 1858 639 con—suluitpro
1871 582 1942 623 eo
1957 562 2281 626 Dominum,
2393 562 2450 615 et
2467 573 2612 614 serae
2642 561 2800 613 sunt.
2831 555 2899 612 Et
2921 552 3205 628 praecepit
3234 550 3375 609 Saul
3403 551 3564 608 omni
3591 555 3806 624 populo,
3824 563 3877 614 ut
3897 561 3956 617 ad

637 662 928 720 etcibaria
942 659 1169 718 deditei
1197 677 1211 716 :
1231 658 1336 714 sed
1348 662 1405 714 et
1424 657 1692 728 gladium
1717 655 1948 713 Goliath
1967 650 2286 710 Philisthaei
2393 662 2663 719 pugnam
2685 644 3071 701 descenderet
3091 642 3152 698 in
3175 639 3394 698 Ceilam
3423 656 3436 694 :
3461 649 3515 695 et
3533 639 3798 699 obsideret
3815 647 3956 704 David

636 752 801 808 dedit
829 751 929 807 illi.
965 748 1114 805 Misit
1142 763 1284 819 ergo
1310 763 1413 803 rex
1433 746 1510 802 ad
1549 743 1977 802 accersendum
2018 739 2288 796 Achime-
2394 742 2453 791 et
2476 735 2633 791 viros
2655 734 2804 805 ejus.
2830 731 3002 800 Quod
3031 747 3159 787 cum
3185 728 3458 819 rescisset
3483 729 3670 819 David,
3705 732 3824 804 quia
3845 749 3956 800 pra:-

637 841 768 898 lech
796 840 982 895 ﬁlium
1015 818 1284 902 Achitob,
1316 836 1492 907 289
1537 833 1926 896 sacerdotem,
1957 835 2014 888 et
2044 843 2288 886 omnem
2396 830 2631 898 pararet
2658 823 2711 880 ei
2741 824 2879 881 Saul
2905 823 3060 879 clam
3087 835 3360 887 manum,
3379 818 3524 875 dixit
3549 819 3622 875 ad
3640 819 3956 882 Abiatharsa-

642 929 892 985 domum
911 926 1093 998 patris
1111 925 1260 996 ejus,
1282 923 1680 985 sacerdotum,
1704 921 1807 992 qui
1829 923 1996 975 erant
2020 918 2082 973 in
2103 915 2286 981 Nobe,
2396 913 2697 969 cerdotem
2726 929 2740 968 :
2768 911 3016 984 Applica
3035 909 3110 966 ad
3135 907 3469 998 meephod.
3502 909 3560 963 Et
3577 908 3651 964 ait
3669 908 3854 966 David:
3879 912 3954 969 Do-

627 1017 731 1090 qui
745 996 1312 1070 veneruntuniversi
1337 1011 1416 1067 ad
1432 1026 1654 1081 regem.
1677 1009 1838 1065 Etait
1860 1006 2001 1065 Saul
2027 1005 2105 1062 ad
2130 1019 2234 1060 eos
2265 1020 2280 1059 :
2397 1001 2557 1058 mine
2569 1003 2724 1057 Deus
2755 999 2950 1066 Israel,
2975 998 3203 1056 audivit
3231 996 3458 1053 famam
3472 1001 3819 1063 survustuus,
3835 1002 3954 1071 quod

636 1086 2003 1172 AudiﬁliAchitob.Quirespondit.Prmstosum
2035 1092 2286 1150 domine.
2397 1090 2681 1162 disponat
2706 1089 2844 1146 Saul
2874 1088 3074 1144 venire
3103 1086 3165 1143 in
3206 1086 3445 1152 Ceilam,
3487 1090 3547 1142 ut
3573 1090 3772 1142 evertat
3800 1089 3954 1145 urbem

629 1191 904 1262 Dixitque
920 1190 997 1247 ad
1021 1205 1158 1245 eum
1174 1189 1312 1248 Saul
1333 1209 1346 1245 :
1376 1190 1568 1254 Quare
1595 1187 1727 1258 conj
1739 1185 1948 1242 urastis
1966 1183 2290 1242 adversum
2397 1183 2640 1252 propter
2660 1194 2756 1234 me
2779 1196 2792 1231 :
2814 1179 2869 1235 Si
2889 1176 3121 1233 tradent
3136 1192 3231 1232 me
3254 1174 3361 1230 viri
3384 1173 3550 1231 Ceila:
3569 1174 3626 1230 in
3642 1191 3804 1231 manu
3824 1177 3954 1246 ejus?

624 1297 744 1351 me,
767 1285 832 1336 tu
847 1285 904 1336 et
924 1279 1082 1335 ﬁlius
1101 1279 1209 1334 lsai
1235 1298 1249 1347 ;
1282 1284 1338 1334 et
1356 1277 1570 1333 dedisti
1593 1277 1675 1331 eis
1705 1291 1893 1348 panes
1921 1272 2286 1344 etgladium,
2400 1269 2518 1326 etsi
2545 1267 2866 1324 descendet
2886 1266 3025 1324 Saul
3054 1265 3204 1322 sicut
3229 1263 3451 1321 audivit
3483 1279 3677 1319 servus
3698 1269 3814 1320 tuus
3838 1265 3955 1322 ἳῡο-

624 1375 682 1426 et
711 1368 1060 1426 consuluisti
1090 1367 1173 1422 eis
1203 1367 1544 1430 Dominum,
1572 1370 1635 1420 ut
1666 1369 2055 1432 consurgeret
2075 1361 2286 1416 adver-
2400 1357 2558 1413 mine
2575 1357 2730 1412 Deus
2753 1354 3146 1413 Israelindica
3167 1369 3340 1409 servo
3363 1356 3489 1408 tuo.
3521 1354 3582 1407 Et
3602 1351 3678 1407 ait
3697 1351 3953 1408 Dominus:

627 1474 762 1514 sum
794 1473 910 1521 me,
945 1455 1252 1512 insidiator
1300 1470 1489 1527 usque
1520 1453 1700 1509 hodie
1745 1465 2110 1525 permanens
2132 1449 2160 1505 ?
2187 1451 2290 1504 Re-
2400 1445 2741 1502 Descendet.
2768 1442 3239 1517 DixitqueDavid
3262 1464 3274 1498 :
3300 1442 3358 1497 Si
3377 1440 3863 1498 tradentviriCeilm
3882 1458 3953 1506 me,

575 1579 584 1592 ρ
625 1542 1377 1618 sponditqueAchimelech
1395 1541 1541 1611 regi,
1564 1547 1618 1596 et
1640 1541 1724 1597 ait
1751 1560 1763 1596 :
1791 1539 2084 1612 thuisin
2101 1536 2290 1594 omni—
2399 1542 2456 1592 et
2485 1535 2640 1592 viros
2669 1535 2768 1606 qui
2797 1542 2938 1590 sunt
2961 1548 3218 1602 mecum,
3248 1532 3307 1587 in
3339 1547 3555 1618 manus
3578 1529 3705 1587 Saul
3730 1531 3753 1585 ?
3780 1533 3832 1586 Et
3855 1531 3956 1586 dixit

625 1633 740 1690 bus
763 1633 950 1688 servis
969 1632 1106 1698 tuis,
1125 1631 1272 1686 sicut
1288 1629 1478 1686 David
1502 1628 1712 1694 ﬁdelis,
1735 1633 1790 1684 et
1808 1643 1988 1698 gener
2009 1625 2191 1696 regis,
2231 1634 2288 1686 et
2401 1624 2691 1680 Dominus
2719 1622 3028 1680 :‘l‘radent.
3063 1619 3325 1680 Surrexit
3341 1633 3484 1690 ergo
3508 1617 3683 1675 David
3697 1623 3744 1674 et
3765 1618 3850 1674 viri
3865 1620 3955 1689 ejus

632 1736 888 1794 pergens
915 1720 990 1776 ad
1024 1717 1344 1790 imperium
1380 1722 1567 1782 tuum,
1599 1722 1654 1772 et
1684 1716 1979 1786 gloriosus
2005 1715 2068 1770 in
2105 1714 2288 1770 domo
2398 1713 2574 1786 quasi
2601 1711 2879 1778 sexcenti,
2914 1716 2970 1768 et
2997 1710 3219 1782 egressi
3249 1709 3322 1765 de
3356 1707 3526 1772 Ceila,
3556 1707 3664 1762 huc
3690 1711 3838 1779 atque
3861 1706 3955 1762 illuc

633 1813 736 1865 tua
756 1807 784 1862 ‘I
811 1811 961 1864 Num
983 1806 1165 1863 hodie
1187 1806 1344 1878 coepi
1366 1804 1676 1861 consulere
1695 1819 1800 1876 pro
1823 1819 1892 1860 eo
1912 1803 2232 1860 Dominum
2259 1801 2286 1858 ?
2325 1822 2368 1878 Β
2397 1799 2986 1872 vagabanturincerti
3010 1816 3021 1855 :
3045 1799 3505 1869 nuntiatumque
3524 1801 3604 1850 est
3622 1795 3954 1866 Saulquodfu-

632 1896 790 1953 absit
805 1896 920 1952 hoc
937 1911 1114 1952 ame:
1143 1911 1216 1950 ne
1242 1893 1579 1966 suspicetur
1599 1909 1701 1949 rex
1726 1893 2018 1950 adversus
2045 1906 2286 1947 servum
2397 1889 2773 1963 gissetDavid
2784 1889 2858 1945 de
2872 1888 3046 1946 Ceila.
3063 1885 3443 1954 Quamobrem
3457 1882 3948 1940 dissimulabatexire.

624 2001 794 2040 suum
810 2000 926 2040 rem
939 1983 1420 2053 hujuscemodiin
1435 1981 1906 2038 universadomo
1923 1981 2105 2053 patris
2131 1979 2238 2036 mei
2269 2002 2282 2040 :
2395 1979 2728 2036 Morabatur
2756 1981 2956 2034 autem
2985 1975 3174 2034 David
3195 1977 3253 2031 in
3281 1975 3519 2031 deserto
3539 1974 3596 2028 in
3624 1973 3751 2028 locis
3771 1971 3949 2028 fortissi-

622 2087 746 2128 non
767 2072 926 2128 enim
941 2071 1328 2126 scivitservus
1349 2077 1485 2127 tuus
1507 2071 1835 2144 quicquam
1861 2085 2038 2142 super
2053 2069 2166 2124 hoc
2189 2083 2286 2124 ne-
2396 2069 2532 2135 mis,
2552 2066 2960 2139 mansitquein
2976 2069 3243 2122 montem
3255 2062 3591 2119 solitudinis
3616 2061 3741 2133 Ziph
3757 2079 3770 2114 :
3787 2074 3950 2132 quere-

631 2162 860 2232 gotium
907 2160 1001 2216 vel
1033 2159 1334 2216 medicum
1384 2159 1475 2215 vel
1521 2158 1772 2232 grande.
1825 2158 2099 2230 Dixitque
2135 2173 2238 2214 rex
2268 2177 2281 2216 :
2394 2155 2501 2213 bat
2525 2161 2721 2213 tamen
2747 2170 2885 2210 eum
2911 2152 3045 2211 Saul
3076 2152 3299 2209 cunctis
3321 2150 3536 2207 diebus
3558 2167 3570 2203 :
3594 2145 3950 2205 etnontradidit

639 2251 818 2306 Morte
847 2249 1115 2305 morieris
1135 2248 1532 2314 Achimelech,
1566 2248 1926 2313 tu,etomnis
1939 2247 2157 2303 domus
2181 2262 2287 2320 pa—
2396 2261 2536 2302 eum
2567 2244 2723 2300 Deus
2745 2245 2802 2300 in
2821 2243 3202 2313 manusejus.
3219 2243 3283 2297 Et
3302 2238 3643 2296 viditDavid
3663 2237 3801 2310 quod
3815 2250 3949 2305 egres-

622 2340 723 2396 tris
756 2339 857 2395 tui.
905 2341 970 2395 Et
1020 2339 1101 2394 ait
1132 2353 1231 2394 rex
1275 2337 1622 2402 emissariis,
1667 2337 1771 2410 qui
1816 2335 2285 2392 circumstabant
2398 2349 2501 2389 sus
2529 2333 2772 2390 estSaul
2804 2331 3465 2404 utqueereretanimam
3489 2328 3630 2399 ejus.
3654 2321 3948 2382 PorroDavid

640 2425 1649 2494 eum:Convertimini,etinterﬁcite
1663 2425 2001 2483 sacerdotes
2014 2424 2237 2481 Domini
2267 2440 2280 2481 :
2396 2428 2521 2480 erat
2548 2422 2611 2478 in
2639 2422 2874 2478 deserto
2902 2420 3044 2493 Ziph
3074 2421 3135 2476 in
3184 2419 3353 2476 silva.
3393 2422 3459 2474 Et
3496 2417 3718 2473 surrexit
3739 2413 3950 2470 Jonathas

637 2532 1012 2573 nammanus
1028 2531 1234 2571 eorum
1252 2531 1388 2570 cum
1413 2514 1598 2570 David
1611 2518 1702 2570 est
1721 2533 1734 2570 :
1755 2515 2006 2570 scientes
2018 2513 2184 2585 quod
2202 2512 2287 2569 fu-
2393 2511 2553 2569 ﬁlius
2591 2511 2731 2568 Saul
2759 2512 2821 2567 in
2847 2511 3101 2583 sylvam,
3135 2514 3190 2566 et
3219 2507 3576 2566 confortavit
3594 2521 3782 2561 manus
3798 2501 3892 2573 ejus
3911 2500 3946 2553 in

635 2605 838 2675 gisset,
875 2610 931 2660 et
954 2619 1077 2660 non
1105 2602 1519 2658 indicaverunt
1554 2602 1720 2659 mihi.
1744 2602 2285 2659 Nolueruntautem
2394 2600 2669 2666 Domino,
2693 2599 2964 2672 dixitque
2985 2598 3038 2655 ei
3071 2617 3083 2654 :
3114 2601 3196 2654 Ne
3218 2597 3438 2655 timeas
3462 2614 3473 2651 :
3497 2610 3677 2668 neque
3697 2590 3946 2649 eniminve-

622 2695 775 2749 servi
813 2691 974 2763 regis
1004 2691 1319 2747 extendere
1349 2707 1599 2747 manum
1624 2707 1800 2747 suam
1844 2691 1906 2747 in
1945 2690 2283 2747 sacerdotes
2392 2689 2512 2746 niet
2537 2693 2591 2746 te
2611 2704 2828 2746 manus
2851 2688 2985 2745 Saul
3006 2688 3194 2760 patris
3220 2687 3363 2757 mei,
3394 2692 3452 2744 et
3478 2691 3538 2742 tu
3563 2680 3798 2754 regnabis
3814 2690 3946 2750 super

634 2781 889 2838 Domini.
925 2783 990 2836 Et
1017 2781 1098 2836 ait
1121 2779 1197 2836 ad
1227 2781 1388 2851 Doeg
1407 2779 1740 2836 Idumaaum
1770 2795 1782 2834 ε
1817 2782 2165 2836 Convertere
2194 2785 2279 2847 tu,
2389 2778 2590 2846 Israel,
2623 2782 2680 2834 et
2716 2793 2858 2848 ergo
2882 2793 2982 2834 ero
3013 2776 3120 2834 tibi
3149 2775 3478 2840 secundus,
3507 2773 3609 2831 sed
3630 2777 3678 2829 et
3691 2768 3794 2827 Saul
3814 2769 3944 2839 pater

623 2874 682 2926 et
705 2871 876 2926 inrue
897 2870 959 2924 in
981 2870 1322 2926 sacerdotes
1348 2867 1611 2926 Domini.
1650 2870 2099 2941 Conversusque
2117 2869 2280 2940 Doeg
2389 2882 2560 2924 meus
2586 2865 2696 2923 scit
2723 2866 2859 2923 hoc.
2892 2865 3311 2923 Percusserunt
3337 2865 3519 2936 igitur
3567 2867 3774 2932 uterque
3794 2853 3941 2910 icedus

613 2959 937 3022 ldumteus,
960 2957 1141 3013 inruit
1165 2957 1224 3012 in
1239 2956 1582 3014 sacerdotes
1597 2957 1853 3022 Domini,
1878 2961 1934 3013 et
1957 2957 2272 3014 trucidavit
2385 2971 2590 3013 coram
2603 2955 2855 3012 Domino
2870 2973 2882 3011 :
2898 2955 3236 3027 mansitque
3256 2953 3451 3010 David
3469 2954 3530 3009 in
3553 2949 3709 3006 silva:
3726 2943 3939 3002 Jonalhas

611 3047 674 3102 in
699 3047 794 3101 die
809 3045 910 3101 illa
935 3045 1240 3114 octoginta
1263 3044 1533 3117 quinque
1552 3045 1709 3101 viros
1725 3047 1961 3102 vestitos
1987 3046 2186 3118 ephod
2204 3045 2270 3102 li-
2380 3049 2582 3101 autem
2620 3059 2891 3101 reversus
2927 3048 3015 3100 est
3041 3044 3102 3100 in
3122 3043 3382 3102 domum
3413 3057 3599 3100 suam.

612 3149 748 3191 neo.
779 3133 943 3190 Nobe
981 3137 1182 3189 autem
1211 3132 1463 3188 civitatis
1487 3133 1865 3189 sacerdotum
1879 3135 2172 3206 percussit
2204 3136 2266 3192 in
2304 3173 2345 3230 Ο
2449 3145 2514 3204 Βι.
2544 3137 2751 3190 Amen.

611 3238 713 3280 ore
743 3221 948 3294 gladii,
980 3221 1140 3278 viros
1167 3225 1225 3278 et
1245 3219 1540 3292 mulieres,
1569 3220 1854 3294 parvulos
1877 3227 1933 3279 et
1953 3222 2260 3292 lactantes,
2307 3219 2344 3230 ’⁸
2445 3223 2740 3292 Hymnus.
2772 3221 2968 3279 Noctis
2995 3224 3255 3294 tempus.
3291 3221 3410 3290 fol.
3444 3221 3563 3276 257.

609 3312 821 3370 bovem
834 3316 890 3368 et
920 3309 1504 3376 asinum,etovemin
1524 3325 1625 3366 ore
1641 3309 1845 3380 gladii.
1872 3311 2142 3368 Evadens
2164 3329 2267 3370 au-
2449 3309 2746 3380 Capitula.
2785 3309 2972 3367 Multis
2994 3313 3048 3367 te
3086 3325 3196 3382 pro
3247 3308 3430 3366 nobis
3457 3303 3788 3366 vulneribus,
3826 3298 3933 3352 bone

613 3407 733 3458 tem
756 3417 910 3457 unus
936 3399 1090 3455 ﬁlius
1112 3397 1506 3464 Achimelech,
1533 3398 1636 3454 ﬁlii
1663 3398 1936 3471 Achitob,
1963 3401 2136 3472 cujus
2158 3417 2264 3459 no-
2376 3397 2620 3466 Christe,
2671 3398 3018 3455 confossum
3056 3397 3379 3470 credimus,
3449 3401 3506 3453 et
3554 3393 3792 3453 fatemur.
3837 3399 3931 3441 cum
3985 3453 3987 3463 4

606 3505 745 3546 men
759 3488 1202 3558 eratAbiathar,
1225 3486 1465 3558 fugitad
1487 3488 1695 3558 David,
1727 3492 1783 3544 et
1801 3489 2178 3546 annuntiavit
2209 3490 2262 3546 ei
2373 3487 2632 3560 exceptis
2662 3487 2969 3560 suppliciis
2995 3487 3210 3554 carnis,
3243 3491 3302 3543 et
3339 3486 3613 3560 loquens,
3644 3479 3796 3552 290
3819 3480 3858 3532 et
3879 3478 3932 3528 ὶδ-
3983 3517 3985 3537 ι

604 3576 772 3647 quod
794 3575 1107 3632 occidisset
1137 3575 1275 3632 Saul
1297 3575 1634 3632 sacerdotes
1665 3576 1919 3632 Domini.
1953 3579 2017 3633 Et
2043 3577 2124 3634 ait
2154 3579 2262 3635 Da-
2371 3591 2512 3632 cens
2540 3575 2778 3633 dolores
2794 3577 3050 3634 sustines
3069 3576 3373 3648 passionis
3404 3582 3492 3633 :te
3513 3567 3929 3637 etenimloquenie
3979 3573 3983 3648 ¹ι

601 3641 703 3719 vid
723 3663 811 3757 ad-
825 3663 1109 3757 Abiathar
1141 3683 1154 3718 :
1187 3663 1468 3757 Sciebam
1489 3663 1798 3757 indieilla,
1825 3665 1992 3757 quod
2016 3681 2154 3723 cum
2366 3663 2824 3738 blasphemasse
2843 3641 3338 3736 declam.ant:qui
3361 3662 3617 3720 converti
3639 3655 3901 3716 debuerant
3918 3664 3927 3742 ξ
3977 3641 3981 3757 "

605 3736 2250 3826 essetDoegIdumaeas,proculdubioannuntiaretSauli:
2366 3758 2423 3811 et
2451 3736 2518 3810 te.
2537 3759 2786 3821 tacente,
2816 3754 2877 3810 in
2910 3754 3125 3810 furoris
3165 3754 3409 3825 copiam
3451 3736 3925 3829 exardescuntﬁiui
3975 3761 3977 3829 ι

600 3857 712 3913 ego
745 3857 882 3897 sum
911 3857 1048 3898 reus
1077 3842 1350 3898 omnium
1376 3841 1716 3899 animarum
1746 3843 1929 3915 patris
1957 3843 2060 3899 tui.
2088 3846 2253 3901 Mane
2362 3841 2712 3899 humilitatis
2735 3848 2854 3898 tua:
2880 3824 3411 3900 mansuetudinem
3441 3857 3564 3898 non
3581 3839 3817 3894 verentur
3840 3846 3848 3881 :
3873 3824 3924 3915 da
3969 3843 3975 3915 ι

597 3945 857 3996 mecum,
879 3930 927 3986 si
951 3930 1089 4003 quis
1109 3931 1688 4004 quasieritanimam
1711 3947 1930 3998 meam,
1953 3937 2178 4005 quaeret
2195 3938 2252 3991 et
2361 3946 2503 4002 ergo
2524 3931 2720 4001 nobis,
2756 3937 2834 3998 ut,
2866 3931 2970 4004 qui
3007 3931 3310 4004 passionis
3341 3937 3462 3987 tum
3487 3928 3707 3986 dolores
3731 3911 3925 3978 concini-

594 4019 860 4082 animam
887 4022 1072 4086 tuam,
1107 4035 1468 4092 mecumque
1494 4019 1848 4077 servaberis.
1871 4020 2039 4091 (Cap.
2067 4027 2248 4091 xxm.)
2358 4035 2516 4088 mus,
2579 4037 2614 4077 a
2666 4020 2882 4077 nostris
2938 4019 3245 4076 doloribus
3283 4019 3608 4076 liberemur
3645 4017 3734 4070 :ut
3761 4016 3922 4072 magno

595 4111 662 4166 Et
687 4109 1114 4165 nuntiaverunt
1137 4108 1340 4175 David,
1371 4109 1636 4165 dicentes
1668 4125 1681 4164 :
1715 4111 1859 4165 Ecce
1889 4108 2247 4168 Philisthiim
2357 4108 2726 4165 discretionis
2757 4108 3005 4165 articulo
3037 4107 3291 4180 praediti,
3325 4115 3384 4164 et
3411 4108 3709 4179 loquentes
3728 4098 3786 4155 de
3809 4103 3865 4159 te,
3888 4096 3922 4143 et

590 4196 1732 4270 appugnantCeilam,etdiripiuntareas.
1751 4198 2246 4270 Consuluitigitur
2357 4198 2774 4270 praedicantes,
2805 4215 2942 4270 qua:
2963 4213 3102 4254 vera
3129 4202 3268 4254 sunt
3293 4216 3306 4266 ;
3333 4203 3394 4253 et
3420 4203 3609 4254 tacere
3635 4195 3852 4248 nostrum
3872 4180 3919 4230 sit

591 4285 777 4343 David
791 4285 1137 4353 Dominum,
1151 4286 1358 4343 dicens
1375 4302 1386 4342 :
1403 4289 1569 4342 Nunc
1582 4286 1811 4352 vadam,
1837 4290 1896 4343 et
1915 4288 2245 4358 percutiam
2357 4287 2513 4352 utile,
2528 4293 2584 4343 et
2603 4286 2768 4359 loqui
2781 4293 3066 4344 aeternam
3077 4286 3251 4344 nobis
3264 4283 3626 4359 proﬁciatad
3646 4273 3918 4338 mercedem.

587 4373 954 4432 Philisthaeos
975 4374 1123 4431 istos
1147 4374 1175 4429 ‘2
1195 4373 1257 4431 Et
1282 4374 1362 4431 ait
1387 4374 1676 4431 Dominus
1691 4374 1769 4431 ad
1789 4375 1978 4432 David
2012 4394 2023 4435 :
2060 4377 2238 4444 Vade,
2422 4376 2590 4434 Pater
2617 4382 2838 4433 noster.

587 4463 953 4536 etpercuties
977 4463 1366 4531 Philisthaaos,
1385 4463 1714 4520 etsalvabis
1742 4464 1978 4522 Ceilam.
2002 4465 2237 4523 Etdixe-
2272 4533 2303 4537 _
2419 4466 2656 4524 Lauda.
2674 4468 2895 4523 Memor
2917 4465 3001 4521 fui
3020 4465 3390 4537 judiciorum
3413 4469 3665 4524 tuorum,
3690 4452 3920 4513 Dominea

581 4557 722 4609 runt
749 4553 877 4618 viri,
902 4553 1007 4625 qui
1032 4557 1202 4609 erant
1221 4568 1357 4608 cum
1388 4551 1600 4618 David,
1629 4553 1708 4610 ad
1738 4569 1878 4610 eum
1905 4572 1918 4609 :
1954 4554 2099 4610 Ecce
2128 4571 2240 4612 nos
2271 4533 2316 4588 D
2350 4553 2570 4612 saeculo
2603 4571 2615 4608 :
2646 4559 2702 4612 et
2730 4533 3076 4612 consolatus
3104 4570 3259 4610 sum.
3285 4553 3347 4614 ἢν.
3382 4551 3639 4609 Deiectio
3668 4542 3820 4604 tenuit
3836 4545 3942 4598 ωεεῤ

582 4640 755 4698 hicin
775 4642 931 4698 Juda
953 4643 1345 4700 consistentes
1365 4641 1642 4699 timemus
1673 4663 1683 4700 :
1715 4647 1944 4716 quanto
1965 4643 2161 4715 magis
2191 4646 2240 4702 si
2349 4657 2457 4717 pro
2486 4642 2905 4716 peccatoribus
2921 4641 3475 4716 derelinquentibus
3511 4641 3697 4711 legem
3730 4640 3897 4717 tuama

577 4731 903 4788 ierimusin
943 4731 1098 4789 Ceila
1113 4731 2190 4802 adversumagminaPhilisthinorum
2209 4735 2238 4790 *ἲ
2420 4732 2645 4790 Oratio.
2677 4735 2964 4792 Memores
2995 4731 3081 4789 tui
3101 4732 3163 4789 in
3193 4737 3371 4790 nocte
3402 4731 3664 4798 Domine,
3680 4725 3838 4792 legem
3854 4721 3938 4802 tri-1

577 4819 1849 4893 RursumergoDavidconsuluitDominum.
1872 4822 2234 4895 Quirespon-
2343 4820 2461 4878 bue
2499 4822 2795 4880 custodire
2823 4840 2838 4876 :
2866 4827 2924 4879 et
2950 4822 3054 4895 qui
3074 4822 3146 4878 de
3177 4827 3230 4879 te
3267 4838 3382 4878 nec
3412 4822 3477 4878 in
3513 4805 3913 4895 tribulationibus

576 4906 746 4973 dens,
767 4909 847 4966 ait
875 4926 888 4965 :
915 4887 1122 4980 ﬁurge,
1145 4914 1201 4967 et
1215 4909 1367 4967 vade
1388 4910 1449 4966 in
1463 4908 1619 4967 Ceila
1651 4927 1666 4965 ε
1699 4925 1810 4982 ego
1826 4887 1985 4966 enim
1999 4887 2232 4968 tradam
2343 4909 2534 4980 silent,
2557 4927 2896 4985 numquam
2915 4927 2953 4968 a
2969 4887 3083 4968 tuis
3094 4911 3479 4968 sermonibus
3494 4903 3820 4967 claudicanti
3843 4887 3911 4947 sed

571 4995 941 5055 Philisthaaos
965 4998 1027 5055 in
1053 5013 1240 5056 manu
1272 5004 1394 5057 tua.
1431 4998 1586 5056 Abiit
1615 5013 1758 5070 ergo
1789 4998 2000 5071 David,
2029 5004 2086 5056 et
2116 5001 2230 5058 viri
2339 5000 2462 5058 ﬁxa
2485 5000 2802 5060 stabilitate
2825 5001 3171 5074 perdurent.
3202 5013 3264 5072 Βτ.
3287 5002 3504 5058 Amen.

3956 3907 3973 4135 1

3955 4135 3967 4487 Ι

3935 4487 3959 5034 κ

3916 5034 3944 5293 i

3915 5293 3938 5655 Ι

573 5084 705 5156 ejus
731 5084 792 5140 in
819 5085 1000 5155 Ceila,
1022 5088 1384 5160 etpugnavit
1414 5088 1736 5146 adversum
1764 5087 2148 5156 Philisthmos,
2172 5096 2229 5148 et
2957 5089 3056 5146 Ad
3087 5092 3364 5149 Tertiam.

571 5173 800 5247 abegitj
811 5178 1760 5251 umentaeorum,etpercussiteos
1781 5178 1961 5252 plaga
1972 5194 2221 5250 magna:
2550 5181 2742 5238 Lectio
2767 5178 2908 5236 libri
2931 5180 3393 5238 Proverbiorum
3425 5178 3589 5250 (Cap.
3613 5173 3751 5243 χιιι).
3916 5183 3922 5252 ε

567 5269 625 5322 et
650 5263 898 5323 salvavit
920 5263 1109 5322 David
1149 5264 1514 5323 habitatores
1546 5266 1742 5324 Ceila:.
1781 5267 1966 5326 Porro
1984 5283 2054 5326 eo
2075 5272 2224 5327 tem-
2406 5281 2469 5339 Βι.
2517 5269 2640 5326 Deo
2677 5269 2927 5340 gratias.

565 5369 731 5427 pore,
764 5369 888 5429 quo
913 5353 1182 5426 fugiebat
1220 5353 1506 5412 Abiathar
1529 5355 1688 5412 ﬁlius
1724 5356 2104 5416 Achimelech
2145 5358 2223 5414 ad
2400 5338 2528 5424 Fili,
2593 5338 2792 5415 Melius
2835 5363 2923 5415 est
2964 5373 3187 5416 nomen
3232 5357 3488 5423 bonum,
3527 5367 3703 5428 quam
3741 5338 3900 5429 dﬂigi?”

564 5425 753 5502 David
774 5425 836 5500 in
854 5425 1094 5511 Ceilam,
1119 5442 1320 5516 ephod
1343 5443 1793 5501 secumhabens
1808 5445 2218 5504 descenderat.
2330 5444 2568 5503 multas:
2599 5462 3005 5519 superaurum
3025 5452 3083 5504 et
3103 5449 3442 5519 argentum,
3468 5425 3652 5516 gratia
3670 5438 3820 5496 bona.
3837 5425 3900 5480 Di‘

563 5531 1018 5604 Nuntiatumque
1032 5535 1122 5588 est
1134 5530 1294 5590 Sauli
1309 5531 1475 5605 quod
1486 5531 2015 5591 venissetDavidin
2027 5534 2216 5592 Ceila:
2329 5549 2428 5590 ves
2457 5539 2514 5592 et
2531 5552 2764 5610 pauper
2788 5536 3180 5594 obviaverunt
3191 5535 3337 5604 sibi;
3370 5535 3666 5606 utriusque
3688 5519 3898 5598 ορετδιοτ

562 5619 622 5675 et
641 5618 728 5680 ait
756 5618 897 5680 Saul
925 5635 937 5676 :
963 5619 1227 5680 Tradidit
1239 5634 1382 5682 eum
1399 5619 1690 5682 Dominus
1711 5620 1775 5680 in
1789 5636 2007 5682 manus
2026 5637 2214 5689 meas,
2327 5631 2414 5683 est
2444 5625 2750 5686 Dominus.
2763 5625 3022 5688 Callidus
3035 5626 3192 5688 videt
3201 5624 3496 5692 malum,et
3518 5611 3806 5684 abscondet
3819 5619 3861 5664 δε
3880 5614 3890 5668 ἱ
