4094 6164
217 225 300 281 497

1359 206 1709 266 DOMINICA
1750 204 1821 259 IV
1863 201 2474 271 QUADRAGESIM/E.

3501 209 3605 263 498

215 347 476 404 innocens
511 336 852 412 pertransit,
885 343 939 392 et
968 335 1223 392 afﬂictus
1255 339 1343 390 est
1388 334 1632 390 damno.
1691 328 1852 383 Finis
1881 328 1926 381 A
1964 327 2216 387 Domino
2246 348 2404 402 meo,
2440 330 2657 388 christo
2696 331 2949 396 Domini,
2986 335 3051 387 ut
3080 332 3312 389 mittam
3349 347 3605 389 manum

209 431 487 492 modestize
517 429 685 484 timor
714 426 969 488 Domini,
1027 424 1242 481 divitiae
1295 429 1351 480 et
1399 421 1586 492 gloria
1613 424 1669 475 et
1711 417 1848 473 vita-

210 531 366 581 Arma
390 524 446 575 et
486 516 670 588 gladii
695 516 755 570 in
782 514 880 569 via
904 514 1166 585 perversi
1191 531 1203 569 :
1268 517 1468 569 custos
1492 509 1708 565 animae
1728 520 1851 562 sure

207 614 363 682 longe
391 607 613 664 recedit
639 605 717 661 ab
747 604 852 659 eis.
914 603 1300 659 Proverbium
1331 605 1415 657 est
1442 617 1453 654 :
1493 597 1850 653 Adolescens

202 705 357 774 juxta
372 699 533 754 viam
561 710 758 757 suam,
783 694 962 750 etiam
987 709 1125 748 cum
1159 690 1436 755 senuerit,
1466 703 1588 744 non
1619 685 1852 741 recedet

206 772 386 847 abea.
430 785 598 842 Dives
645 781 1016 854 pauperibus
1069 781 1362 852 imperat:
1413 782 1468 833 et
1493 775 1590 847 qui
1639 772 1852 844 accipit

202 882 702 939 mutuum,servus
722 874 810 925 est
829 868 1194 925 fcenerantis.
1232 867 1339 932 Qui
1363 865 1615 920 seminat
1637 859 1852 932 iniqui-

196 973 397 1028 tatem,
422 967 592 1021 metet
619 965 678 1017 et
698 959 878 1023 mala,
903 965 960 1014 et
989 958 1216 1028 virgam
1255 958 1357 1011 irae
1395 969 1520 1009 suae
1578 966 1848 1007 consum-

190 1055 398 1113 mabit.
427 1052 536 1119 Qui
597 1065 826 1123 pronus
856 1052 944 1104 est
973 1047 1051 1104 ad
1089 1043 1583 1106 misericordiam,
1609 1038 1849 1096 benedi~

184 1150 349 1201 cetur
373 1161 386 1195 :
407 1142 484 1198 de
501 1139 764 1213 panibus
781 1137 940 1192 enim
961 1135 1084 1191 suis
1101 1134 1266 1190 dedit
1288 1131 1843 1205 pauperi.n.Amen.

251 1233 443 1290 Lectio
503 1229 640 1285 libri
656 1226 957 1284 Samuelis
995 1223 1513 1293 (Prim:1teg.cap.
1566 1229 1753 1286 xxm).

248 1334 312 1391 Rv.
350 1323 476 1375 Deo
508 1318 753 1389 gratias.

251 1416 312 1466 In
335 1408 458 1465 illis
501 1406 756 1462 diebus:
790 1397 1447 1471 AscenderuntZiphaai
1489 1397 1564 1452 ad
1615 1392 1754 1450 Saul
1782 1393 1842 1448 in

179 1500 406 1564 Gabaa,
437 1497 739 1551 dicentes:
771 1497 976 1549 Nonne
1012 1489 1202 1546 David
1242 1487 1430 1545 latitat
1451 1484 1616 1558 apud
1655 1497 1766 1538 nos
1781 1481 1844 1537 in

174 1589 322 1645 locis
345 1584 666 1643 tutissimis
696 1582 880 1651 silvee,
908 1582 968 1636 in
998 1579 1146 1636 colle
1183 1576 1442 1641 Hachila,
1476 1573 1579 1647 qui
1618 1576 1709 1627 est
1763 1569 1839 1626 ad

1960 434 2158 475 meam
2189 421 2251 476 in
2281 437 2442 485 eum,
2467 421 2610 493 quia
2623 421 2876 476 christus
2905 420 3141 476 Domini
3173 426 3277 477 est.
3293 423 3360 477 Et
3377 422 3604 479 confre-

1961 508 2042 576 git
2074 509 2254 566 David
2284 510 2441 565 viros
2461 509 2862 572 sermonibus,
2880 513 2937 564 et
2959 522 3085 564 non
3113 511 3384 579 permisit
3404 515 3600 578 eos,ut

1959 602 2387 666 consurgerent
2406 598 2466 653 in
2500 596 2638 654 Saul
2665 614 2675 652 :
2702 611 2882 669 porro
2905 595 3044 652 Saul
3074 610 3367 665 exurgens
3394 598 3466 654 de
3479 614 3602 670 spe-

1957 683 2157 750 lunca,
2175 686 2459 758 pergebat
2484 690 2675 758 coepto
2692 685 2923 741 itinere.
2950 684 3284 740 Resurrexit
3327 691 3526 742 autem
3547 691 3604 744 et

1960 771 2148 828 David
2178 779 2308 845 post
2339 790 2477 830 eum
2501 780 2587 831 :et
2611 789 2886 845 egressus
2903 773 2976 828 de
2990 771 3296 844 spelunca,
3328 772 3606 830 clamavit

1957 866 2092 932 post
2112 867 2345 933 tergum
2379 864 2594 933 Saulis,
2627 863 2871 921 dicens:
2924 863 3172 918 Domine
3217 862 3299 917 mi
3358 877 3482 917 rex.
3540 863 3608 918 Et

1957 955 2216 1023 respexit
2241 951 2378 1008 Saul
2404 956 2540 1024 post
2561 967 2660 1007 se:
2692 953 2861 1024 291
2896 955 2951 1007 et
2999 950 3294 1006 inclinans
3325 965 3387 1005 se
3420 949 3606 1007 David

1956 1054 2181 1110 pronus
2212 1040 2272 1095 in
2299 1045 2473 1104 terra,
2502 1039 2793 1108 adoravit,
2816 1039 3083 1111 dixitque
3101 1039 3178 1094 ad
3199 1038 3338 1093 Saul
3365 1055 3375 1093 :
3408 1040 3604 1103 Quare

1956 1127 2130 1183 audis
2162 1127 2342 1185 verba
2369 1128 2682 1184 hominum
2702 1127 3097 1200 loquentium,
3155 1125 3343 1181 David
3392 1127 3604 1197 quierit

1953 1216 2182 1272 malum
2211 1217 2530 1273 adversum
2545 1220 2602 1272 te
2618 1217 2645 1272 τί
2676 1219 2818 1272 Ecce
2833 1215 3010 1271 hodie
3028 1214 3300 1270 viderunt
3315 1213 3469 1269 oculi
3494 1214 3598 1276 tui,

1953 1305 2113 1376 quod
2128 1305 2366 1362 tradidit
2382 1309 2436 1359 te
2465 1304 2753 1361 Dominus
2770 1304 2830 1358 in
2844 1319 3031 1359 manu
3048 1318 3183 1358 mea
3202 1303 3261 1357 in
3280 1302 3598 1373 spelunca:

1953 1398 2008 1447 et
2039 1393 2808 1463 cogitaviutoccidercmte,
2840 1391 2944 1446 sed
2977 1390 3359 1463 pepercittibi
3388 1390 3600 1445 oculus

1951 1496 2124 1537 meus
2155 1499 2167 1537 :
2202 1481 2323 1536 dixi
2353 1481 2511 1536 enim
2537 1483 2694 1536 :Non
2718 1479 3036 1536 extendam
3053 1494 3303 1535 manum
3326 1493 3522 1533 meam
3541 1477 3601 1532 in

1951 1569 2200 1626 domino
2231 1585 2388 1636 meo,
2415 1570 2558 1642 quia
2580 1569 2834 1625 christus
2852 1568 3081 1624 Domini
3099 1571 3205 1623 est.
3232 1566 3386 1633 Quin
3405 1566 3602 1637 potius

175 1678 496 1733 dexteram
517 1671 782 1729 deserti?
802 1674 965 1726 Nunc
991 1683 1150 1739 ergo,
1179 1667 1330 1722 sicut
1354 1658 1839 1720 deliberavitani-
1868 1687 1913 1742 Β
1953 1663 2120 1730 pater
2158 1659 2261 1728 mi,
2292 1658 2447 1722 vide,
2477 1662 2532 1714 et
2558 1672 2847 1726 cognosce
2860 1672 3027 1712 oram
3054 1654 3599 1727 chlamydistuaein

177 1770 401 1823 matua
421 1768 489 1820 ut
512 1760 934 1827 descenderes,
966 1756 1260 1813 descende
1287 1773 1298 1809 :
1332 1758 1602 1810 nostrum
1635 1752 1836 1804 autem

179 1855 298 1911 erit
322 1859 390 1909 ut
406 1852 718 1908 tradamus
737 1849 949 1904 eumin
973 1862 1156 1902 manu
1174 1841 1626 1916 regis.Dixitque
1648 1836 1817 1895 Saul:

181 1943 486 2002 Benedicti
517 1957 621 1997 vos
646 1955 682 1996 a
713 1938 984 2002 Domino,
1005 1933 1367 2009 quidoluisti
1395 1931 1588 1987 vicem
1616 1941 1839 1983 meam.

175 2033 375 2099 Abite,
410 2047 540 2097 oro,
575 2036 630 2086 et
679 2027 1018 2098 diligentius
1075 2026 1407 2096 properate,
1450 2023 1507 2074 et
1548 2016 1840 2072 curiosius

174 2123 355 2192 agite,
388 2124 447 2176 et
480 2116 1068 2175 consideratelocum
1095 2112 1194 2167 ubi
1229 2111 1423 2181 sitpes
1437 2103 1841 2179 ejus,ve1quis

171 2191 390 2266 viderit
415 2224 559 2264 eum
584 2207 699 2262 ibi:
735 2201 1185 2274 recogitatenim
1204 2200 1278 2255 de
1312 2196 1598 2268 me,quod
1631 2191 1840 2249 callide

176 2299 433 2355 insidier
467 2297 546 2353 ei.
589 2293 966 2350 Considerate
995 2297 1050 2346 et
1087 2288 1286 2344 videte
1343 2286 1547 2342 omnia
1591 2278 1840 2339 latibula

180 2390 326 2459 ejus,
360 2388 424 2442 in
445 2383 672 2458 quibus
703 2380 1092 2438 absconditur
1126 2395 1138 2432 :
1174 2381 1230 2432 et
1258 2372 1618 2431 revertimini
1644 2370 1722 2427 ad
1742 2383 1838 2424 me

182 2478 249 2532 ad
277 2492 410 2532 rem
451 2478 698 2536 certam,
726 2475 781 2529 et
802 2469 1010 2526 vadam
1037 2467 1352 2523 vobiscum
1375 2463 1569 2535 :quod
1599 2461 1646 2516 si
1659 2459 1838 2515 etiam

185 2569 236 2623 in
268 2573 503 2622 terram
561 2579 622 2618 se
661 2559 1033 2623 obstruxerit,
1088 2554 1533 2629 prtescrutabor
1589 2566 1726 2605 eum
1776 2547 1837 2602 in

187 2655 389 2711 multis
419 2653 687 2708 millibus
715 2649 886 2706 Juda.
923 2652 992 2703 At
1027 2647 1110 2702 illi
1141 2649 1448 2714 surgentes
1477 2641 1750 2697 abierunt
1778 2635 1837 2691 in

185 2747 320 2818 Ziph
349 2749 495 2800 ante
531 2741 702 2798 Saul:
728 2738 918 2794 David
949 2742 1147 2794 autem
1181 2740 1236 2790 et
1276 2733 1384 2788 viri
1423 2735 1554 2803 ejus
1588 2729 1754 2784 erant
1776 2725 1837 2781 in

183 2815 419 2890 deserto
447 2835 640 2893 Maon,
681 2831 743 2885 in
771 2822 1317 2899 campestribus,ad
1337 2822 1643 2878 dexteram
1688 2815 1838 2871 Lesi-

183 2925 369 2980 muth.
403 2922 567 2976 Abiit
600 2935 742 2989 ergo
783 2917 921 2974 Saul
978 2920 1034 2970 et
1059 2915 1202 2969 socii
1251 2913 1379 2983 ejus
1433 2908 1508 2964 ad
1568 2919 1839 2973 quaeren-

181 3014 318 3067 dum
343 3031 361 3064 :
387 3015 450 3065 et
475 3008 819 3064 nuntiatum
843 3010 930 3060 est
949 3003 1153 3070 David,
1182 3000 1500 3070 statimque
1540 2993 1839 3050 descendit

181 3102 250 3156 ad
273 3107 533 3172 petram,
588 3102 644 3151 et
665 3095 1015 3150 versabatur
1046 3092 1108 3146 in
1159 3091 1390 3145 deserto
1420 3090 1624 3143 Maon:
1674 3082 1838 3155 quod

176 3205 310 3244 cum
349 3186 626 3245 audisset
647 3185 806 3248 Saul,
843 3186 1186 3255 persecutus
1209 3184 1295 3235 est
1316 3177 1493 3234 David
1526 3176 1586 3230 in
1612 3175 1837 3230 deserto

175 3281 366 3334 ﬂaon.
401 3278 472 3332 Et
497 3274 620 3331 ibat
653 3273 792 3330 Saul
823 3273 882 3328 in
913 3271 1070 3327 latus
1100 3268 1322 3325 montis
1352 3281 1424 3321 ex
1447 3269 1614 3337 parte
1675 3277 1834 3318 una:

177 3369 365 3423 David
394 3370 602 3421 autem
625 3368 682 3419 et
711 3362 816 3417 viri
839 3361 967 3432 ejus
993 3358 1235 3415 erantin
1265 3355 1445 3413 latere
1506 3350 1728 3408 montis
1767 3365 1840 3404 ex

175 3463 344 3531 parte
369 3455 596 3511 altera:
633 3467 811 3524 porro
829 3448 1010 3505 David
1035 3446 1393 3519 desperabat
1425 3459 1486 3498 se
1512 3456 1687 3514 posse
1708 3455 1841 3494 eva-

176 3530 316 3602 dere
356 3561 394 3599 a
428 3542 580 3598 facie
615 3539 808 3597 Saulis
843 3555 854 3592 :
889 3538 1091 3609 itaque
1125 3533 1263 3592 Saul
1289 3540 1344 3589 et
1369 3532 1476 3587 viri
1503 3532 1631 3602 ejus
1649 3530 1844 3585 inmo-

179 3637 328 3690 dum
361 3647 606 3688 coronae
627 3627 948 3700 cingebant
981 3625 1164 3680 David
1197 3627 1253 3679 et
1281 3623 1446 3678 viros
1474 3622 1623 3692 ejus,
1655 3623 1716 3673 ut
1749 3632 1843 3673 ca-

179 3725 385 3794 perent
406 3735 532 3775 eos.
565 3721 631 3773 Et
651 3716 895 3772 nuntius
926 3713 1090 3768 venit
1117 3712 1194 3767 ad
1225 3710 1382 3777 Saul,
1404 3709 1610 3764 dicens
1643 3705 1845 3762 :Festi—

178 3829 279 3876 na,
315 3816 373 3867 et
402 3808 566 3871 veni,
594 3805 878 3878 quoniam
904 3802 1248 3858 infuderunt
1279 3815 1340 3855 se
1365 3795 1716 3854 Philisthiim
1748 3809 1843 3848 su-

178 3916 290 3972 per
309 3905 554 3956 terram.
581 3898 871 3951 Reversus
894 3896 1145 3958 estergo
1170 3888 1307 3945 Saul
1333 3887 1624 3942 desistcns
1653 3897 1846 3954 perse-

177 3971 487 4061 quiDavid
501 4028 514 4049 ,
540 3989 595 4040 et
614 3981 933 4055 perrexerit
951 3981 1008 4035 in
1028 3991 1343 4034 occursum
1363 3971 1848 4030 Philisthinorum

181 4059 439 4149 propter
462 4075 573 4130 hoc
596 4073 962 4128 vocaverunt
980 4069 1179 4123 locum
1208 4065 1394 4126 illum,
1438 4062 1671 4116 Petram
1700 4059 1848 4114 divi-

185 4146 473 4220 dentem.
503 4161 776 4217 Ascendit
801 4174 942 4227 ergo
972 4156 1160 4212 David
1185 4153 1355 4209 inde:
1382 4156 1436 4207 et
1454 4149 1673 4206 abiitin
1702 4146 1850 4202 locis

178 4251 512 4311 tutissimis
532 4248 817 4322 Engaddi.
832 4247 1094 4317 Cumque
1110 4258 1381 4300 reversus
1395 4237 1698 4296 essetSaul
1713 4252 1850 4291 cum

172 4343 292 4400 tria
332 4340 506 4398 milia
529 4339 853 4396 electorum
877 4336 1134 4392 virorum
1168 4349 1239 4388 ex
1268 4330 1436 4388 omni
1484 4327 1685 4392 Israel,
1718 4341 1850 4399 per-

1949 1760 2137 1801 manu
2154 1761 2316 1804 mea:
2334 1745 2641 1818 quomodo
2655 1761 2788 1800 cum
2802 1745 3187 1817 praeciderem
3203 1743 3597 1798 summitatem

1949 1833 2288 1907 chlamydis
2329 1839 2466 1898 tuae,
2518 1834 2685 1890 nolui
2745 1834 3059 1890 extendere
3109 1848 3354 1888 manum
3418 1831 3478 1885 in
3519 1835 3595 1887 te.

1949 1923 2390 1987 Animadverte,
2414 1928 2469 1979 et
2494 1923 2650 1990 vide,
2675 1923 2966 1995 quoniam
2995 1938 3117 1977 non
3149 1925 3240 1976 est
3277 1921 3336 1975 in
3413 1935 3597 1974 manu

1948 2027 2084 2068 mea
2110 2012 2358 2077 malum,
2391 2027 2586 2084 neque
2618 2011 2920 2084 iniquitas,
2952 2026 3147 2082 neque
3162 2008 3405 2082 peccavi
3425 2008 3483 2062 in
3503 2011 3556 2062 te
3582 2024 3591 2061 :

1948 2105 2011 2155 tu
2036 2105 2236 2156 autem
2266 2100 2562 2155 insidiaris
2593 2100 2812 2155 animae
2834 2115 2983 2155 meae
3005 2099 3320 2154 utauferas
3334 2097 3597 2152 eam.Ju-

1949 2189 2101 2245 dicet
2131 2189 2416 2245 Dominus
2445 2189 2595 2244 inter
2626 2205 2720 2244 me
2760 2195 2812 2244 et
2846 2193 2917 2254 te,
2955 2195 3007 2243 et
3038 2186 3357 2242 ulciscatur
3380 2184 3598 2241 meDo-

1948 2277 2149 2333 minus
2178 2293 2244 2334 ex
2275 2282 2328 2334 te
2357 2293 2369 2332 :
2405 2294 2621 2333 manus
2650 2281 2850 2334 autem
2866 2291 3131 2333 meanon
3155 2277 3226 2331 sit
3245 2275 3382 2330 inte.
3408 2275 3595 2339 Quem

1948 2371 2004 2424 et
2032 2368 2092 2422 in
2121 2366 2436 2438 proverbio
2457 2367 2704 2440 antiquo
2727 2365 2970 2422 dicitur:
3001 2365 3089 2421 Ab
3112 2364 3313 2437 impiis
3335 2362 3597 2433 egredie-

1949 2456 2376 2528 turimpietas:
2418 2472 2634 2512 manus
2670 2471 2810 2525 ergo
2859 2471 2994 2510 mea
3049 2455 3121 2510 sit
3170 2454 3231 2510 in
3272 2458 3344 2509 te.
3406 2454 3595 2518 Quem

1949 2545 2210 2616 sequeris
2236 2544 2264 2599 ‘I
2287 2559 2500 2599 canem
2515 2549 2809 2600 mortuum
2825 2545 3221 2614 persequeris,
3259 2547 3314 2596 et
3334 2541 3594 2612 pulicem

1947 2648 2161 2688 unum.
2183 2631 2265 2686 Sit
2296 2631 2581 2687 Dominus
2605 2631 2810 2701 judex,
2832 2630 3122 2700 etjudicet
3147 2630 3297 2685 inter
3317 2645 3411 2684 me
3428 2635 3484 2684 et
3501 2633 3553 2684 te
3578 2646 3590 2684 :

1947 2727 2004 2778 et
2026 2720 2237 2783 videat,
2263 2723 2320 2774 et
2343 2719 2572 2789 judicet
2595 2733 2843 2774 causam
2871 2733 3090 2784 meam,
3129 2721 3182 2772 et
3203 2722 3370 2772 eruat
3393 2732 3489 2771 me
3520 2717 3595 2771 de

1947 2824 2134 2866 manu
2165 2813 2283 2864 tua.
2326 2810 2472 2864 Cum
2486 2811 2685 2863 autem
2718 2806 3077 2878 complesset
3098 2804 3281 2860 David
3296 2804 3594 2875 loquiser-

1947 2913 2157 2953 mones
2185 2895 2605 2966 hujuscemodi
2623 2895 2700 2951 ad
2724 2894 2882 2957 Saul,
2923 2894 3070 2949 dixit
3093 2893 3260 2950 Saul:
3295 2892 3594 2964 Numquid

1946 3003 2063 3043 vox
2091 2989 2191 3042 tua
2215 2985 2342 3040 haec
2369 2984 2573 3049 est,ﬁli
2604 2985 2709 3053 mi,
2750 2983 2930 3039 David
2962 2983 2990 3036 ?
3016 2985 3082 3038 Et
3111 2981 3328 3037 levavit
3350 2980 3597 3036 Saulvo-

1953 3091 2082 3131 cem
2115 3090 2310 3138 suam,
2345 3077 2402 3128 et
2428 3072 2614 3128 ﬂevit:
2650 3073 2916 3145 dixitque
2948 3071 3025 3127 ad
3058 3071 3240 3126 David
3266 3087 3277 3124 :
3301 3069 3520 3126 Justior
3535 3084 3598 3124 es

1948 3170 2012 3222 tu
2041 3167 2227 3236 quam
2254 3177 2364 3232 ego
2393 3181 2406 3217 :
2433 3166 2495 3217 tu
2530 3163 2693 3218 enim
2755 3162 3006 3218 tribuisti
3050 3160 3197 3216 mihi
3219 3160 3418 3214 bona:
3487 3172 3598 3226 ego

1949 3257 2150 3311 autem
2170 3250 2397 3307 reddidi
2427 3250 2531 3307 tibi
2558 3251 2742 3308 mala.
2769 3254 2833 3306 Et
2855 3256 2917 3306 tu
2951 3249 3219 3304 iudicasti
3251 3248 3427 3303 hodie
3463 3261 3597 3316 qum

1948 3342 2154 3399 feceris
2167 3340 2315 3396 mihi
2327 3339 2490 3397 bona
2515 3357 2528 3394 :
2548 3339 2857 3412 quomodo
2875 3337 3182 3394 tradiderit
3202 3351 3296 3389 me
3311 3334 3598 3389 Dominus

1949 3433 2010 3489 in
2033 3446 2217 3486 manu
2247 3434 2368 3492 tua,
2404 3433 2460 3484 et
2490 3443 2606 3483 non
2634 3427 2920 3483 occideris
2944 3441 3058 3480 me.
3097 3425 3234 3489 Quis
3270 3423 3430 3479 enim
3459 3437 3598 3477 cum

1950 3518 2238 3576 invenerit
2260 3516 2569 3573 inimicum
2591 3515 3046 3582 suum,dimittet
3063 3511 3555 3568 euminviabona
3570 3510 3600 3564 ‘2

1954 3609 2068 3667 Sed
2100 3607 2386 3662 Dominus
2415 3605 2627 3660 reddat
2658 3603 2756 3658 tibi
2773 3602 3233 3658 vicissitudinem
3272 3601 3452 3663 hanc,
3487 3614 3598 3671 pro

1953 3713 2024 3754 eo
2040 3697 2198 3769 quod
2223 3694 2403 3750 hodie
2431 3697 2708 3765 operatus
2735 3709 2798 3748 es
2817 3693 2876 3747 in
2907 3709 3022 3748 me.
3055 3695 3291 3746 Etnunc
3313 3690 3458 3761 quia
3475 3688 3597 3743 scio

1954 3785 2120 3859 quod
2146 3783 2457 3839 certissime
2505 3785 2863 3852 regnaturus
2921 3781 3019 3844 sis,
3069 3783 3124 3836 et
3175 3779 3489 3833 habiturus
3534 3777 3596 3831 in

1955 3889 2142 3931 manu
2171 3877 2274 3928 tua
2293 3885 2547 3940 regnum
2568 3870 2778 3927 Israel:
2807 3871 2945 3940 jura
2965 3883 3106 3938 ergo
3137 3866 3284 3922 mihi
3314 3868 3373 3921 in
3405 3864 3604 3920 Domi-

1955 3978 2124 4026 num,
2149 3976 2223 4016 ne
2239 3959 2435 4014 deleas
2465 3975 2670 4015 semen
2702 3975 2905 4014 meum
2922 3963 3056 4030 post
3080 3972 3193 4021 me,
3225 3970 3418 4027 neque
3442 3953 3602 4009 aufe-

1957 4068 2055 4108 ras
2083 4065 2305 4106 nomen
2336 4047 2629 4104 meumde
2669 4047 2851 4103 domo
2873 4048 3057 4120 patris
3098 4044 3234 4101 mei.
3285 4047 3347 4098 Et
3386 4042 3608 4114 juravit

1962 4140 2152 4197 David
2189 4138 2368 4195 Sauli.
2401 4137 2556 4193 Abiit
2578 4152 2720 4207 ergo
2748 4137 2885 4193 Saul
2917 4137 2977 4191 in
3008 4135 3260 4190 domum
3297 4148 3470 4187 suam
3504 4148 3515 4186 :
3551 4135 3607 4186 et

1965 4228 2148 4286 David
2175 4233 2230 4283 et
2248 4227 2354 4282 viri
2372 4226 2496 4298 ejus
2511 4226 2908 4282 ascenderunt
2930 4225 3006 4279 ad
3021 4223 3239 4278 tutiora
3270 4221 3402 4277 loca
3415 4221 3612 4276 deserc

1962 4319 2024 4377 ti.
2069 4330 2134 4388 at.
2161 4318 2372 4371 Amen.

168 4391 976 4497 rexit—adiuvestigandum
1000 4421 1184 4479 David
1211 4425 1267 4477 et
1289 4420 1446 4476 viros
1493 4418 1641 4489 ejus,
1672 4391 1851 4471 etiam
1885 4391 1930 4446 D
2033 4405 2447 4497 vinulo/tonat.
2480 4403 2569 4459 Ad
2595 4402 3008 4461 defensionem
3029 4417 3225 4458 meam
3240 4399 3613 4468 attende,Do-

167 4537 373 4595 super
393 4516 863 4590 abruptissimas
880 4518 1240 4586 petras,quae
1254 4508 1393 4566 solis
1427 4505 1682 4562 ibicibus
1725 4517 1853 4575 per-

169 4592 297 4668 viae
325 4613 494 4666 sunt.
529 4607 696 4664 Venit
726 4605 805 4662 ad
833 4603 1041 4661 caulas
1059 4601 1424 4672 ovium,qum
1446 4612 1508 4652 se
1522 4592 1856 4652 offerebant

179 4701 414 4760 vianti:
444 4703 691 4770 eratque
715 4696 798 4752 ibi
821 4694 1129 4766 spelunca,
1147 4691 1210 4745 in
1239 4703 1426 4761 quam
1447 4687 1750 4756 ingressus
1771 4684 1859 4737 est

187 4791 430 4856 Saul,ut
455 4788 1020 4862 purgaretventrem
1051 4799 1062 4836 :
1087 4793 1267 4853 porro
1289 4775 1476 4833 David
1497 4780 1553 4831 et
1590 4771 1699 4830 viri
1729 4771 1859 4842 ejus

182 4880 238 4936 in
267 4861 550 4937 interiori
576 4879 744 4948 parte
803 4871 1102 4946 spelunca:
1138 4867 1428 4925 latebant.
1475 4867 1541 4919 Et
1586 4861 1862 4918 dixerunt

183 4970 340 5026 servi
385 4965 578 5023 David
609 4963 688 5021 ad
713 4979 851 5019 eum
882 4963 1061 5017 :Ecce
1084 4958 1233 5021 dies,
1257 4956 1332 5012 de
1365 4970 1487 5028 qua
1509 4954 1746 5009 locutus
1777 4951 1864 5004 est

181 5057 491 5116 Dominus
517 5055 598 5112 ad
628 5058 684 5110 te
714 5071 726 5106 :
759 5055 878 5124 Ego
905 5049 1142 5106 tradam
1169 5045 1272 5102 tibi
1300 5043 1613 5099 inimicum
1667 5045 1860 5095 tuum,

181 5153 246 5204 ut
277 5148 478 5206 facias
503 5145 557 5201 ei
599 5143 752 5198 sicut
773 5138 1062 5214 placuerit
1099 5137 1159 5192 in
1188 5133 1379 5191 oculis
1434 5131 1567 5188 tuis.
1602 5127 1865 5185 Surrexit

179 5253 334 5309 ergo
362 5235 642 5301 David,et
657 5229 926 5305 praecidit
953 5243 1123 5284 oram
1147 5221 1482 5295 chlamydis
1528 5218 1667 5276 Saul
1695 5216 1866 5309 silen-

177 5333 292 5384 ter.
328 5328 476 5384 Post
518 5304 668 5380 haec
697 5318 989 5393 percussit
1017 5331 1120 5372 cor
1151 5328 1353 5379 suum,
1391 5327 1460 5367 eo
1522 5323 1643 5381 quo
1675 5304 1867 5362 absci-

179 5416 384 5473 disset
411 5429 588 5472 oram
609 5406 950 5480 chlamydis
965 5401 1402 5473 Saul.Dixitque
1415 5398 1493 5456 ad
1505 5397 1659 5453 viros
1687 5409 1861 5451 suos:

184 5505 498 5581 Pmpitius
540 5501 618 5558 sit
644 5496 794 5558 mihi
818 5494 1126 5562 Dominus,
1149 5491 1275 5564 inec
1303 5488 1525 5550 faciam
1554 5487 1711 5546 hanc
1740 5498 1868 5540 rem

1965 4495 2144 4552 mine.
2169 4492 2342 4565 Eripe
2371 4509 2408 4549 a
2444 4492 2664 4548 framea
2695 4492 2965 4548 animam
2992 4506 3191 4547 meam
3216 4508 3228 4546 :
3253 4493 3308 4545 et
3333 4488 3407 4544 de
3428 4502 3614 4543 manu

1967 4583 2131 4641 canis
2161 4581 2401 4639 unicam
2430 4597 2654 4638 meam.
2690 4581 2865 4638 Salva
2893 4596 3010 4645 me,
3051 4595 3155 4636 rex
3188 4575 3615 4640 meus,etDeus

1967 4688 2155 4729 meus.
2180 4670 2242 4732 γ.
2276 4670 2356 4727 Ne
2404 4670 2678 4727 discedas
2707 4685 2744 4726 θ.
2783 4685 2921 4726 me:
2974 4669 3263 4742 quoniam
3316 4660 3614 4720 tribulatio

1967 4760 2244 4835 proxima
2271 4764 2390 4816 est:
2423 4764 2480 4816 et
2502 4775 2625 4816 non
2655 4763 2746 4816 est
2771 4759 2877 4832 qui
2899 4758 3168 4828 adjuvet.

2044 4849 2274 4906 Oratio.
2292 4849 2380 4905 Ad
2399 4848 2808 4905 defensionem
2830 4847 3104 4904 Ecclesite
3161 4841 3386 4915 respice
3415 4842 3622 4913 pastor

1972 4939 2589 4997 animarum.Domine
2606 4939 2744 4994 Jesu
2765 4935 3272 5004 Christe,liberans
3297 4930 3624 4987 misericor—

1972 5029 2124 5085 diter
2161 5029 2384 5083 animas
2407 5032 2639 5084 nostras
2664 5027 2737 5082 de
2760 5042 2860 5082 ore
2889 5024 3075 5081 leonis
3109 5043 3120 5082 :
3157 5021 3330 5094 cujus
3369 5021 3626 5078 animaa

1974 5117 2204 5174 framea
2233 5120 2288 5172 et
2319 5132 2505 5172 manu
2533 5116 2787 5172 liberata
2811 5120 2898 5171 est
2926 5115 3110 5172 canis.
3145 5115 3426 5183 mAmen.

2044 5206 2380 5273 Antiphona
2401 5209 2452 5260 2.
2489 5205 2947 5262 Firmamentum
2981 5219 3204 5267 meum,
3252 5206 3306 5255 et
3329 5197 3626 5266 refugium

1976 5311 2040 5351 es
2071 5298 2157 5362 tu,
2199 5296 2352 5349 Deus
2373 5310 2566 5350 meus.
2596 5297 2764 5367 Eripe
2789 5309 2882 5349 me
2913 5293 2987 5348 de
3010 5307 3194 5349 manu
3214 5285 3629 5355 contralegem

1977 5382 2226 5453 agentis,
2259 5387 2314 5440 et
2345 5382 2573 5457 iniqui:
2606 5384 2674 5444 ir.
2711 5383 3005 5448 Quoniam
3029 5385 3090 5436 tu
3110 5395 3174 5434 es
3190 5373 3473 5448 patientia
3491 5387 3631 5437 mea

1978 5472 2226 5542 Domine
2253 5493 2266 5529 ε
2295 5489 2427 5556 spes
2453 5491 2589 5534 mea
2613 5489 2650 5531 a
2674 5473 2982 5548 juventute
3009 5481 3164 5536 mea.
