4094 6164
544 201 652 262 ‘99

1803 179 2260 252 BREVIARIUM
2295 181 2691 242 GOTHICUM.

3777 200 3855 257 500

620 321 838 382 Oratio.
873 319 1338 378 Firmamentum
1377 317 1651 372 nostrum
1673 315 1854 385 atque
1877 307 2200 379 refugium,
2239 307 2284 362 A
2313 305 2462 366 bant
2483 311 2766 368 manibus
2799 311 2959 368 suis:
2994 314 3049 369 et
3074 309 3336 384 populus
3358 326 3520 368 meus
3549 314 3862 383 dilemma:

549 419 604 478 te
638 412 957 470 Dominum
975 408 1278 482 poscimus
1295 405 1646 461 crucifixum
1668 419 1681 457 :
1705 405 1765 457 ut
1785 400 1858 456 de
1880 413 2066 454 manu
2079 410 2207 468 pec-

549 500 764 560 catoris
780 515 890 556 nos
916 497 1196 563 liberans,
1215 496 1276 552 in
1295 497 1498 552 locum
1512 491 1813 549 munitum
1830 484 2206 545 coronandos

557 593 804 647 statuas.
834 598 898 657 Br.
928 586 1138 640 Amen.

621 676 967 747 Antiphona
997 677 1049 730 3.
1080 674 1307 740 Quare,
1341 671 1616 734 Domine,
1685 666 1893 739 abjicis
1940 662 2208 721 animam

553 781 766 830 meam,
795 761 1241 820 avertisfaciem
1271 764 1438 816 tuam
1467 757 1654 815 ame?
1667 759 1898 827 Pauper
1919 768 2053 808 sum
2077 765 2208 821 ego,

556 858 614 912 et
640 867 1011 910 aerumnosas
1041 849 1116 905 ab
1149 847 1569 906 adolescentia.
1598 848 1795 914 Longe
1840 841 2025 898 fecisti
2050 855 2087 896 a
2114 854 2212 894 me

554 941 839 1006 amicum,
863 944 918 995 et
943 937 1234 1004 sodalem,
1259 940 1469 993 notum
1496 949 1699 991 meum
1731 928 2121 989 abstulistiJit.
2146 929 2213 983 In

557 1045 656 1087 me
687 1025 1149 1100 pertransierunt
1196 1023 1296 1080 iraa
1329 1028 1463 1088 tuae,
1497 1029 1553 1080 et
1583 1027 1836 1079 terrores
1868 1019 1950 1075 tui
1981 1019 2214 1074 contur-

559 1119 852 1174 baverunt
874 1130 990 1170 me.

632 1216 700 1276 nl.
720 1203 879 1258 Deus
897 1217 1068 1258 meus
1081 1200 1248 1258 salva
1266 1216 1362 1257 me
1391 1200 1465 1256 de
1479 1215 1665 1259 manu
1681 1197 1854 1270 impii
1878 1216 1891 1253 :
1929 1195 2004 1252 de
2029 1208 2217 1250 manu

561 1291 773 1365 iniqui,
789 1295 846 1348 et
872 1289 1172 1347 nocentis:
1201 1290 1349 1362 quia
1369 1293 1432 1346 tu
1456 1305 1520 1345 es
1542 1287 1871 1361 expectatio
1883 1299 2022 1342 mea
2033 1283 2213 1338 Deus.

561 1381 820 1448 Domine,
853 1378 1076 1436 ﬁducia
1094 1393 1231 1434 mea
1257 1379 1336 1434 ab
1369 1376 1774 1435 adolescentia
1804 1390 1940 1431 mea
1962 1374 2024 1436 ἲν.
2051 1373 2216 1442 Eripe

564 1485 683 1534 me,
707 1469 975 1536 Domine,
1010 1467 1087 1524 ab
1120 1467 1367 1524 homine
1396 1466 1558 1524 malo
1586 1487 1596 1526 :
1632 1483 1669 1524 a
1692 1466 1818 1522 viro
1841 1465 2048 1537 iniquo
2072 1463 2216 1519 libe-

565 1574 634 1615 ra
662 1573 767 1613 me.

639 1647 861 1702 Preces.
895 1644 1183 1710 Miserere,
1227 1644 1495 1711 Domine,
1535 1640 2125 1716 supplicantibus;P.
2151 1641 2216 1696 Et

566 1735 731 1790 dona
757 1731 933 1788 nobis
961 1733 1216 1788 veniam.
1244 1731 1305 1794 ὴ.
1327 1734 1516 1798 Quem
1545 1747 1814 1804 passum,
1864 1729 2089 1786 Christe
2109 1729 2217 1784 Do-

567 1821 748 1887 mine,
781 1836 891 1892 pro
910 1819 1088 1876 nobis
1139 1835 1274 1876 esse
1300 1820 1621 1876 credimus.
1674 1819 1737 1874 P.
1767 1821 1868 1874 Tu.
1922 1817 1983 1879 1V.
2031 1819 2220 1883 Quem

568 1910 950 1966 verberatum
973 1908 1164 1980 alapis
1183 1908 1522 1974 fatemur,et
1563 1906 1896 1980 suppliciis.
1942 1909 2000 1962 P.
2031 1909 2116 1962 Et.
2155 1905 2219 1965 Ἡ.

571 1999 759 2063 Quem
778 2001 931 2053 terra
955 1997 1193 2053 tremuit
1213 2001 1517 2052 mortuum
1543 2013 1556 2062 ;
1572 2012 1694 2068 quo
1707 1994 2222 2067 resurgentelseta-

570 2089 684 2141 tur.
718 2086 791 2140 P.
815 2085 1003 2146 Tant.
1028 2085 1166 2141 Jam
1214 2091 1403 2142 morte
1443 2090 1546 2142 tua
1567 2084 1738 2141 liberi
1781 2084 2095 2156 capiamus
2133 2099 2220 2139 re-

571 2187 758 2244 gnum
793 2172 944 2228 caeli.
972 2173 1042 2228 P.
1065 2174 1132 2228 Et
1160 2172 1343 2229 dona.

642 2279 913 2350 Hymnus.
948 2278 991 2332 Ο
1024 2279 1343 2343 Nazarene,
1373 2278 1481 2348 fol.
1510 2281 1628 2335 144.

665 2383 943 2454 Capitula
953 2382 1312 2454 .lndigentiae
1323 2384 1821 2457 nostraa,inopiam
1834 2383 1987 2440 bone
2001 2383 2223 2442 Christe

569 2472 882 2531 considera
903 2491 916 2525 :
937 2487 1009 2528 ne
1031 2471 1280 2544 quando
1301 2473 1520 2529 avertis
1545 2473 1769 2530 anobis
1788 2473 2003 2530 faciem
2029 2477 2219 2543 tuam,

571 2562 818 2634 abjicias
830 2561 1099 2617 animam
1111 2562 1378 2616 nostram
1396 2579 1409 2616 :
1425 2563 1619 2632 ut,qui
1633 2566 2010 2634 pauperes,et
2021 2578 2224 2619 aerum-

568 2651 705 2708 nosi
729 2649 808 2706 ab
838 2648 1244 2705 adolescentia
1275 2664 1478 2705 sumus
1511 2649 1772 2716 ;deliciis
1789 2650 2116 2722 aliquando
2132 2667 2220 2707 re-

569 2738 748 2796 creati
777 2736 1139 2801 cmlestibus,
1163 2743 1385 2795 aeterna
1397 2753 1507 2794 nos
1519 2739 1758 2796 vestitos
1770 2739 2214 2798 immortalitate

568 2829 866 2885 lmtemur.

643 2915 818 2972 Pater
845 2917 1070 2972 noster.

1204 3020 1291 3075 Ad
1318 3019 1583 3078 Sextum.

711 3125 905 3183 Lectio
933 3123 1070 3182 libri
1109 3125 1422 3182 Hieremiae
1452 3127 1764 3197 Propheta:
1790 3129 1958 3200 (Cap.
2003 3130 2087 3202 v).

647 3243 712 3302 ﬂe.
740 3231 860 3288 Deo
891 3231 1134 3302 gratias.

643 3323 772 3376 Haec
793 3320 939 3377 dicit
972 3320 1463 3377 Dominus:Audi
1483 3321 1728 3394 popule,
1759 3323 1864 3397 qui
1897 3339 2021 3381 non
2038 3324 2228 3382 habes

573 3423 712 3470 cor:
745 3409 845 3482 qui
864 3407 1156 3465 habentes
1181 3409 1408 3475 oculos,
1433 3425 1555 3466 non
1585 3411 1810 3469 videtis.
1839 3415 1920 3470 Me
1946 3428 2089 3484 ergo
2104 3429 2229 3472 non

573 3497 878 3563 timebitis,
915 3498 988 3554 ait
1012 3498 1338 3554 Dominus:
1373 3503 1426 3555 et
1453 3514 1490 3554 a
1516 3499 1667 3556 facie
1707 3516 1842 3558 mea
1863 3517 1984 3559 non
2004 3501 2230 3558 dolebi-

574 3586 650 3642 tis
669 3584 698 3640 ?
729 3585 840 3650 Qui
861 3586 1036 3657 posui
1057 3601 1305 3643 arenam
1322 3588 1641 3644 terminum
1671 3590 1844 3657 mari,
1863 3595 2230 3662 praeceptum

579 3672 1033 3744 sempiternum,
1072 3675 1234 3746 quod
1255 3689 1378 3732 non
1418 3676 1772 3747 praeteribit:
1803 3681 1860 3734 et
1884 3694 2230 3736 commove-

575 3761 821 3830 buntur,
845 3764 900 3816 et
925 3775 1046 3816 non
1067 3766 1346 3833 poterunt
1373 3783 1386 3824 :
1411 3765 1808 3822 intumescent
1827 3765 2044 3824 ﬂuctus
2077 3768 2229 3840 ejus,

579 3853 636 3904 et
661 3863 786 3904 non
822 3848 1161 3904 transibunt
1190 3849 1361 3906 illuc:
1396 3853 1572 3924 292
1606 3854 1832 3926 populo
1863 3860 2065 3911 autem
2091 3855 2232 3912 huic

579 3936 795 3994 factum
809 3940 897 3991 est
911 3951 1012 3991 cor
1026 3935 2234 4014 incredulumetexasperans,recesserunt

580 4028 637 4081 et
655 4024 951 4079 abierunt.
972 4026 1038 4080 Et
1051 4039 1172 4080 non
1186 4024 1527 4083 dixeruntin
1543 4029 1722 4084 corde
1739 4047 1848 4086 suo
1867 4049 1878 4085 :
1903 4034 2233 4090 Metuamus

581 4111 907 4168 Dominum
929 4111 1119 4169 Deum
1149 4118 1442 4180 nostrum,
1475 4116 1578 4188 qui
1606 4117 1710 4173 dat
1736 4118 1914 4174 nobis
1957 4121 2232 4192 pluviam

583 4201 1429 4273 temporaneametserotinam
1450 4204 1511 4258 in
1529 4208 1797 4276 tempore
1818 4222 1927 4263 suo
1953 4209 2235 4280 ;plenitu-

582 4289 787 4346 dinem
801 4305 1017 4346 annuae
1032 4291 1242 4346 messis
1256 4293 1679 4348 custodientem
1693 4294 2234 4368 nobis.lniquitates

582 4383 792 4436 vestrae
816 4378 1265 4436 declinaverunt
1293 4380 1372 4437 ab
1393 4396 1462 4437 eo
1487 4399 1500 4437 :
1535 4386 1590 4437 et
1599 4387 1848 4453 peccata
1880 4391 2084 4442 nostra
2103 4402 2237 4459 pro-

583 4468 907 4525 hibuerunt
922 4467 1151 4524 bonum
1165 4483 1202 4524 a
1214 4467 1387 4526 nobis
1408 4486 1419 4526 :
1436 4470 1770 4542 quiinventi
1786 4472 1998 4529 suntin
2009 4475 2236 4547 populo

586 4555 1060 4630 meoimpiiiusid
1068 4555 1258 4613 iantes
1274 4559 1446 4631 quasi
1459 4559 1999 4635 aucupes,laqueos
2013 4578 2236 4635 ponen-

587 4651 673 4704 tes
703 4651 758 4703 et
788 4645 1034 4719 pedicas
1078 4645 1157 4703 ad
1178 4646 1500 4720 capiendos
1530 4648 1709 4705 viros.
1759 4650 1922 4707 Sicut
1959 4651 2238 4726 decipula

586 4737 766 4809 plena
789 4735 1021 4800 avibus,
1055 4735 1138 4792 sic
1167 4735 1387 4792 domus
1429 4753 1632 4796 eorum
1662 4739 1854 4812 plenae
1884 4740 2060 4797 dolo:
2092 4742 2238 4815 quia

589 4824 956 4896 magniﬁcati
988 4827 1126 4880 sunt
1151 4827 1207 4881 et
1232 4824 1415 4883 ditati.
1446 4828 1759 4886 lncrassati
1789 4834 1926 4886 sunt
1947 4834 2004 4886 et
2022 4830 2238 4903 impin-

590 4913 753 4984 guati
772 4930 782 4967 :
810 4917 866 4969 et
876 4913 1284 4985 praeterierunt
1299 4930 1601 4973 sermones
1616 4932 1782 4973 meos
1797 4918 2236 4988 pessime.Cau-

590 5017 722 5058 sam
750 5001 946 5057 viduae
987 5017 1107 5058 non
1131 5002 1550 5073 judicaverunt
1602 5022 1846 5064 causam
1883 5007 2087 5080 pupilli
2113 5023 2237 5064 non

590 5090 1006 5152 direxerant,et
1019 5090 1302 5161 judicium
1316 5109 1650 5166 pauperum
1669 5110 1790 5152 non
1797 5095 1817 5168 j
1829 5095 2234 5155 udicaverunt.

591 5177 893 5252 Numquid
906 5194 1087 5250 super
1107 5179 1199 5235 his
1211 5179 1486 5245 visitabo,
1516 5183 1954 5242 dicitDominus
1975 5186 2003 5244 ?
2032 5190 2240 5244 autsu-

591 5286 697 5345 per
708 5273 943 5342 gentem
957 5267 1372 5338 hujuscemodi
1388 5285 1508 5324 non
1525 5271 1838 5330 ulciscatur
1851 5275 2052 5331 anima
2065 5280 2242 5333 mea?

593 5363 808 5433 Stupor
836 5362 891 5414 et
920 5355 1222 5412 mirabilia
1242 5354 1399 5412 facta
1422 5365 1560 5414 sunt
1588 5360 1649 5415 in
1703 5367 1855 5418 terra
1889 5382 1902 5422 :
1943 5365 2239 5437 prophetae

589 5446 1032 5521 prOphetabant
1058 5443 1461 5514 mendacium,
1497 5451 1900 5506 etsacerdotes
1915 5452 2241 5524 applaude-

2317 397 2461 470 quid
2499 399 2674 470 igitur
2699 401 2796 456 ﬁet
2826 401 2888 456 in
2949 399 3280 456 novissimo
3311 399 3436 470 ejus
3465 403 3485 455 ἓ
3530 404 3864 469 Coniorlam'mi

2316 486 2419 543 ﬁlii
2451 487 2761 559 Benjamin
2790 489 2851 546 in
2868 488 3066 545 medio
3105 487 3486 545 Hierusalem.
3517 502 3575 560 1y.
3607 495 3786 552 Amen.

2388 575 2736 646 Antiphona
2763 583 2809 633 1.
2839 581 2917 633 Ne
2967 577 3143 632 simul
3157 576 3358 632 tradas
3377 593 3469 633 me
3481 595 3607 635 cum
3622 590 3872 652 peccatori-

2320 665 2463 720 bus:
2484 670 2698 723 etcum
2727 665 3113 739 operantibus
3133 664 3501 738 iniquitatem
3513 683 3580 723 ne
3604 673 3872 745 perdasme,

2321 753 2599 814 Domine:
2649 756 2710 816 ἵ.
2754 759 2839 810 Da
2887 754 3026 820 illis,
3091 753 3364 820 Domine,
3414 756 3719 814 secundum
3742 777 3876 834 opera

2320 859 2549 913 eorum,
2565 849 2621 901 et
2641 845 2973 901 secundum
2996 844 3325 915 nequitiam
3339 845 3647 904 studiorum
3660 850 3874 921 ipsorum.

2394 934 2600 991 Oratio
2613 976 2626 988 .
2654 935 2878 991 Christe
2898 934 3055 990 Deus
3072 938 3291 997 noster,
3315 933 3416 1006 qui
3439 933 3580 991 inter
3597 943 3877 1008 peccatores,

2322 1037 2460 1078 cum
2485 1022 2819 1079 latronibus
2845 1022 3081 1089 scilicet,
3114 1022 3330 1088 Crucis,
3357 1023 3649 1096 supplicio,
3674 1027 3879 1100 traditus,

2325 1112 2722 1184 perpessus‘es
2739 1128 2751 1168 :
2771 1126 3147 1184 quaesumus,
3166 1125 3242 1167 ne
3263 1126 3374 1166 nos
3406 1111 3576 1168 simul
3601 1129 3722 1170 cum
3736 1131 3884 1188 pecca-

2324 1201 2552 1258 toribus
2568 1202 2773 1258 tradas
2794 1218 2808 1267 ;
2827 1217 3020 1274 neque
3042 1217 3180 1256 cum
3204 1201 3884 1276 operantibusiniquitatem

2323 1291 2544 1362 pariter
2563 1292 2810 1363 punias:
2829 1295 2912 1354 ut,
2931 1305 3084 1362 quos
3100 1290 3378 1362 passione
3393 1294 3493 1347 tua
3513 1307 3549 1347 a
3574 1291 3766 1349 diaboli
3778 1301 3886 1366 poti.L

2326 1383 2476 1436 state
2504 1378 2760 1437 liberare
2783 1379 3063 1451 dignatus
3094 1394 3178 1448 es,
3202 1383 3257 1434 et
3285 1377 3383 1434 hic
3414 1384 3468 1435 et
3492 1379 3549 1436 in
3572 1385 3814 1438 aeternum
3835 1383 3888 1438 ab

2324 1466 2598 1526 infernali
2614 1473 3002 1538 peccatorum
3023 1471 3180 1522 sorte
3201 1466 3756 1538 dissocies.ﬁ.Amen.

2396 1556 2744 1625 Antiphona
2773 1559 2828 1610 2.
2859 1554 3108 1611 Domine
3141 1554 3360 1611 exaudi
3383 1556 3691 1613 orationem
3715 1573 3889 1614 meam:

2253 1653 2300 1712 Β
2327 1648 2385 1701 et
2412 1643 2640 1700 clamor
2659 1659 2831 1700 meus
2856 1642 2934 1699 ad
2958 1647 3012 1698 te
3031 1643 3356 1714 perveniat.
3383 1643 3442 1698 1n
3469 1660 3804 1716 quacumque
3823 1644 3893 1700 die

2328 1731 2594 1800 tribulor,
2615 1731 2839 1787 inclina
2866 1730 2944 1786 ad
2977 1745 3073 1785 me
3112 1746 3318 1787 aurem
3347 1732 3602 1791 tuamN.
3625 1735 3679 1788 ln
3693 1747 3892 1804 quacun-

2327 1836 2444 1894 que
2473 1821 2568 1876 die
2592 1820 2950 1876 invocavero
2967 1823 3043 1883 te,
3077 1819 3356 1876 velociter
3383 1819 3592 1876 exaudi
3617 1836 3714 1876 me.

2403 1909 2631 1966 Oratio.
2680 1908 2951 1978 Domine,
3012 1908 3227 1964 exaudi
3278 1909 3604 1965 orationem
3649 1915 3897 1974 meam;el

2329 1998 2557 2054 clamor
2594 2002 2794 2052 noster
2823 1998 2900 2052 ad
2923 2000 2975 2052 te
3034 1996 3272 2069 placida
3303 1996 3668 2068 benignitatis
3686 2002 3782 2054 tute
3797 2013 3894 2054 aure

2330 2086 2639 2160 perveniat
2672 2104 2685 2141 :
2719 2101 3040 2141 nerevoces
3065 2086 3253 2141 nosin
3275 2086 3500 2142 dimido
3513 2086 3718 2142 dierum
3731 2092 3897 2142 nostro-

2330 2192 2466 2232 rum
2508 2192 2523 2242 ;
2549 2175 2655 2232 sed
2689 2175 2768 2232 ad
2793 2178 3018 2231 certam
3047 2175 3366 2231 stationem
3401 2175 3705 2242 tendentes,
3724 2175 3798 2231 fac
3820 2190 3896 2230 nos

2331 2280 2579 2321 cursum
2617 2278 3044 2321 consummare
3068 2263 3333 2333 virtutis;
3366 2279 3436 2320 ac
3457 2265 3894 2336 perstudiumsan-

2333 2354 2697 2412 ctiﬁcationis
2719 2354 3025 2428 acquirere
3066 2358 3360 2411 aeternum
3391 2355 3588 2411 Gloriae
3616 2369 3832 2426 regnum,
3852 2355 3894 2408 in

2332 2444 2447 2501 hac
2472 2444 2700 2500 dierum
2725 2442 3115 2514 praesentium
3145 2444 3470 2514 paucitate.
3512 2455 3575 2515 ﬁ.
3603 2448 3774 2499 Amen.

2402 2533 2810 2602 Antiphona3.
2844 2531 3014 2603 Eripe
3027 2547 3123 2586 me
3155 2530 3414 2589 Domine
3444 2531 3519 2589 ab
3541 2531 3892 2590 hominemalo:

2333 2625 2391 2678 et
2419 2637 2455 2677 a
2491 2621 2618 2676 viro
2645 2620 2876 2692 iniquo,
2905 2622 2962 2676 et
2986 2636 3022 2675 a
3060 2618 3266 2690 lingua
3285 2619 3588 2682 dolosaJV.
3608 2618 3794 2676 Custodi
3821 2634 3894 2674 me

2335 2708 2586 2766 Domine
2612 2707 2687 2764 de
2726 2723 2913 2764 manu
2933 2708 3294 2779 peccatoris:
3331 2713 3394 2768 et
3420 2709 3498 2766 ab
3521 2706 3892 2766 hominibusmi-

2332 2799 2469 2871 quis
2482 2797 2670 2855 libera
2683 2812 2798 2854 me.
2808 2798 2850 2864 Q
2860 2797 2918 2852 ui
2933 2797 3345 2867 cogitaverunt
3358 2799 3712 2872 supplantare
3722 2810 3896 2867 gressus

2337 2903 2526 2944 meos.

2263 2999 2306 3056 ρ
2408 2987 2472 3047 ηε.
2507 2974 2677 3047 Eripe
2703 2989 2799 3031 me
2830 2974 2904 3031 de
2942 2973 3190 3030 inimicis
3221 2975 3401 3041 meis,
3440 2975 3686 3033 Domine.
3720 2973 3766 3028 P.
3793 2969 3900 3037 Quia

2335 3067 2398 3122 tu
2431 3081 2493 3120 es
2523 3064 2681 3120 Deus
2709 3079 2903 3120 meus.
2930 3063 2991 3123 ἲν.
3027 3063 3196 3135 Eripe
3225 3080 3325 3120 me
3358 3065 3434 3122 de
3465 3063 3804 3139 operantibus
3829 3060 3902 3116 ini-

2334 3153 2626 3227 quitatem
2659 3173 2672 3208 :
2704 3156 2760 3209 et
2794 3153 2869 3209 de
2917 3151 3059 3208 viris
3101 3153 3474 3224 sanguinum
3521 3154 3692 3211 libera
3717 3167 3808 3208 me.
3855 3148 3896 3202 P.

2337 3242 2506 3308 Quia.

2405 3331 2637 3388 Preces.
2663 3329 2752 3386 Ad
2772 3334 2828 3386 te
2853 3329 3187 3386 clamamus
3204 3347 3440 3396 omnes,
3459 3332 3703 3398 Domine,
3718 3331 3775 3386 P.
3789 3327 3902 3384 Mise-

2336 3434 2480 3476 rere.
2513 3419 2576 3480 ll”.
2611 3418 2837 3476 Exaudi
2860 3418 3015 3474 Deus
3042 3423 3208 3476 tuam
3237 3419 3494 3491 plebem,
3519 3427 3686 3476 etnos
3699 3417 3764 3474 ab
3786 3417 3905 3472 hoste

2337 3506 2610 3563 defende.
2637 3506 2710 3562 P.
2745 3507 3027 3563 Miserere.
3061 3507 3128 3567 V.
3178 3509 3416 3565 Exaudi
3448 3513 3592 3565 Deus
3617 3505 3903 3565 Pontiﬁcem,

2337 3597 2587 3669 ejusque
2610 3595 3008 3653 Sacerdotem.
3059 3598 3120 3651 P.
3154 3596 3444 3654 Miserere.
3485 3597 3544 3659 ἡ,
3573 3595 3770 3655 Exaudi
3802 3595 3906 3648 Deus

2337 3684 2609 3749 miseros,
2629 3689 2686 3740 et
2716 3698 2932 3740 revoca
2962 3685 3255 3757 captivos.
3295 3688 3359 3745 P.
3389 3687 3662 3744 Miserere.
3700 3684 3751 3746 i'.
3776 3685 3906 3738 Exau-

2338 3772 2401 3830 di
2421 3773 2578 3830 Deus
2597 3772 2832 3840 viduas,
2867 3778 2920 3828 et
2951 3773 3367 3845 orphanorum
3396 3776 3738 3848 lachrymas,
3765 3774 3809 3828 P.
3841 3767 3906 3825 lli-

2342 3875 2555 3918 serere.
2584 3859 2648 3922 7t.
2669 3860 2895 3916 Exaudi
2917 3863 3069 3917 Deus
3096 3878 3304 3927 (ηεροδ,
3336 3868 3393 3918 et
3422 3863 3602 3920 redde
3620 3861 3899 3918 illislumeu.

2339 3949 2402 4007 in
2419 3953 2708 4006 aeternum
2733 3971 2745 4004 :
2771 3954 2968 4006 tecum
2989 3948 3114 4005 sine
3141 3949 3256 4006 line
3279 3951 3572 4018 vivamus,
3609 3954 3663 4008 P.
3687 3951 3900 4006 Miserere.

2412 4038 2682 4107 Hymnus
2713 4040 2756 4094 Ο
2794 4041 3109 4103 Nazarene,
3140 4037 3263 4093 lux.
3288 4041 3405 4108 fol.
3432 4043 3550 4096 144.

2417 4127 2642 4183 Oratio.
2684 4127 2854 4198 Eripe
2885 4143 3002 4192 me,
3022 4127 3291 4193 Domine,
3313 4128 3391 4185 ab
3422 4129 3658 4186 homine
3685 4117 3907 4194 malo,qui

2344 4214 2601 4271 traditus
2623 4231 2685 4270 es
2705 4231 2815 4288 pro
2842 4215 3058 4272 scelere
3074 4214 3269 4271 alieno
3301 4233 3312 4270 :
3337 4222 3400 4272 ut
3433 4217 3630 4290 passio
3651 4221 3736 4272 tua
3759 4209 3909 4270 afutu-

2342 4303 2423 4360 ris
2452 4318 2560 4359 nos
2582 4303 2793 4376 eripiat
2813 4304 3139 4368 tormentis,
3181 4320 3317 4378 qua:
3341 4305 3400 4364 in
3432 4305 3688 4364 derisum
3713 4302 3838 4359 facta
3852 4299 3910 4352 est

2345 4391 2422 4450 ab
2445 4391 2663 4464 impiis.

2416 4483 2583 4540 Pater
2606 4485 2828 4538 noster.

2487 4570 2554 4626 IN
2595 4570 2852 4636 QUINTO
2871 4570 3219 4628 DOMINICO
3262 4568 3814 4640 QUADRAGESIHE.

2945 4659 3023 4714 Ad
3062 4661 3395 4730 Vesperum.

2416 4748 2636 4806 Lauda.
2671 4747 3006 4805 Sacrificate
3038 4750 3419 4816 sacriﬁcium,
3444 4751 3555 4820 fol.
3589 4752 3704 4805 214.

2419 4836 2641 4894 Oratio.
2657 4836 2810 4892 Deus
2818 4837 3061 4908 justitiaa
3075 4837 3726 4904 nostrteJnvocantibus
3738 4839 3781 4890 te
3792 4826 3917 4890 nobis

2346 4924 2628 4996 Propitius
2659 4940 2882 4998 appal‘e
2912 4930 3071 4990 ;utet
3101 4927 3460 4984 sacriﬁcium
3485 4924 3917 5000 vespertinumsa-

2347 5012 2681 5070 criﬁcemus
2713 5030 2726 5080 ;
2753 5014 2900 5070 etad
2937 5017 3188 5088 praemia
3216 5015 3502 5085 coelestia,
3546 5022 3598 5072 te
3645 5009 3916 5071 auxiliante,

2345 5101 2791 5174 perveniamus.
2821 5113 2887 5173 1y.
2925 5104 3136 5160 Amen.

2416 5191 2780 5262 Antiphona.
2814 5192 2962 5247 Dixit
2989 5195 3216 5266 Moyses
3245 5193 3321 5249 ad
3354 5194 3641 5268 populum
3676 5210 3686 5244 :
3756 5186 3919 5268 Quarta

2349 5278 2584 5336 decima
2614 5280 2709 5336 die
2738 5282 2954 5337 mensis
2970 5297 3267 5340 nonarum
3289 5267 3654 5340 celebrabitis
3667 5267 3916 5334 Pascha}.

2349 5367 2547 5422 Canite
2578 5367 2636 5424 in
2664 5369 2828 5428 initio
2860 5371 3081 5426 mensis
3115 5371 3258 5428 tuba
3285 5371 3342 5427 in
3365 5371 3551 5450 signis
3603 5356 3918 5426 solemnitatis

2350 5459 2586 5514 nostra).
