4094 6164
182 227 273 282 501
1339 226 1689 285 DOMINICA
1731 226 1774 282 V
1813 225 2424 293 QUADRAGESIMAB.

3498 244 3603 300 502

244 349 468 406 Lauda.
503 346 770 440 Tedium
803 348 988 440 tenuit
1011 364 1127 420 me,
1149 365 1260 422 pro
1281 349 1834 422 derelinquentibus
1863 351 1908 408 A
1953 368 2086 409 mus
2120 372 2132 409 :
2162 360 2245 424 ut,
2263 356 2492 428 quinos
2509 357 3432 435 admatutinumofﬁcium,gallo
3448 381 3600 440 prte-

175 431 359 509 legem
391 443 578 494 tuam.
627 436 964 493 Cantabiles
992 443 1160 494 erant
1199 441 1342 495 mihi
1380 440 1834 510 justiﬁcationes

171 530 362 592 tum,in
382 527 513 582 loco
537 525 1032 596 peregrinationis
1057 543 1224 584 meae.
1259 528 1317 589 ἴ.
1349 532 1641 585 Memento
1662 529 1830 584 verbi

171 617 247 674 tui
271 631 444 671 servo
482 621 608 678 tuo,
651 614 712 668 in
743 629 864 685 quo
895 613 1039 670 mihi
1072 631 1242 686 spem
1282 617 1517 673 dedisti.

233 704 529 773 Hymnus.
555 700 810 757 Verbum
835 702 1046 757 Patris.
1078 704 1287 770 Quaere
1321 705 1434 773 fol.
1469 708 1594 761 252.

242 792 541 863 Capitula.
557 790 784 847 Christe
798 791 953 845 Deus
971 795 1190 856 noster,
1206 792 1310 864 qui
1324 808 1432 864 pro
1448 792 1621 848 nobis
1640 791 1830 848 omni-

156 881 283 936 bus
299 880 606 952 passionis
621 878 907 935 sustulisti
922 878 1201 950 injuriam
1226 899 1240 948 ;
1255 898 1385 937 cum
1397 882 1548 938 inter
1559 881 1826 938 odientes

152 985 382 1042 pacem
403 969 688 1041 paciﬁcus
707 967 1022 1035 inveniris;
1041 974 1098 1024 et
1117 970 1403 1027 innocens
1423 987 1460 1027 a
1474 971 1828 1027 nocentibus

147 1058 526 1129 cruciﬁgeris
560 1073 572 1111 :
609 1057 815 1128 sicque
845 1062 1097 1113 mortem
1116 1059 1252 1115 hum
1268 1060 1360 1114 ani
1381 1060 1614 1130 generis
1635 1064 1823 1114 morte

143 1152 248 1202 tua
279 1146 594 1213 transﬁgis
625 1161 636 1200 ε
670 1145 749 1200 da
781 1145 974 1208 nobis,
1014 1152 1077 1201 ut
1093 1147 1488 1219 multiplicata
1510 1163 1690 1219 super
1712 1163 1823 1203 nos

143 1235 560 1308 superborum
600 1236 774 1306 293
802 1235 1088 1306 iniquitas
1110 1252 1231 1292 non
1260 1237 1582 1308 praevaleat
1606 1255 1618 1301 ;
1643 1242 1821 1308 atque

138 1325 463 1380 meditatio
487 1324 633 1393 legis
658 1330 772 1380 tua:
797 1323 993 1379 cordis
1011 1326 1196 1380 nostri
1217 1326 1481 1381 studium
1507 1340 1633 1383 non
1655 1341 1818 1381 rece-

137 1414 243 1470 dat
274 1433 288 1472 :
325 1419 412 1479 ut,
433 1415 584 1484 quia
603 1417 664 1467 tu
685 1411 847 1467 solus
873 1427 980 1483 pro
996 1412 1170 1468 nobis
1187 1414 1467 1469 omnibus
1485 1419 1541 1469 et
1565 1419 1817 1470 mortem

137 1520 366 1575 passus
397 1518 463 1557 es
483 1505 539 1557 et
562 1501 948 1574 sepulchrum
971 1521 985 1568 ;
1009 1502 1388 1558 credentibus
1411 1503 1514 1559 tibi
1537 1508 1592 1558 et
1611 1503 1816 1560 lumen

139 1598 386 1648 aiter-nte
421 1591 562 1647 vitae
593 1590 802 1653 dones,
845 1593 904 1644 et
937 1590 1281 1661 praemium.

208 1682 392 1736 Pater
423 1683 648 1735 noster.

212 1770 592 1826 Benedictio.
627 1767 891 1822 Christus
908 1768 1217 1832 Dominus,
1238 1768 1341 1840 qui
1358 1773 1547 1824 morte
1563 1785 1671 1824 sua
1707 1770 1814 1824 hu-

137 1858 467 1912 manitatis
497 1861 717 1911 nostra:
746 1860 1002 1911 mortem
1033 1855 1268 1924 devicit,
1305 1856 1546 1912 victores
1567 1873 1675 1912 vos
1692 1856 1814 1912 efﬁ-

135 1947 267 2001 ciat
308 1945 573 2000 criminis
612 1945 818 2000 vestri.
851 1947 919 2000 Β.
961 1946 1171 1998 Amen.
1207 1947 1272 1998 Et
1293 1946 1395 2016 qui
1423 1945 1653 2000 tradise
1688 1961 1814 2017 per-

141 2033 312 2091 misit
343 2033 746 2103 abimpiis,ab
760 2041 1118 2088 aeternorum
1137 2049 1242 2088 vos
1257 2034 1685 2105 suppliciorum
1707 2034 1816 2089 eri-

141 2123 269 2194 piat
304 2121 534 2193 poenis.
566 2133 636 2190 ﬁ.
672 2123 883 2176 Amen.
915 2124 1140 2176 Etcum
1171 2137 1241 2176 eo
1269 2122 1393 2176 sine
1432 2123 1549 2177 ﬁne
1580 2122 1812 2191 vivatis,

141 2213 242 2284 qui
268 2211 470 2266 victor
497 2210 688 2266 factus
718 2217 806 2265 est
847 2211 1072 2265 mortis.
1107 2221 1174 2279 nr.
1211 2211 1421 2267 Amen.

211 2299 464 2356 Lauda.
519 2298 683 2354 Multi
739 2307 1163 2369 persequentes
1195 2314 1310 2363 me,
1363 2297 1646 2354 tribulant
1694 2314 1811 2369 me,

140 2391 438 2444 Domine:
475 2404 512 2443 a
550 2387 678 2456 lege
727 2391 927 2442 autem
977 2391 1080 2442 tua
1129 2401 1248 2442 non
1289 2386 1608 2452 declinavi,
1661 2390 1812 2442 Deus

140 2493 328 2532 meus.
368 2476 434 2537 ῒ.
480 2475 621 2530 Vide
677 2473 1069 2530 humilitatem
1105 2490 1324 2539 meam,
1374 2481 1430 2530 et
1476 2476 1635 2546 eripe
1665 2492 1760 2532 me
1795 2495 1808 2531 :

143 2567 279 2637 quia
309 2566 521 2634 legem
557 2568 717 2618 tuam
748 2579 868 2618 non
899 2580 1031 2618 sum
1059 2562 1295 2618 oblitus.

211 2657 447 2710 Oratio.
481 2653 888 2710 Miserationes
921 2658 1034 2707 tum
1061 2653 1283 2718 multae,
1309 2653 1581 2722 Domine,
1600 2669 1809 2709 omnes

145 2743 494 2814 iniquitates
554 2746 792 2796 nostras
851 2740 1114 2808 deleant;
1147 2747 1203 2796 et
1244 2740 1323 2796 ad
1372 2741 1808 2812 indulgentiam

145 2836 307 2888 tuam
351 2848 470 2888 nos
499 2829 922 2886 emundandos
959 2830 1310 2901 perducant.
1345 2841 1409 2901 13;.
1443 2835 1654 2885 Amen.

211 2921 436 2976 Lauda
482 2923 535 2973 2.
568 2919 904 2974 Exclamavi
943 2918 1004 2973 in
1032 2925 1148 2974 toto
1183 2918 1362 2974 corde
1401 2934 1556 2984 meo,
1590 2919 1807 2975 exaudi

153 3024 256 3071 me,
294 3009 576 3065 Domine.
600 3006 659 3068 ἲν.
695 3007 959 3063 Clamavi
985 3006 1062 3062 ad
1085 3011 1159 3072 te,
1190 3007 1425 3062 salvum
1444 3022 1541 3062 me
1570 3005 1664 3063 fac
1699 3027 1710 3065 :
1745 3011 1807 3064 ut

155 3098 494 3154 custodiam
525 3097 868 3152 testimonia
899 3100 1018 3152 tua.

216 3189 455 3243 Oratio.
497 3184 911 3240 Exclamamus
932 3185 1009 3240 ad
1032 3189 1104 3250 te,
1124 3185 1392 3252 Domine,
1418 3190 1478 3241 ut
1497 3201 1610 3242 nos
1629 3202 1806 3242 exau-

153 3279 289 3344 dias,
324 3282 386 3333 et
422 3275 632 3332 oculos
673 3275 859 3330 humo
890 3275 1139 3330 acclives
1178 3275 1255 3329 ad
1290 3279 1342 3330 te
1365 3275 1644 3332 admittas
1679 3295 1691 3328 :
1722 3281 1802 3340 ut,

155 3373 244 3424 tua
258 3382 372 3423 nos
391 3365 756 3421 inlustrante
774 3364 960 3419 sereni
972 3368 1349 3435 tate,semper
1366 3380 1721 3420 maneamus
1743 3366 1804 3420 in

152 3455 388 3512 lumine.
429 3465 496 3523 ﬁ.
525 3461 737 3508 Amen.

212 3544 431 3600 Lauda
462 3547 516 3598 3.
555 3541 695 3595 Vide
735 3539 1130 3595 humilitatem
1159 3555 1380 3604 meam,
1409 3545 1466 3596 et
1494 3541 1656 3612 eripe
1685 3558 1801 3610 me,

152 3634 397 3688 Domine
424 3652 435 3690 :
469 3630 616 3702 quia
640 3629 834 3698 legem
853 3635 1014 3684 tuam
1044 3643 1167 3684 non
1191 3645 1324 3684 sum
1346 3629 1584 3686 oblitus.
1618 3630 1680 3691 ἡ.
1711 3634 1806 3687 Ju-

151 3721 277 3778 dica
302 3735 560 3777 causam
590 3733 815 3782 meam,
867 3722 923 3772 et
953 3717 1177 3772 redime
1221 3733 1318 3774 me
1366 3735 1378 3773 :
1412 3723 1648 3791 propter
1690 3719 1805 3775 elo—

150 3811 355 3880 quium
387 3813 560 3864 tuum
596 3805 831 3863 viviﬁca
857 3823 979 3862 me.

217 3899 444 3954 Oratio.
489 3895 635 3950 Vide
668 3894 1065 3950 humilitatem
1100 3898 1392 3957 nostram,
1431 3897 1718 3966 Domine;
1749 3901 1806 3954 et

145 3987 304 4057 eripe
336 4001 450 4041 nos
479 4002 491 4038 :
525 3989 576 4039 te
605 3982 767 4039 enim
794 3983 1167 4054 respiciente,
1191 3984 1298 4039 etsi
1316 3984 1643 4055 dejicimur,
1669 3986 1805 4040 sub-

148 4073 422 4128 levamur
449 4089 465 4136 ;
497 4087 614 4142 quo
646 4076 1033 4135 sustentante,
1067 4087 1141 4126 ne
1182 4087 1556 4136 corruamus,
1589 4073 1804 4144 excipi-

147 4176 319 4218 mur.
353 4170 418 4228 ﬁ.
440 4163 639 4215 Amen.

215 4253 444 4305 Preces.
488 4248 730 4303 Domine
756 4247 1408 4304 misericordiarum.P.
1443 4248 1801 4306 Obliviscere

138 4345 394 4410 peccata
431 4342 654 4392 nostra.
695 4336 756 4396 ἲν.
788 4336 897 4402 Qui
927 4351 1243 4407 resurgens
1285 4353 1321 4394 a
1351 4339 1599 4394 mortuis
1630 4340 1800 4395 sedes

138 4429 214 4483 ad
261 4427 579 4483 dexteram
636 4425 736 4480 Dei
789 4424 996 4493 Patris,
1037 4425 1100 4481 P.
1150 4425 1529 4481 Obliviscere.
1588 4426 1648 4486 ἵ.
1691 4428 1801 4493 Qui

139 4515 438 4587 promittis
462 4513 640 4584 justis
672 4513 960 4584 praemia;
986 4517 1038 4569 et
1068 4512 1289 4586 iniquis
1310 4513 1556 4570 minaris
1577 4515 1801 4587 suppli-

138 4607 244 4661 cia.
275 4608 336 4660 P.
376 4602 759 4659 Obliviscere.
787 4600 847 4662 i7.
883 4601 992 4667 Qui
1015 4607 1361 4672 peccantem
1377 4619 1495 4658 non
1524 4604 1798 4674 judicas;

142 4695 237 4749 sed
249 4695 324 4750 ad
341 4692 749 4765 paenitentiam
766 4706 1097 4762 procovans
1115 4695 1402 4762 expectas,
1429 4693 1800 4749 P.0blivisce-

137 4799 215 4838 re.
267 4783 338 4844 ii.
397 4781 512 4846 Qui
537 4780 731 4850 justos
774 4794 956 4834 vocas
1002 4779 1077 4834 ad
1127 4779 1544 4847 tolerantiam;
1584 4786 1639 4836 et
1669 4785 1803 4852 post

141 4872 533 4929 tentationem
557 4883 850 4940 provocas
881 4868 960 4923 ad
985 4884 1294 4936 coronam,
1328 4871 1384 4924 P.
1421 4869 1795 4926 Obliviscere.

206 4962 434 5017 Oratio.
470 4957 699 5014 Exaudi
739 4956 1098 5013 orationem.
1132 4958 1244 5026 fol.
1280 4960 1404 5014 138.

717 5045 816 5101 Ad
844 5046 1226 5102 Matutz’num.

205 5140 491 5210 Hymnus.
528 5135 765 5190 {Eterne
792 5149 991 5190 rerum
1029 5134 1589 5206 Conditor.Require
1607 5135 1717 5204 fol.
1743 5139 1796 5205 3,

205 5229 439 5284 Oratio.
480 5225 662 5286 Deus,
705 5237 885 5292 quem
910 5223 1086 5278 totius
1126 5222 1403 5293 opificem
1444 5223 1638 5295 operis
1671 5223 1796 5279 lau-

153 5312 340 5372 dando
373 5311 762 5370 concelebrat
795 5309 1034 5366 condita
1076 5311 1430 5380 magnitudo
1465 5327 1476 5366 :
1509 5313 1797 5384 cujusque

150 5405 463 5471 potentiam
479 5399 870 5472 intelligibilis
891 5404 1160 5457 creatura
1176 5401 1415 5458 miratur
1436 5419 1446 5456 :
1468 5401 1567 5458 tibi
1586 5402 1797 5474 suppli-

150 5506 229 5551 ces
261 5495 571 5554 honorem
594 5487 940 5558 deferimus,
966 5488 1230 5546 etcordis
1251 5490 1495 5548 vocibus
1512 5505 1799 5566 provoca-

1947 447 2219 506 conante,
2254 445 2609 510 exsuscitas;
2651 445 2887 515 placida
2909 447 3012 502 tibi
3054 452 3237 506 nostri
3275 452 3596 512 famulatus

1944 535 2079 587 vota
2097 532 2404 598 efﬁcias,et
2422 538 2523 589 tuo
2537 534 2662 590 miti
2681 535 2981 606 praesidio,
3001 539 3165 607 quod
3191 540 3593 614 delinquendo

1942 619 2302 689 sorduimus,
2335 621 2546 677 abluas
2580 639 2592 677 :
2622 627 2679 677 et
2713 624 2844 693 jugi
2883 628 2936 679 te
2979 640 3148 694 prece
3185 642 3488 697 rogamus,
3528 638 3594 690 ut

1935 707 2389 777 justiﬁcationes
2437 715 2550 766 tua:
2615 713 2868 782 gratiam
2917 712 3092 769 nobis
3169 715 3492 786 impertias.
3522 732 3584 788 ﬁ.

1937 797 2144 852 Amen.

2008 887 2364 956 Antiphona.
2403 887 2595 945 Gloria
2631 905 2766 946 mea
2805 891 2977 958 Deus,
3012 895 3068 948 et
3108 892 3381 950 exaltans
3411 898 3589 966 caput

1935 990 2160 1030 meum.
2195 977 2462 1032 Psatmus
2491 993 2573 1032 in.

2005 1065 2374 1133 Antiphona.
2401 1065 2522 1122 Tibi
2546 1066 2654 1122 soli
2682 1068 2926 1138 peccavi
2957 1068 3236 1125 miserere
3261 1072 3581 1137 mei,Deus.

1934 1153 2128 1207 Psalm
2139 1169 2202 1208 us
2224 1172 2271 1206 ι..

2006 1241 2228 1296 Oratio.
2265 1244 2580 1313 Susceptor
2630 1250 2832 1299 noster
2880 1246 3127 1302 Domine
3173 1247 3368 1303 exalta
3399 1252 3582 1319 caput

1930 1336 2202 1384 nostrum
2232 1330 2292 1384 in
2323 1330 2533 1400 gloria,
2557 1335 2613 1386 et
2631 1332 2932 1402 locupleta
2952 1349 3064 1389 nos
3087 1336 3145 1389 in
3173 1336 3579 1394 misericordia

1929 1421 2073 1472 tua:
2120 1417 2258 1474 lava
2305 1418 2517 1473 intima
2546 1419 2744 1474 cordis
2787 1421 2974 1475 nostri
3014 1423 3090 1476 ab
3145 1424 3355 1478 intima
3383 1425 3578 1479 cordis

1927 1505 2138 1560 nostris
2152 1505 2229 1576 inj
2241 1506 2436 1562 uslitia
2451 1523 2464 1572 ;
2481 1511 2582 1562 eta
2595 1507 3537 1581 peccatiinquinamentispuriﬁca
3560 1529 3573 1566 :

1926 1593 2088 1648 mitte
2115 1595 2188 1648 de
2223 1593 2392 1659 ccelo,
2427 1598 2484 1650 et
2526 1611 2664 1650 erue
2695 1610 2807 1650 nos
2859 1612 2895 1652 a
2927 1597 3331 1654 conculcantis
3361 1598 3577 1670 obpro-

1842 1698 1886 1754 Β
1926 1680 2057 1737 brio
2081 1699 2093 1738 :
2123 1687 2187 1738 ut
2205 1683 2428 1738 alacres
2447 1683 2517 1738 ad
2531 1683 2646 1738 hoc
2673 1689 2843 1740 tuum
2860 1701 3239 1742 recurramus
3257 1687 3533 1742 altarium
3553 1706 3573 1758 ;

1925 1775 1978 1825 et
1997 1773 2356 1826 matutinum
2390 1771 2746 1827 sacriﬁcium
2770 1773 2874 1828 tibi
2904 1773 3301 1830 oﬁeramusin
3330 1775 3571 1846 templo.

1926 1870 1988 1928 Β).
2015 1863 2221 1914 Amen.

1941 2011 1944 2014 _
1995 1948 2362 2016 Antiphona.
2404 1948 2660 2004 Psallam
2703 1949 2937 2005 nomini
2988 1953 3108 2011 tuo,
3156 1948 3474 2004 Altissime.
3509 1951 3573 2003 In

1923 2036 2324 2091 convertendo
2354 2037 2661 2092 inimicum
2689 2053 2891 2094 meum
2913 2042 3239 2093 retrorsum
3267 2055 3279 2091 :
3315 2037 3576 2093 inﬁrma-

1923 2124 2146 2180 buntur
2181 2129 2237 2180 et
2264 2127 2492 2196 perient
2539 2142 2574 2181 a
2605 2126 2756 2182 facie
2800 2132 2917 2181 tua.
2952 2125 3018 2185 )7.
3059 2126 3353 2190 Quoniam
3389 2125 3577 2182 fecisti

1917 2213 2213 2283 judicium
2253 2229 2454 2268 meum
2482 2219 2537 2268 et
2569 2229 2819 2268 causam
2851 2228 3048 2268 meam
3085 2231 3098 2265 :
3149 2213 3354 2268 sedisti
3397 2229 3575 2285 super

1922 2301 2206 2357 thronum
2236 2302 2337 2373 qui
2357 2301 2592 2372 judicas
2613 2302 2978 2374 aequitatem.

1996 2390 2223 2447 Oratio.
2251 2390 2475 2447 Psallat
2505 2407 2740 2463 semper
2771 2390 3032 2447 Ecclesia
3065 2395 3168 2446 tua
3191 2390 3420 2446 nomini
3450 2394 3571 2456 tuo,

1921 2479 2216 2534 Altissime
2244 2481 2395 2534 Deus
2416 2499 2432 2550 ;
2466 2481 2570 2551 qui
2603 2496 2707 2552 per
2731 2479 3032 2551 passionis
3064 2483 3179 2534 tuae
3201 2480 3575 2551 triumphum

1920 2567 2262 2622 convertisti
2318 2567 2628 2622 inimicum
2676 2568 2894 2623 animae
2934 2572 3153 2622 nostra:
3198 2571 3570 2622 retrorsum:

1918 2671 2266 2727 quaesumus
2297 2655 2566 2727 proinde,
2592 2659 2655 2709 ut
2676 2654 2883 2709 eodem
2914 2669 3049 2708 cum
3077 2653 3200 2708 suis
3225 2655 3573 2710 satellitibus

1917 2744 2232 2798 inﬁrmatis
2257 2748 2314 2798 et
2342 2743 2604 2814 perditis,
2647 2741 2877 2796 affatim
2907 2746 3010 2796 tua
3037 2757 3146 2797 nos
3171 2757 3410 2812 semper
3441 2757 3575 2814 pro-

1918 2836 2076 2902 tegat
2115 2831 2312 2902 passio
2341 2830 2632 2900 gloriosa.
2672 2841 2738 2900 ﬁ.
2765 2833 2978 2884 Amen.

1987 2920 2334 2990 Antiphona
2365 2923 2418 2974 2.
2443 2922 2782 2974 Peccatores
2812 2917 3188 2974 tetenderunt
3217 2932 3447 2985 arcum,
3470 2932 3573 2989 pa-

1915 3015 2196 3065 raverunt
2216 3010 2464 3078 sagittas
2489 3007 2550 3063 in
2571 3009 2873 3080 pharetra,
2895 3011 2956 3062 ut
2977 3007 3257 3078 sagittent
3276 3006 3338 3061 in
3355 3005 3573 3062 obscu-

1917 3113 1984 3154 ro
2017 3102 2210 3154 rectos
2241 3097 2439 3153 corde.
2472 3098 2658 3162 Quem
2692 3100 2754 3152 tu
2785 3095 3098 3168 perfecisti,
3129 3095 3243 3167 ipsi
3273 3094 3572 3151 destruxe-

1915 3191 2053 3244 runt
2077 3204 2090 3242 :
2117 3187 2352 3258 justum
2375 3191 2576 3243 autem
2593 3185 2738 3258 quid
2753 3185 2889 3240 fecit
2914 3185 2940 3238 ?
2962 3184 3324 3245 x".Dominus
3345 3184 3406 3239 in
3427 3188 3570 3239 tem-

1915 3276 2014 3348 plo
2049 3281 2256 3332 sancto
2290 3292 2421 3345 suo,
2460 3276 2744 3331 Dominus
2776 3273 2837 3328 in
2865 3273 3013 3328 coelo
3039 3273 3211 3328 sedes
3241 3273 3389 3341 ejus.

1988 3365 2212 3421 Oratio.
2242 3363 2542 3419 Adversus
2573 3369 2648 3426 te,
2682 3361 2904 3416 Christe
2931 3361 3198 3421 Domine,
3226 3361 3568 3428 peccatores

1913 3453 2301 3523 malignitatis
2346 3451 2779 3524 prmtendentes
2824 3463 3053 3513 arcum,
3087 3445 3416 3501 dolositatis
3445 3461 3567 3502 suae

1913 3541 2303 3597 nihilominus
2331 3539 2558 3607 sagittis
2583 3536 2851 3593 transﬁxi
2874 3540 3014 3590 sunt
3039 3553 3052 3586 :
3074 3534 3222 3600 Quia
3241 3534 3417 3604 igitur
3437 3539 3489 3588 te
3506 3534 3569 3589 in

1915 3631 2173 3686 obscuro
2203 3628 2483 3700 nequitia:
2511 3628 2569 3681 in
2594 3625 2809 3697 jaculis
2837 3624 3057 3694 lingua:
3090 3639 3232 3690 suae,
3271 3627 3334 3678 ut
3367 3622 3568 3678 conati

1914 3716 2424 3786 sunt,transfigere
2442 3714 2617 3786 294
2632 3714 2987 3785 nequierunt
3010 3728 3022 3778 ;
3042 3727 3173 3778 nos,
3195 3727 3564 3783 quaesumus,

1913 3807 1992 3865 ab
2017 3821 2227 3862 eorum
2255 3803 2533 3859 dentibus
2554 3809 2671 3858 tua:
2697 3800 2994 3873 passionis
3013 3799 3347 3855 munimine
3373 3803 3566 3856 extra-

1911 3896 2130 3954 hamur
2156 3913 2168 3953 :
2194 3897 2258 3949 ut
2274 3897 2536 3964 te,quem
2548 3895 2776 3946 rectum
2797 3889 2974 3945 corde
2996 3888 3289 3960 persecuti
3307 3893 3440 3942 sunt
3459 3887 3567 3944 im-

1912 3985 2031 4057 pie,
2058 3983 2313 4038 sentiant
2349 3985 2620 4036 nostrum
2643 3979 2704 4034 in
2725 3977 3010 4034 omnibus
3048 3981 3469 4050 protectorem.
3499 3987 3562 4048 Br.

1911 4077 2328 4227 Μῗιῗῑῖέρήοηα
2354 4161 2404 4211 3.
2439 4154 2746 4228 Disperdat
2772 4154 3062 4210 Dominus
3085 4153 3366 4210 universa
3402 4151 3567 4209 labia

1909 4250 2134 4320 iniqua,
2156 4252 2212 4304 et
2230 4247 2498 4316 linguam
2512 4245 2986 4316 magniloquam.
3006 4243 3115 4310 Qui
3132 4243 3366 4298 dicunt:
3385 4241 3566 4298 Labia

1908 4342 2112 4393 nostra
2130 4336 2448 4392 nobiscum
2472 4331 2771 4405 sunt,quis
2789 4336 2991 4390 noster
3004 4337 3090 4388 est
3113 4332 3268 4387 Deus
3291 4327 3565 4388 ?Ponam

1909 4427 1969 4481 in
2001 4424 2244 4482 salutari
2275 4438 2409 4480 meo
2435 4439 2446 4476 :
2475 4421 2728 4478 ﬁdenter
2776 4436 2955 4491 agam
2982 4420 3042 4477 in
3096 4435 3186 4476 eo.
3216 4419 3277 4482 )7.
3324 4418 3564 4475 Salvum

1911 4512 2111 4570 mefac
2144 4509 2707 4584 Domine,quoniam
2721 4508 3197 4566 defecitsanctus
3230 4527 3240 4559 :
3269 4506 3562 4580 quoniam

1909 4603 2219 4660 diminutas.
2253 4605 2391 4657 sunt
2420 4601 2693 4656 veritates
2717 4615 2752 4655 a
2790 4599 2928 4654 ﬁliis
2957 4598 3296 4654 hominum.

1983 4693 2213 4748 Oratio.
2237 4689 2520 4762 Disperde
2536 4686 2783 4744 Domine
2802 4687 3083 4743 universa
3106 4685 3267 4742 labia
3284 4682 3493 4738 dolosa
3505 4685 3560 4736 et

1906 4780 2175 4850 linguam
2203 4777 2688 4849 magniloquam;
2718 4781 2780 4831 ut
2803 4775 2992 4847 quiin
3016 4775 3274 4830 salutare
3301 4777 3468 4825 tuum
3495 4768 3560 4824 ﬁ-

1908 4869 2114 4925 denter
2135 4883 2308 4938 agere
2331 4865 2563 4933 nolunt,
2591 4863 2888 4920 labiorum
2912 4878 3156 4918 suorum
3178 4859 3402 4915 malitia
3423 4874 3562 4916 con-

1907 4957 2236 5014 fundantur
2265 4973 2278 5009 :
2305 4956 2506 5026 sicque
2537 4953 2648 5007 illis
2694 4953 2754 5009 in
2784 4952 3007 5007 Christo
3050 4947 3306 5004 Domino
3353 4953 3562 5005 nostro

1906 5045 2133 5102 vocatis
2164 5059 2269 5116 per
2300 5041 2732 5113 paenitentiam,
2761 5054 3000 5110 unaque
3059 5038 3377 5093 nobiscum
3425 5037 3562 5093 ﬁdei

1905 5134 2114 5203 lingua
2144 5131 2365 5187 effectis
2393 5146 2404 5193 ;
2432 5128 2674 5185 utlabia
2712 5127 2926 5184 dolosa
2952 5131 3276 5200 utcumque
3317 5143 3354 5183 a
3383 5125 3557 5181 nobis

1907 5235 2340 5294 usquequaque
2361 5219 2718 5290 dispereant.
2755 5229 2816 5288 ἢ.
2860 5223 3067 5274 Amen.

1978 5323 2039 5382 131.
2074 5309 2187 5364 Viri
2218 5307 2406 5380 iniqui
2433 5307 2708 5364 dixerunt
2742 5326 2754 5359 :
2791 5307 3213 5380 Opprimamus
3243 5303 3436 5357 virum
3457 5303 3554 5372 ju-

1907 5405 2065 5456 stum
2077 5395 2790 5469 injuste,etdeglutiamus
2806 5412 2944 5452 eum
2976 5400 3262 5465 tanquam
3285 5389 3556 5445 infernus

1906 5489 2110 5545 vivum
2144 5503 2156 5542 :
2191 5485 2535 5543 auferamus
2551 5483 2907 5543 memoriam
2936 5481 3089 5539 illius
3109 5479 3182 5536 de
3199 5483 3386 5544 terra;
3416 5480 3557 5536 P.Et
