4094 6164
564 261 675 321 503

1846 247 2301 311 BBEVIARIUM
2342 250 2717 312 GOTHICUM

3810 264 3895 323 ΕΜ

570 387 648 445 de
678 381 887 458 spoliis
915 380 1046 456 ejus
1078 382 1301 441 sortem
1338 379 1650 440 mittamus
1689 378 1846 438 inter
1882 393 1996 437 nos
2040 398 2054 433 :
2100 376 2219 450 ipsi
2245 376 2293 433 Α
2330 378 2472 436 tiam
2493 379 2554 437 in
2573 376 3012 438 oculistuiszin
3028 374 3123 432 die
3139 372 3304 433 enim
3323 372 3495 433 bona
3518 379 3755 437 venimus
3776 387 3838 442 ad
3860 392 3900 445 te

570 477 775 535 autem
808 472 1125 531 homicidae
1149 471 1697 530 thesaurizaverunt
1722 468 1835 526 sibi
1864 467 2045 525 mala.
2074 466 2220 523 Insi-

570 564 821 639 pientes,
842 565 901 619 et
921 560 1175 634 maligni
1194 560 1450 618 oderunt
1478 560 1855 633 sapientiam,
1883 561 1940 614 et
1967 556 2051 613 rei
2080 554 2222 612 facti

576 656 717 710 sunt
738 652 801 709 in
824 649 1383 723 cogitationibusv.
1409 649 1689 706 Dixerunt
1723 665 1734 703 :
1766 646 1989 712 Venite,
2014 660 2225 718 percu-

576 741 796 799 tiamus
810 754 949 797 eum
962 738 1189 809 lingua,
1201 741 1261 795 et
1272 753 1395 794 non
1408 736 1791 795 attendamus
1813 734 1893 791 ad
1908 734 2221 790 universos

577 844 883 887 sermones
920 829 1069 899 ejus.
1104 829 1175 888 P.
1213 830 1279 884 Et
1301 828 1376 883 de
1406 827 1631 900 spoliis.

647 919 874 975 Oratio.
904 916 1127 972 Christe
1148 916 1249 972 Dei
1279 916 1477 985 Filius,
1508 915 1682 986 cujus
1706 914 1897 969 vitam
1927 911 2035 968 viri
2059 910 2227 984 impii

580 1011 639 1065 et
673 1004 1129 1079 opprimendam
1154 1004 1478 1071 difﬁniunt,
1498 1008 1554 1060 et
1575 1001 2115 1074 deglutiendam,ut
2144 1000 2230 1055 in-

581 1095 685 1152 feri
714 1096 1061 1157 statuerunt,
1078 1092 1331 1148 nitentes
1346 1092 1703 1149 memoriam
1726 1096 1891 1148 tuam
1906 1089 2139 1147 auferre
2155 1088 2230 1144 de

581 1186 759 1249 terra,
799 1182 899 1254 qui
928 1196 1241 1239 creaveras
1267 1181 1453 1239 caelos
1480 1184 1536 1238 et
1567 1185 1820 1245 terram;
1870 1183 1925 1236 te
1955 1179 2228 1251 petimus,

584 1276 641 1330 et
662 1286 976 1343 rogamus,
1005 1274 1088 1337 ut,
1122 1272 1227 1345 qui
1257 1272 1317 1327 in
1367 1271 1573 1344 spoliis
1600 1270 1785 1327 vestis
1832 1275 1950 1327 tum
1982 1271 2233 1325 missam

586 1366 809 1420 sortem
835 1361 1120 1434 patienter
1138 1360 1397 1433 perferre
1424 1360 1706 1431 dignatus
1724 1374 1809 1429 es,
1836 1359 2042 1431 lapsus
2064 1357 2238 1428 fragi-

585 1452 767 1507 litatis
794 1453 1007 1505 nostras
1034 1448 1463 1519 benignissime
1484 1448 1715 1515 toleres,
1735 1463 1805 1504 ac
1831 1452 2236 1504 acunctorum

586 1556 699 1598 nos
717 1538 913 1609 elogio
926 1538 1241 1595 criminum
1253 1539 1523 1611 expiatos
1543 1552 1856 1595 conserves
1883 1555 1896 1590 :
1916 1541 2235 1609 quatenus,

587 1628 736 1686 dum
774 1641 889 1683 nos
936 1627 1109 1683 malae
1134 1627 1581 1684 consuetudinis
1611 1627 1893 1697 ligamine
1922 1624 2239 1681 reddideris

2327 468 2755 543 quodcumque
2770 465 3056 525 invenerit
3076 478 3295 521 manus
3312 466 3436 532 tua,
3459 465 3532 522 da
3547 468 3709 523 servis
3728 472 3831 539 tuis,
3852 482 3894 533 et

2327 555 2451 613 ﬁlio
2479 562 2581 615 tuo
2613 556 2823 615 David.
2842 557 3109 627 Cumque
3144 554 3442 609 venissent
3462 554 3621 625 pueri
3644 558 3813 630 David,
3834 561 3896 618 lo-

2331 648 2447 702 cuti
2480 651 2619 703 sunt
2645 646 2721 704 ad
2752 644 2941 703 Nabal
2969 641 3178 699 omnia
3214 639 3394 697 verba
3436 641 3554 697 haec
3599 658 3663 699 ex
3708 649 3896 707 nomine

2332 735 2519 792 David
2548 752 2560 790 :
2589 741 2645 791 et
2706 734 3012 791 siluerunt.
3081 729 3463 802 Respondens
3530 736 3710 787 autem
3752 735 3896 794 Nabal

2333 826 2533 896 pueris
2580 824 2789 887 David,
2842 827 2898 878 et
2944 821 3067 877 ait:
3104 818 3247 885 Quis
3300 823 3385 873 est
3436 819 3762 876 Davidiaut
3797 826 3895 895 quis

2336 920 2421 971 est
2474 914 2631 970 ﬁlius
2674 914 2835 969 lsai?
2866 911 3047 967 Hodie
3094 909 3467 964 increverunt
3511 909 3653 964 servi
3705 911 3791 982 qui
3839 914 3900 969 iu-

2338 1004 2502 1073 giunt
2557 1003 2839 1058 Dominos
2891 1015 3054 1055 suos.
3100 996 3323 1053 Tollam
3372 1011 3504 1069 ergo
3556 1013 3724 1069 panes
3760 1016 3898 1065 meos,

2340 1098 2395 1148 et
2424 1108 2614 1165 aquas
2656 1106 2841 1157 meas,
2890 1093 2947 1145 et
3000 1102 3210 1144 carnes
3263 1100 3563 1157 pecorum,
3601 1103 3723 1160 quae
3762 1090 3902 1146 occidi

2339 1180 2682 1240 tonsoribus
2710 1178 2883 1245 meis,
2938 1185 2994 1233 et
3046 1176 3208 1232 dabo
3262 1174 3402 1230 viris
3442 1190 3587 1247 quos
3628 1178 3802 1233 nescio
3830 1194 3905 1233 un-

2343 1268 2416 1325 de
2447 1270 2561 1325 sint
2585 1270 2613 1325 ‘I
2644 1266 2917 1339 Regressi
2948 1269 3085 1322 sunt
3113 1264 3317 1336 itaque
3347 1264 3509 1336 pueri
3541 1263 3614 1321 ad
3638 1264 3800 1320 David
3833 1282 3905 1337 per

2348 1360 2523 1432 295
2543 1358 2700 1414 viam
2729 1373 2924 1425 suam,
2950 1360 3007 1412 et
3030 1354 3248 1411 reversi
3267 1358 3575 1418 venerunt,
3596 1358 3648 1409 et
3670 1354 3908 1410 nuntiave-

2346 1447 2546 1504 runtei
2558 1446 2765 1503 omnia
2780 1444 2966 1500 verba
2978 1459 3107 1516 qute
3128 1443 3356 1498 dixerat
3372 1440 3573 1498 Nabal.
3595 1444 3736 1497 Tunc
3753 1442 3818 1497 ait
3835 1445 3910 1497 Da-

2346 1537 2445 1593 vid
2466 1537 2607 1591 viris
2632 1536 2756 1590 suis
2783 1554 2795 1593 :
2825 1534 3181 1602 Accingatur
3204 1530 3614 1603 unusquisque
3636 1529 3796 1601 gladio
3810 1548 3909 1587 suo.

2348 1627 2411 1680 Et
2431 1623 2677 1681 accincti
2690 1622 2924 1679 suntsin
2933 1621 3054 1691 guli
3073 1619 3285 1691 gladiis
3307 1618 3453 1689 suis,
3467 1618 3831 1690 accinctusque
3847 1624 3914 1673 est

588 1715 919 1783 absolutos,
949 1717 1303 1773 Sanctorum
1331 1716 1580 1775 catervis
1612 1717 1673 1772 in
1703 1715 1903 1772 futuro
1932 1714 2239 1771 consocies
2269 1727 2313 1782 Β
2352 1713 2537 1771 David
2558 1728 2700 1769 ense
2721 1727 2830 1767 suo
2860 1727 2872 1766 :
2906 1709 3159 1765 etsecuti
3179 1706 3914 1780 suntDavidquasiquadrin-

588 1802 969 1862 laureandos.
1004 1814 1067 1875 Bt.
1106 1807 1316 1863 Amen.

1203 1894 1276 1949 1η
1313 1893 1633 1951 Laudibus.

660 1983 749 2039 Ad
778 1982 1112 2039 Canticum.
1141 1982 1509 2053 Antiphone.
1537 1984 1711 2039 Facta
1729 1985 1816 2037 est
1831 1995 1973 2054 pars
1996 1979 2239 2049 Domini,

589 2070 761 2145 plebs
775 2070 988 2127 Jacoh:
1008 2070 1341 2127 funiculum
1360 2070 1705 2128 hereditatis
1720 2071 1769 2142 ej
1781 2086 1848 2125 us
1861 2069 2061 2126 Israel.
2073 2068 2245 2124 Sufﬁ-

594 2159 874 2216 cientiam
914 2159 997 2214 eis
1040 2158 1102 2215 in
1149 2164 1305 2216 terra
1342 2158 1595 2229 deserta,
1647 2159 1709 2215 in
1748 2158 1842 2214 siti
1875 2158 2107 2225 caloris,
2140 2156 2245 2213 ubi

590 2262 714 2305 non
739 2246 847 2303 erit
875 2261 1055 2319 aqua.

665 2336 1005 2393 Canticum.
1037 2334 1287 2392 Attende
1325 2335 1565 2392 coelum.
1611 2335 1725 2407 fol.
1758 2339 1814 2392 4.

665 2425 890 2482 Oratio.
916 2425 1027 2481 Fac
1056 2440 1188 2490 nos,
1215 2424 1463 2481 Domine
1479 2425 1634 2482 Deus
1665 2429 1883 2490 noster,
1905 2423 2244 2498 portionem

591 2530 721 2572 esse
749 2512 1014 2570 funiculo
1037 2512 1377 2571 hereditatis
1407 2518 1521 2571 tum
1554 2531 1567 2567 :
1606 2517 1672 2570 ut
1702 2513 2055 2571 sufﬁcientia
2088 2512 2243 2583 ignis

592 2601 805 2660 caloris
824 2601 909 2657 tui
941 2600 1001 2657 in
1032 2604 1188 2658 terra
1220 2601 1435 2659 sitienti
1464 2601 1734 2675 corporis
1760 2602 1861 2669 tui,
1886 2606 2013 2665 ate,
2046 2602 2149 2674 qui
2179 2618 2242 2658 es

592 2706 751 2763 spes,
803 2692 861 2746 et
922 2689 1161 2745 satietas
1230 2694 1456 2757 nostra,
1525 2689 1689 2747 reﬁci
1759 2706 2119 2748 mereamur.
2176 2702 2240 2761 13:.

590 2784 804 2835 Amen.

660 2865 761 2922 Ad
791 2865 1169 2923 Benedictus.
1194 2867 1560 2937 Antiphona.
1591 2867 1800 2924 Emitte
1818 2867 2015 2924 lucem
2053 2871 2241 2933 tuam,

592 2953 842 3011 Domine
876 2954 1056 3026 :quia
1086 2957 1150 3011 tu
1205 2970 1268 3012 es
1293 2956 1447 3012 Deus
1477 2972 1668 3020 meus,
1691 2961 1748 3012 et
1776 2955 2058 3013 fortitudo
2087 2972 2243 3013 mea.

591 3042 653 3105 ir.
686 3043 842 3098 Deus
874 3042 1030 3099 Deus
1054 3058 1247 3115 meus,
1271 3043 1351 3101 ad
1375 3048 1433 3100 te
1462 3044 1536 3101 de
1566 3044 1697 3100 luce
1723 3044 1928 3115 vigilo.

665 3130 1002 3187 Canticum.
1034 3131 1386 3188 Benedictus
1419 3147 1484 3188 es
1516 3134 1783 3189 Domine.
1820 3134 2027 3202 Quaere
2048 3133 2156 3204 fol.
2192 3138 2242 3190 ϐ.

661 3219 896 3276 Lauda.
926 3217 1187 3277 Laudato
1216 3218 1531 3276 Dominum
1562 3220 1636 3277 de
1665 3224 1822 3277 terra
1849 3238 1863 3277 :
1895 3225 2135 3278 montes
2193 3226 2249 3279 et

590 3322 800 3366 omnes
824 3306 1003 3364 colles
1034 3307 1220 3378 :ligna
1247 3307 1850 3374 fructifera,etomnes
1872 3309 2033 3366 cedri
2067 3326 2079 3366 :
2104 3310 2249 3383 quia

590 3397 915 3455 exaltatum
944 3401 1033 3453 est
1078 3412 1311 3453 nomem
1344 3397 1474 3467 ejus
1506 3396 1711 3455 solius.
1750 3397 1816 3453 P.
1873 3401 1941 3455 Et
1973 3398 2247 3455 exultavit

589 3501 779 3545 cornu
807 3485 1014 3559 populi
1037 3484 1149 3542 sui.
1186 3484 1251 3547 ὴ.
1277 3487 1430 3542 Laus
1461 3486 1591 3557 ejus
1619 3486 1680 3542 in
1709 3485 1992 3543 omnibus
2027 3488 2247 3544 sanctis

590 3576 737 3648 ejus.
771 3574 843 3633 P.
894 3574 959 3630 Et
986 3573 1291 3631 exultavit.

701 3664 894 3721 Lectio
917 3663 1060 3721 libri
1086 3662 1378 3721 Samuelis
1401 3663 1617 3736 (Primi
1644 3664 1790 3737 Reg.
1821 3679 1955 3737 cap.
1985 3668 2140 3737 xxv).

664 3764 730 3824 ﬁ.
760 3755 879 3809 Deo
908 3751 1150 3824 gratias.

662 3843 729 3897 In
765 3840 879 3897 illis
906 3838 1118 3897 diebus
1146 3858 1161 3894 :
1188 3842 1325 3898 Erat
1341 3841 1433 3898 vir
1468 3841 1771 3916 quispiam
1816 3842 1879 3900 in
1935 3843 2250 3903 solitudine

590 3932 783 3997 lacn,
811 3934 867 3986 et
898 3928 1203 4002 possessio
1240 3929 1368 4000 ejus
1394 3929 1457 3986 in
1505 3931 1797 4001 Carmelo,
1823 3936 1881 3989 et
1929 3932 2114 3990 homo
2156 3933 2251 3992 ille

590 4018 1001 4092 magnanimis
1034 4036 1049 4072 :
1071 4022 1354 4091 erantque
1379 4018 1431 4074 ei
1460 4034 1603 4076 oves
1622 4020 1734 4077 tria
1760 4021 1967 4088 millia,
1992 4026 2049 4079 et
2094 4022 2251 4080 mille

592 4123 815 4182 capra:
845 4106 1128 4164 etaccidit
1139 4110 1204 4163 ut
1215 4106 1561 4163 tonderetur
1571 4112 1715 4179 grex
1731 4109 1860 4180 ejus
1876 4110 1936 4165 in
1958 4112 2249 4184 Carmelo.

592 4201 819 4255 Nomen
841 4200 1041 4254 autem
1052 4195 1165 4252 viri
1180 4194 1338 4252 illius
1355 4195 1540 4253 Nabal
1569 4213 1581 4253 :
1601 4201 1659 4254 et
1672 4212 1895 4255 nomen
1908 4200 2110 4256 uxoris
2124 4202 2173 4273 ej
2184 4218 2252 4257 us

590 4285 823 4359 Abigail
862 4302 875 4345 :
910 4291 1153 4359 eratque
1186 4282 1401 4341 mulier
1430 4283 1528 4343 illa
1546 4285 2020 4359 prudentissima
2036 4293 2091 4346 et
2123 4305 2253 4363 spe-

590 4377 756 4434 ciosa
789 4397 803 4433 :
824 4389 1003 4452 porro
1014 4373 1104 4431 vir
1123 4372 1252 4446 ejus
1270 4372 1480 4441 durus,
1496 4378 1553 4431 et
1582 4376 1901 4448 pessimus,
1928 4378 2249 4436 etmalitio-

591 4482 695 4523 sus
723 4482 737 4521 :
761 4468 885 4521 erat
902 4466 1103 4521 autem
1123 4462 1199 4521 de
1212 4477 1428 4535 genere
1444 4462 1644 4521 Caleb.
1662 4466 1811 4522 Cum
1823 4481 1965 4538 ergo
1981 4462 2250 4525 audisset

587 4553 780 4612 David
790 4553 852 4610 in
875 4552 1113 4610 deserto
1124 4552 1289 4628 quod
1302 4552 1768 4611 tonderetNabal
1788 4570 2033 4627 gregem
2045 4573 2244 4622 suum,

588 4642 975 4703 misitdecem
984 4642 1261 4715 juvenes,
1290 4645 1347 4699 et
1368 4642 1619 4701 dixiteis
1646 4661 1660 4700 :
1692 4644 2010 4702 Ascendite
2028 4644 2089 4701 in
2112 4648 2250 4704 Car-

586 4732 835 4800 melum,
858 4734 918 4789 et
945 4731 1196 4789 venietis
1229 4730 1309 4789 ad
1337 4732 1545 4799 Nabal,
1573 4736 1631 4790 et
1654 4732 1986 4791 salutabitis
2010 4749 2150 4791 eum
2178 4750 2247 4793 ex

586 4821 835 4879 nomine
864 4835 1003 4879 meo
1029 4820 1292 4894 paciﬁca.
1326 4822 1392 4878 Et
1422 4820 1509 4879 sic
1546 4821 1752 4879 dicetis
1795 4838 1807 4879 :
1841 4822 1925 4879 Sit
1966 4821 2243 4881 fratribus

586 4910 756 4975 meis,
789 4913 846 4966 et
876 4908 981 4967 tibi
1004 4923 1146 4983 pax,
1178 4912 1236 4966 et
1268 4909 1478 4966 domui
1506 4913 1623 4967 tum
1663 4925 1804 4984 pax,
1846 4914 1903 4967 et
1936 4912 2240 4969 omnibus,

586 5011 987 5072 quaecumque
1014 4997 1229 5065 habes,
1259 4997 1331 5053 sit
1347 5012 1492 5070 pax.
1525 4999 1606 5055 Ex
1630 4998 1831 5055 multis
1853 5000 2022 5055 annis
2042 4999 2241 5057 salvos

586 5084 813 5143 faciens
842 5089 997 5150 tuos,
1030 5089 1087 5143 et
1113 5085 1321 5143 omnia
1341 5091 1463 5153 tua,
1487 5087 1713 5154 audivi,
1743 5087 1909 5161 quod
1932 5088 2245 5147 tonderent

584 5178 857 5250 pastores
868 5174 950 5231 tui
980 5190 1189 5248 greges
1215 5180 1367 5242 tuos,
1391 5176 1491 5249 qui
1518 5182 1682 5233 erant
1700 5177 1762 5233 in
1786 5178 2025 5235 deserto
2042 5178 2245 5235 nobis-

585 5280 725 5323 cum
758 5283 771 5325 :
804 5264 1263 5338 nunquamistis
1277 5264 1509 5322 molesti
1528 5265 1772 5335 fuimus,
1787 5282 1898 5325 nec
1912 5266 2242 5342 aliquando

584 5353 772 5412 defuit
785 5352 1114 5428 quicquam
1131 5352 1217 5409 eis
1228 5352 1302 5408 de
1314 5367 1495 5426 grege
1511 5354 1677 5411 omni
1695 5358 1962 5430 tempore
1978 5371 2102 5429 quo
2121 5356 2243 5413 fue-

582 5447 722 5501 runt
732 5443 1052 5502 nobiscum
1068 5442 1127 5499 in
1143 5440 1430 5501 Carmelo.
1450 5444 1756 5514 Interroga
1769 5459 1988 5519 pueros
2004 5450 2159 5515 tuos,
2183 5450 2239 5502 et

586 5531 937 5595 indicabunt
947 5531 1073 5597 tibi.
1100 5534 1267 5591 Nunc
1288 5545 1431 5613 ergo
1454 5532 1762 5593 inveniant
1783 5534 1955 5610 pueri
1980 5535 2087 5593 mei
2104 5549 2233 5605 gra~

2351 1803 2510 1874 genti
2534 1800 2642 1855 viri
2667 1817 2680 1855 :
2712 1797 3151 1872 porro,ducenti
3175 1800 3589 1852 remanserunt
3606 1796 3675 1852 ad
3693 1796 3913 1851 sarcinas.

2348 1889 2581 1960 Abigail
2597 1894 2794 1945 autem
2808 1887 2977 1943 uxori
2996 1884 3179 1943 Nabal
3196 1883 3495 1941 nuntiavit
3506 1899 3652 1939 unus
3668 1884 3733 1939 de
3748 1884 3912 1955 pueris,

2351 1980 2553 2035 dicens
2582 1994 2594 2031 :
2628 1982 2771 2033 Ecce
2787 1976 2947 2033 misit
2968 1974 3154 2030 David
3171 1974 3419 2030 nuntios
3440 1973 3513 2029 de
3532 1972 3758 2038 deserto,
3784 1976 3835 2027 ut
3849 1972 3916 2027 be-

2350 2068 2690 2126 nedicerent
2716 2067 2969 2122 Domino
2996 2068 3201 2121 nostro
3236 2080 3249 2119 :
3275 2068 3333 2119 et
3368 2064 3698 2119 adversatus
3724 2065 3796 2117 est
3812 2076 3914 2117 eos:

2352 2156 2627 2213 homines
2657 2155 2774 2219 isti,
2807 2153 2949 2209 satis
2975 2152 3118 2209 boni
3146 2150 3393 2208 fuerunt
3421 2152 3609 2217 nobis,
3640 2156 3689 2207 et
3710 2165 3810 2205 non
3832 2164 3918 2203 mo-

2351 2245 2478 2301 lesti
2504 2262 2515 2301 :
2534 2261 2641 2300 nec
2659 2243 2986 2317 quicquam
3000 2239 3327 2313 aliquando
3340 2240 3519 2312 periit
3533 2238 3685 2295 omni
3699 2244 3916 2310 tempore,

2352 2351 2473 2406 quo
2496 2350 2704 2389 sumus
2730 2330 3213 2389 conversaticum
3231 2329 3395 2386 eisin
3415 2330 3665 2387 deserto:
3688 2344 3778 2401 pro
3794 2342 3918 2382 muro

2352 2428 2518 2480 erant
2540 2422 2715 2478 nobis
2735 2427 2857 2477 tam
2887 2423 2945 2476 in
2973 2424 3145 2476 nocte
3160 2434 3350 2491 quam
3374 2419 3437 2475 in
3457 2419 3568 2484 die,
3590 2416 3823 2474 omnibus
3836 2414 3921 2469 die-

2351 2512 2466 2568 bus
2496 2511 2717 2585 quibus
2742 2511 3021 2583 pavimus
3044 2507 3210 2582 apud
3229 2523 3334 2564 eos
3354 2524 3580 2580 greges.
3598 2505 3920 2573 Quamobrem

2352 2600 2690 2666 considera,
2714 2604 2770 2657 et
2788 2600 2979 2671 cogita
3004 2601 3151 2675 quid
3168 2598 3353 2657 facias
3375 2599 3677 2672 :qucniam
3694 2593 3921 2666 completa

2355 2698 2442 2747 est
2469 2689 2701 2747 malitia
2723 2689 3040 2747 adversum
3066 2691 3260 2748 virum
3277 2693 3475 2754 tuum,
3490 2687 3816 2745 etadversum
3837 2683 3921 2737 do-

2354 2795 2522 2835 mum
2537 2783 2722 2845 tuam,
2739 2778 2936 2851 etipse
2961 2778 3217 2836 estﬁlius
3237 2783 3386 2835 tuus
3408 2775 3605 2841 Belial,
3630 2776 3697 2831 ita
3718 2778 3769 2828 ut
3782 2785 3921 2827 nemo

2353 2868 2541 2941 possit
2570 2866 2623 2923 ei
2645 2867 2829 2941 loqui.
2848 2867 3165 2925 Festinavit
3187 2867 3376 2939 igitur
3395 2863 3637 2937 Abigail,
3663 2867 3710 2918 et
3726 2859 3829 2916 tulit
3845 2859 3925 2913 du-

2355 2962 2558 3014 centos
2580 2972 2789 3029 panes,
2812 2960 2869 3013 et
2895 2956 3049 3013 duos
3069 2962 3229 3014 utres
3259 2956 3412 3024 vini,
3440 2959 3496 3012 et
3516 2954 3751 3027 quinque
3768 2949 3923 3004 arietes

2277 3082 2318 3139 C
2356 3051 2573 3111 coctos,
2590 3046 2919 3139 etquinque
2940 3052 3073 3103 sata
3092 3044 3375 3119 polentae,
3397 3046 3689 3139 etcentum
3706 3039 3925 3139 ligaturas

2356 3151 2487 3191 uvae
2501 3150 2719 3206 passae,
2735 3138 2790 3189 et
2810 3133 3100 3191 ducentas
3113 3149 3352 3190 massas
3366 3132 3702 3191 caricarum,
3718 3133 3765 3182 et
3780 3123 3925 3198 posuit

2355 3238 2534 3295 super
2554 3223 2758 3278 asinos
2784 3243 2805 3280 :
2830 3221 3097 3296 dixitque
3121 3222 3327 3295 pueris
3349 3221 3477 3277 suis
3502 3237 3513 3276 :
3539 3215 3815 3275 Praecedite
3833 3226 3923 3268 me:

2354 3317 2410 3369 et
2436 3327 2590 3378 ecce,
2611 3326 2723 3381 ego
2737 3317 2878 3383 post
2889 3316 3120 3383 tergum
3140 3327 3367 3385 sequar
3380 3326 3484 3367 vos
3503 3327 3515 3365 :
3537 3309 3653 3364 viro
3669 3310 3834 3362 autem
3851 3314 3925 3354 suo

2354 3400 2541 3457 Nabal
2566 3415 2687 3457 non
2709 3399 3014 3457 indicavit.
3034 3400 3183 3457 Cum
3201 3415 3348 3471 ergo
3371 3396 3717 3457 ascendisset
3730 3392 3925 3451 asinum,

2354 3487 2798 3544 etdescenderet
2809 3486 2888 3544 ad
2911 3486 3177 3543 radicem
3198 3487 3450 3555 montis,
3476 3484 3655 3541 David
3677 3478 3822 3539 etviri
3837 3479 3927 3545 ejus

2354 3574 2802 3632 descendebant
2821 3575 2881 3632 in
2909 3591 3227 3632 occursum
3255 3576 3392 3647 ejus
3425 3592 3439 3631 :
3467 3573 3679 3648 quibus
3704 3574 3753 3625 et
3767 3566 3845 3623 illa
3861 3577 3925 3618 oc-

2356 3664 2559 3720 currit.
2587 3665 2748 3721 Etait
2762 3664 2945 3721 David
2971 3684 2983 3724 :
3009 3666 3153 3720 Vere
3165 3664 3389 3721 frustra
3415 3657 3927 3723 servaviomniaqule

2354 3752 2537 3824 hujus
2564 3756 2733 3809 erant
2761 3753 2821 3808 in
2847 3752 3104 3823 deserto,
3144 3755 3200 3809 et
3219 3766 3347 3808 non
3377 3751 3551 3824 periit
3572 3749 3849 3823 quicquam
3878 3738 3927 3792 de

2358 3840 2586 3897 cunctis
2615 3856 2750 3914 quas
2776 3841 2854 3897 ad
2880 3856 3019 3897 eum
3044 3840 3431 3914 pertinebant
3462 3861 3475 3899 :
3509 3845 3565 3895 et
3589 3824 3930 3894 reddiditmihi

2359 3929 2585 3987 malum
2599 3946 2707 4001 pro
2720 3930 2902 3987 bono.
2926 3933 3057 3986 Haec
3079 3929 3258 3986 faciat
3272 3930 3433 3987 Deus
3455 3926 3698 3985 inimicis
3714 3916 3871 3979 David,
3889 3918 3931 3967 et

2359 4019 2487 4076 haec
2502 4019 2702 4090 addat,
2720 4019 2766 4075 si
2790 4018 3085 4092 reliquero
3098 4019 3172 4076 de
3185 4019 3479 4076 omnibus
3490 4034 3625 4091 quae
3638 4014 3704 4072 ad
3714 4024 3819 4068 eum
3828 4018 3930 4077 per-

2361 4110 2545 4165 tinent
2566 4124 2757 4181 usque
2782 4124 2981 4175 mane,
3013 4108 3386 4179 mingentem
3410 4107 3491 4163 ad
3528 4105 3800 4180 parietem.
3825 4094 3931 4186 Cu}?

2359 4202 2559 4254 autem
2572 4178 2813 4254 vid—isset
2832 4178 3282 4268 AbigailDavid,
3297 4178 3617 4259 festinavit,
3634 4197 3686 4250 et
3698 4178 3931 4247 descendit

2358 4284 2433 4342 de
2446 4285 2638 4355 asino,
2661 4289 2718 4341 et
2731 4286 2949 4342 corruit
2969 4301 3172 4342 coram
3186 4285 3383 4342 David
3395 4300 3578 4357 super
3587 4281 3778 4338 faciem
3790 4283 3927 4329 suam,

2357 4379 2415 4431 et
2438 4372 2898 4447 adoravitsuper
2916 4378 3156 4440 terram,
3177 4374 3468 4432 etcecidit
3489 4372 3566 4430 ad
3582 4368 3750 4443 pedes
3767 4363 3883 4436 ejus.
3898 4362 3931 4410 el

2357 4462 2503 4520 dixit
2534 4480 2546 4519 :
2581 4466 2645 4519 In
2661 4479 2756 4519 me
2776 4463 2875 4534 sit,
2893 4463 3138 4520 domine
3166 4464 3271 4532 mi,
3294 4463 3427 4520 haec
3453 4461 3725 4535 iniquitas
3750 4471 3762 4509 :
3784 4452 3932 4537 ιοειυῆτ

2360 4558 2469 4619 tur,
2503 4550 2773 4619 obsecro,
2817 4531 3033 4610 ancilla
3067 4557 3169 4610 tua
3196 4552 3258 4608 in
3296 4531 3731 4609 auribus—tuis:
3766 4545 3812 4599 et
3837 4531 3933 4592 audi

2353 4641 2539 4699 verba
2567 4640 2809 4699 famulae
2832 4646 2968 4698 tuae.
2998 4644 3126 4699 Non
3154 4647 3362 4716 ponat,
3392 4657 3522 4706 oro,
3545 4636 3802 4696 dominus
3816 4637 3933 4716 metis

2351 4746 2456 4789 rex
2484 4746 2587 4788 cor
2617 4746 2795 4787 suum
2826 4746 3008 4804 super
3027 4709 3222 4788 virum
3252 4709 3441 4787 istum
3469 4728 3736 4802 iniquum
3761 4709 3931 4778 Nabal:

2352 4820 2642 4894 quoniam
2674 4820 3007 4876 secundum
3020 4835 3239 4877 nomen
3265 4836 3448 4876 suum
3472 4819 3684 4876 stultus
3708 4817 3801 4882 est,
3821 4814 3863 4864 et
3878 4790 3941 4860 est

2353 4909 2595 4967 stultitia
2608 4926 2746 4966 cum
2772 4926 2845 4966 eo
2862 4928 2873 4966 :
2891 4925 3002 4981 ego
3016 4914 3215 4967 autem
3244 4910 3463 4967 ancilla
3478 4914 3579 4967 tua
3590 4921 3706 4965 non
3723 4900 3825 4959 vidi
3838 4909 3935 4971 PM“

2351 5015 2450 5057 ros
2476 5002 2633 5065 tuos,
2654 4998 2897 5055 domine
2925 4998 3071 5054 mihi
3085 5015 3207 5064 rex,
3224 5015 3380 5073 quos
3408 4997 3640 5054 misisti.
3667 4998 3812 5052 Nunc
3836 4998 3935 5079 erg?

2350 5088 2593 5146 domine
2620 5087 2723 5155 mi,
2757 5088 2900 5145 vivit
2924 5088 3235 5153 Dominus,
3260 5092 3316 5145 et
3342 5088 3495 5144 vivit
3520 5086 3715 5142 anima
3740 5087 3839 5142 tua,
3865 5088 3933 5167 qui

2350 5176 2656 5252 prohibuit
2688 5182 2741 5233 te
2770 5193 2845 5233 ne
2872 5178 3104 5233 venires
3152 5178 3211 5233 in
3240 5176 3622 5247 sanguinem,
3654 5177 3707 5229 et
3748 5167 3935 5255 salirent

2348 5282 2601 5322 manum
2629 5270 2795 5323 tuam
2823 5264 2925 5321 tibi
2958 5282 2970 5322 :
3002 5270 3057 5323 et
3085 5280 3246 5322 nunc
3272 5265 3590 5322 ﬁantsicut
3608 5267 3668 5319 ut
3688 5254 3847 5317 Nabal
3864 5253 3933 5305 ini-

2347 5355 2487 5411 mici
2510 5355 2613 5423 tui,
2647 5361 2704 5412 et
2718 5355 2820 5430 qui
2840 5360 3117 5428 quaerunt
3135 5355 3390 5413 Domino
3418 5370 3555 5412 meo
3576 5350 3804 5410 malum.
3830 5344 3934 5407 008'

2344 5447 2590 5516 propter
2605 5444 2840 5518 suscipe
2850 5443 3318 5503 benedictionem
3327 5443 3697 5517 hanc,quam
3711 5432 3855 5496 attuli
3864 5442 3934 5485 an-

2347 5530 2607 5591 cillatua
2627 5532 2732 5595 tibi
2751 5533 3000 5597 domino
3012 5549 3149 5595 meo
3182 5552 3195 5605 ;
3227 5538 3285 5594 et
3311 5531 3609 5619 dapueris
3623 5529 3934 5609 quiseqmm‘
