4094 6164
261 229 362 286 505
1413 220 1765 279 DOMINICA
1803 218 1851 276 V
1887 219 2499 289 QUADRAGESIME.

3559 230 3668 285 506

265 359 354 412 tur
389 354 446 409 te
477 347 800 406 dominum
832 347 1242 404 meum.Aufer
1269 347 1644 420 iniquitatem
1663 345 1907 402 famula;
1941 355 1986 401 Α
2086 348 2375 420 Hymnus.
2403 354 2663 411 Verbum
2690 353 2896 412 Patris.
2923 355 3036 424 fol.
3068 357 3192 414 252.

261 449 398 501 tum:
433 439 662 496 faciens
691 437 849 492 enim
874 436 1048 492 faciet
1065 437 1169 493 tibi
1197 437 1484 493 Dominus
1501 435 1749 492 domino
1775 449 1910 490 meo

259 531 505 589 domum
525 525 942 599 ﬁdelem,quia
966 525 1687 597 prailiaDomini,domine
1719 522 1822 585 mi,
1849 526 1911 577 tu

261 618 546 694 praeliaris
569 634 581 672 :
599 615 828 671 malitia
849 629 991 684 ergo
1003 629 1125 670 non
1143 615 1476 670 inveniatur
1489 615 1547 669 in
1563 618 1615 670 te
1630 611 1910 669 omnibus

264 709 471 766 diebus
489 707 624 763 vitae
644 703 846 761 tuae.Si
865 704 1023 759 enim
1042 704 1356 760 surrexerit
1376 702 1706 775 aliquando
1727 702 1908 756 homo

270 812 631 872 persequens
665 801 740 859 te,
774 794 868 849 vel
896 809 1174 866 quaerens
1198 793 1464 849 animam
1493 798 1676 856 tuam,
1717 795 1772 846 et
1804 790 1909 845 erit

264 888 459 942 anima
475 884 690 941 domini
705 883 822 938 mei
839 883 1138 938 custodita
1152 883 1326 955 quasi
1345 883 1403 937 in
1416 881 1699 937 fasciculo
1713 880 1910 934 viven-

255 981 406 1034 tium
433 976 590 1049 apud
625 975 947 1030 Dominum
976 979 1143 1029 tuum
1170 991 1181 1028 :
1206 990 1384 1046 porro
1407 973 1622 1029 animus
1643 971 1907 1026 inimico-

249 1083 386 1124 rum
417 1072 658 1121 tuorum
675 1063 1026 1120 rotabuntur
1037 1064 1212 1136 quasi
1227 1062 1448 1134 impetu
1470 1066 1526 1118 et
1545 1060 1763 1117 circulo
1780 1059 1908 1115 fun-

247 1155 522 1211 da3.Cum
551 1169 694 1222 ergo
708 1152 906 1208 fecerit
933 1151 1035 1207 tibi
1057 1153 1340 1208 Dominus
1363 1151 1610 1207 domino
1632 1165 1764 1204 meo
1777 1165 1908 1204 om-

245 1246 344 1302 nia
383 1260 526 1317 quas
560 1243 795 1298 locutus
817 1247 907 1297 est
931 1242 1096 1297 bona
1127 1241 1199 1295 de
1233 1245 1310 1304 te,
1357 1245 1412 1296 et
1431 1239 1801 1296 constituerit
1854 1241 1908 1292 te

243 1334 467 1390 ducem
503 1348 686 1404 super
709 1331 908 1394 lsrael,
942 1335 998 1386 et
1026 1346 1146 1386 non
1183 1330 1290 1384 erit
1318 1330 1422 1385 tibi
1452 1327 1652 1384 hocin
1686 1325 1909 1396 singul-

244 1427 392 1486 tum,
429 1428 489 1476 et
520 1421 582 1476 in
613 1419 959 1492 scrupulum
973 1418 1168 1474 cordis
1190 1418 1436 1473 domino
1466 1433 1621 1483 meo,
1645 1415 1806 1488 quod
1831 1413 1909 1469 ef-

244 1511 520 1567 funderis
542 1509 903 1577 sanguinem
931 1507 1512 1578 innoxium,autipse
1539 1510 1591 1561 te
1613 1505 1770 1560 ultus
1783 1503 1908 1559 fue—

240 1600 324 1657 ris
354 1618 366 1655 :
387 1605 445 1654 et
467 1615 609 1654 cum
632 1597 1286 1653 benefeceritDominus
1298 1596 1544 1651 domino
1559 1609 1908 1662 meo,recor-

2089 439 2392 510 Capitula.
2420 444 2810 501 Humiliantes
2825 444 3060 500 animas
3076 447 3310 502 nostras
3333 445 3392 501 in
3405 444 3658 516 jejunio,

2018 526 2265 585 Domine
2282 532 2436 587 Deus
2463 533 2614 588 educ
2635 549 2736 590 eas
2757 533 2836 589 ab
2858 532 3060 588 inferis
3080 551 3098 604 ;
3123 536 3178 588 et
3199 549 3234 589 a
3253 533 3664 590 descendenti-

2018 615 2132 670 bus
2162 617 2224 674 in
2250 619 2445 676 lacum
2479 637 2588 678 nos
2615 638 2782 680 erue:
2811 625 2868 678 et
2896 621 3000 693 qui
3021 621 3238 677 virtute
3279 621 3663 679 inenarrabili

2021 707 2316 765 mundum
2345 711 2786 783 redempturus,
2817 711 3190 768 descendens
3220 711 3662 780 asupernis,in-

2017 792 2126 848 feri
2145 797 2480 868 confregisti
2519 816 2805 864 recessus,
2839 817 2913 856 ne
2942 805 3188 873 peccato
3209 798 3360 854 duce
3385 797 3521 852 illuc
3564 798 3665 854 de-

2018 881 2331 953 ducamur,
2365 890 2592 945 custodi
2615 890 2938 962 propitius:
2965 894 3018 946 et
3047 892 3283 960 praesta,
3309 889 3373 941 ut
3393 901 3530 941 cum
3553 885 3661 954 his,

2017 972 2120 1043 qui
2150 973 2227 1028 ad
2251 975 2434 1032 vitam
2456 982 2736 1035 aeternam
2769 977 3086 1050 conscripti
3109 981 3268 1038 sunt,
3301 974 3404 1030 tibi
3422 971 3662 1030 medulo

2018 1060 2246 1132 pietatis
2267 1065 2594 1136 psallamus
2619 1085 2633 1133 ;
2661 1072 2838 1139 atque
2864 1068 2925 1122 in
2946 1064 3360 1123 dilectionibus
3387 1063 3499 1118 tuis
3525 1077 3666 1118 con-

2017 1152 2196 1206 sortia
2217 1152 2599 1210 beatitudinis
2621 1172 2983 1214 mereamur.

2088 1242 2254 1295 Pater
2283 1247 2506 1300 noster.

2089 1329 2800 1402 Benedictioﬂnigenitus
2813 1333 2913 1387 Dei
2931 1332 3129 1396 Filius,
3156 1330 3259 1402 qui
3281 1330 3658 1400 assumptum

2016 1416 2324 1474 hominem
2351 1436 2566 1492 passus
2594 1429 2679 1478 est
2707 1421 2969 1493 appendi
2997 1421 3057 1475 in
3088 1420 3270 1488 ligno,
3305 1416 3505 1473 Crucis
3537 1431 3660 1470 suae

2017 1523 2128 1562 nos
2159 1508 2440 1579 dignetur
2474 1511 2704 1568 salvare
2751 1511 3054 1583 mysterio.
3088 1509 3298 1564 Amen.
3339 1517 3406 1577 Bi.
3435 1509 3522 1569 Ut,
3555 1503 3662 1575 qui

2017 1600 2499 1670 persequentium
2531 1600 2874 1658 vulneratus
2901 1616 2962 1655 es
2982 1597 3218 1667 linguis,
3268 1613 3337 1652 os
3388 1598 3661 1650 nostrum

243 1689 491 1746 daberis
522 1687 754 1743 anciliae
781 1691 1001 1750 tute,.et
1030 1691 1090 1740 tu
1109 1685 1444 1741 benefacies
1466 1684 1700 1740 ei.Etait
1722 1681 1907 1738 David
1939 1691 1981 1744 Β
2014 1692 2315 1743 removeat
2345 1687 2418 1743 ab
2439 1690 2758 1745 omnicasu
2788 1686 3153 1745 temtationis.
3180 1695 3241 1754 13;.
3287 1688 3494 1738 Amen.
3531 1679 3663 1745 Qui.

244 1779 326 1834 ad
354 1776 615 1845 Abigail:
639 1776 985 1831 Benedictus
1000 1775 1285 1830 Dominus
1309 1778 1458 1830 Deus
1482 1773 1782 1844 lsrael,qui
1798 1771 1906 1826 mi-

249 1867 326 1922 sit
354 1873 407 1922 te
433 1865 606 1921 hodie
637 1865 696 1920 in
721 1880 1041 1920 occursum
1062 1879 1285 1926 meum,
1302 1868 1356 1918 et
1381 1862 1758 1919 benedictum
1781 1861 1903 1916 elo-

241 1956 459 2028 quium
487 1960 678 2018 tuum,
709 1959 764 2009 et
789 1953 1101 2008 benedicta
1128 1958 1209 2019 tu,
1243 1969 1377 2024 quae
1409 1949 1760 2023 prohibuisti
1811 1965 1905 2004 me

233 2043 421 2100 hodie
441 2059 515 2098 ne
544 2044 692 2098 irem
711 2043 788 2097 ad
813 2043 1188 2111 sanguinem,
1213 2041 1592 2096 etulciscerer
1607 2055 1701 2093 me
1722 2053 1904 2094 manu

232 2149 399 2188 mea.
423 2131 689 2203 Aloquin
714 2131 858 2186 vivit
881 2131 1165 2186 Dominus
1192 2131 1345 2185 Deus
1374 2128 1681 2200 lsrael,qui
1703 2125 1902 2198 probi-

228 2221 368 2277 buit
400 2236 522 2286 me,
545 2236 623 2275 ne
655 2220 882 2275 malum
902 2220 1153 2275 facerem
1179 2218 1282 2274 tibi
1314 2240 1324 2277 :
1354 2219 1471 2274 nisi
1499 2220 1611 2274 cito
1641 2217 1904 2272 venisses

230 2310 293 2365 in
313 2325 647 2366 occursum
673 2309 962 2377 mihi,non
988 2307 1589 2365 remansisset.Nabal
1618 2322 1807 2378 usque
1825 2305 1904 2361 ad

230 2399 437 2455 lucem
473 2399 969 2462 matutinam,nec
990 2398 1261 2468 mingens
1288 2397 1364 2452 ad
1381 2396 1904 2468 parietem.Susce-

229 2489 318 2561 pit
353 2503 509 2557 ergo
531 2487 716 2542 David
743 2486 816 2542 de
833 2502 1013 2541 manu
1037 2487 1163 2557 ejus
1186 2486 1389 2542 omnia
1406 2501 1539 2557 quae
1557 2484 1813 2540 attulerit
1829 2483 1903 2551 ei,

2013 1790 2130 1846 que
2149 1775 2432 1846 singulari
2448 1783 2637 1834 morte
2655 1793 2763 1834 sua
2775 1775 3262 1849 quadriduanum
3281 1784 3546 1826 morsum
3558 1783 3662 1822 no-

2015 1869 2148 1919 strae
2172 1865 2376 1921 mortis
2408 1866 2639 1933 devicit,
2682 1883 2717 1923 a
2742 1867 3006 1923 cruciatu
3036 1879 3146 1919 nos
3198 1860 3408 1933 eripiat
3453 1856 3660 1913 aeterni

2014 1952 2306 2023 supplicii.
2333 1965 2395 2025 Βρ.
2429 1960 2636 2011 Amen.

2083 2043 2316 2100 Lauda.
2350 2044 2653 2116 Principes
2691 2043 2983 2118 persecuti
3001 2044 3141 2097 sunt
3173 2054 3268 2095 me
3289 2035 3470 2108 gratis
3505 2052 3518 2090 :
3546 2036 3603 2089 et
3623 2049 3661 2090 a

2011 2129 2208 2185 verbis
2232 2133 2344 2187 tuis
2368 2133 2706 2190 formidavit
2732 2149 2834 2189 cor
2871 2147 3098 2188 meum.
3137 2131 3320 2184 Laetor
3350 2139 3461 2194 ego
3481 2137 3661 2194 super

2012 2218 2249 2291 eloquia
2273 2225 2415 2278 tua:
2450 2223 2599 2279 sicut
2619 2223 2723 2295 qui
2751 2219 3186 2292 invenitspolia
3217 2214 3423 2271 multa.
3469 2212 3530 2272 ἲν.
3552 2211 3663 2267 lni-

2013 2309 2290 2378 quitatem
2326 2310 2465 2366 odio
2493 2310 2697 2380 habui,
2743 2315 2799 2367 et
2840 2308 3223 2366 abominatus
3261 2319 3400 2359 sum
3428 2320 3440 2357 :
3465 2301 3657 2371 legem

2013 2401 2212 2452 autem
2243 2402 2408 2454 tuam
2440 2399 2644 2457 dilexi.

2085 2487 2307 2542 Oratio.
2345 2491 2404 2542 In
2427 2488 2738 2544 dilectione
2766 2492 2888 2552 tua,
2923 2490 3098 2551 Deus,
3131 2484 3203 2539 sit
3226 2497 3346 2554 pax
3372 2479 3660 2550 diligenti-

2013 2573 2127 2630 bus
2167 2578 2256 2631 te:
2289 2580 2345 2631 et
2371 2577 2516 2648 quia
2536 2577 2755 2632 laetaris
2785 2576 2846 2631 in
2880 2575 3046 2647 pacis
3073 2569 3657 2642 bonitate,pacistu£e

2013 2678 2126 2719 nos
2143 2665 2316 2720 reﬁce
2335 2665 2522 2734 dono;
2552 2682 2620 2720 ac
2643 2681 2749 2737 per
2768 2663 3066 2720 charitatis
3088 2659 3404 2733 praemium
3417 2672 3659 2713 remove

2016 2769 2051 2809 a
2097 2753 2272 2808 nobis
2315 2753 2713 2809 scandalum:
2758 2756 2824 2808 ut
2864 2753 2940 2807 de
2978 2755 3081 2806 tua
3117 2763 3266 2820 pace
3303 2761 3654 2817 superemus

2015 2842 2249 2911 odium;
2275 2848 2328 2898 et
2348 2843 2421 2898 de
2439 2843 2717 2898 charitate
2729 2845 3068 2898 nostrorum
3090 2837 3494 2908 cooperiamur
3514 2834 3659 2888 mul-

2014 2931 2324 2986 titudinem
2351 2935 2768 3004 peccatorum:
2803 2929 3007 3001 sicque
3024 2925 3312 2983 mandata
3340 2927 3443 2979 tua
3471 2935 3657 2977 serve-

2011 3036 2170 3087 mus,
2197 3025 2259 3075 ut
2286 3020 2363 3075 ad
2394 3023 2746 3092 conspectus
2776 3019 2860 3076 tui
2893 3017 3164 3089 gloriam,
3199 3012 3501 3070 charitatis
3521 3009 3655 3066 dul-

2012 3109 2217 3164 cedine
2237 3110 2662 3182 perducamur.
2699 3121 2769 3180 Β.
2809 3110 3018 3164 Amen.

2080 3218 2502 3287 Antiphona2.
2543 3215 3097 3273 Videhumilitatem
3129 3227 3346 3275 meam,
3394 3213 3450 3264 et
3495 3207 3654 3278 eripe

2010 3322 2127 3370 me,
2159 3306 2422 3361 Domine.
2455 3305 2515 3366 Ψ.
2541 3305 2751 3360 Judica
2782 3319 3030 3359 causam
3058 3316 3277 3364 meam,
3329 3301 3386 3352 et
3431 3294 3656 3350 redime

2013 3411 2106 3451 me
2141 3412 2153 3449 :
2187 3402 2429 3467 prOpter
2451 3394 2754 3466 eloquium
2786 3397 2953 3448 tuum
2987 3387 3222 3444 viviﬁca
3254 3400 3368 3440 me.

2083 3502 2311 3558 Oratio.
2340 3501 2482 3556 Vide
2511 3498 2904 3556 humilitatem
2932 3498 3220 3557 nostram,
3256 3488 3536 3556 Domine;
3593 3489 3650 3543 et

227 2578 513 2649 dixitque
533 2576 586 2630 ei
616 2593 627 2630 :
657 2575 813 2631 Vade
839 2576 1149 2647 pacificein
1180 2575 1774 2641 domumtuam,ecce
1806 2587 1906 2627 au.

228 2667 355 2722 divi
377 2681 596 2721 vocem
617 2669 863 2725 tuam.et
887 2663 1172 2720 honoravi
1196 2664 1407 2719 faciem
1429 2661 1786 2718 tuam.Venit
1806 2677 1907 2716 au-

225 2762 352 2812 tem
381 2753 626 2824 Abigail
655 2753 726 2809 ad
750 2753 939 2808 Nabal
973 2773 984 2811 :
1014 2758 1068 2809 et
1090 2769 1223 2809 ecce
1237 2758 1360 2809 erat
1392 2752 1445 2807 ei
1472 2750 1811 2806 convivium
1844 2748 1905 2803 in

224 2846 424 2900 domo
452 2843 504 2913 ej
518 2859 606 2912 us,
630 2842 802 2914 quasi
832 2842 1175 2898 convivium
1199 2841 1378 2912 regis,
1409 2844 1465 2896 et
1494 2855 1594 2895 cor
1625 2837 1908 2908 Nabaljo-

223 2933 510 2990 cundum
545 2937 697 2987 :erat
716 2932 874 2986 enim
897 2930 1090 2986 ebrius
1109 2930 1321 2985 nimis:
1347 2933 1537 2985 etnon
1562 2922 1906 2983 indicavitei

219 3023 492 3078 verbum
512 3019 804 3092 pusillum
826 3025 926 3075 aut
959 3019 1184 3091 grande
1199 3034 1390 3107 usque
1405 3015 1904 3107 mAane._Diluculo
1939 3051 1978 3107 ρ

224 3115 438 3166 autem
487 3125 633 3164 cum
670 3107 1013 3177 digessisset
1049 3108 1258 3163 vinum
1293 3105 1500 3172 Nabal,
1535 3105 1821 3161 indicavit
1849 3103 1900 3158 ei

225 3215 382 3254 uxor
404 3214 522 3252 sua
553 3196 738 3252 verba
759 3197 966 3260 haec,et
995 3200 1300 3253 mortuum
1319 3200 1406 3251 est
1430 3211 1531 3251 cor
1546 3195 1673 3266 ejus
1692 3193 1900 3248 intrin-

222 3303 429 3350 secus,
488 3291 547 3341 et
578 3285 770 3340 factus
797 3290 886 3341 est
915 3285 1087 3357 quasi
1126 3285 1300 3357 lapis.
1335 3287 1602 3356 Cumque
1624 3286 1900 3355 pertran-

223 3373 1440 3445 sissentdecemdies,percussitDominus
1473 3371 1900 3436 Nabal,etmor-

221 3469 367 3520 tuus
382 3462 679 3528 εει.ουοά
694 3479 821 3518 cum
834 3462 1084 3518 audisset
1098 3461 1277 3517 David
1293 3465 1564 3517 mortuum
1589 3458 1764 3516 Nabal
1777 3459 1894 3527 ,ait:

224 3552 596 3610 Benedictus
631 3552 935 3618 Dominus,
968 3552 1067 3624 qui
1095 3551 1382 3621 judicavit
1403 3565 1646 3606 causam
1678 3547 1898 3620 obpro-

229 3642 345 3699 brii
376 3642 502 3698 mei
535 3642 604 3695 de
633 3657 820 3696 manu
848 3641 1052 3707 Nabal,
1080 3647 1134 3696 et
1158 3656 1393 3695 servum
1427 3655 1605 3694 suum
1644 3636 1903 3693 custodi-

229 3733 314 3788 vit
345 3748 386 3788 a
413 3731 601 3787 malo.
645 3743 709 3801 av.
742 3731 951 3785 Amen.

305 3822 606 3891 Hymnus.
643 3821 836 3874 Noctis
867 3824 1121 3891 tempus.
1154 3818 1259 3887 fol.
1294 3822 1420 3873 257.

330 3910 637 3978 Capitula.
651 3909 954 3977 Unigenite
977 3909 1072 3963 Dei
1089 3907 1395 3979 Filius,qui
1410 3905 1724 3979 passiones
1743 3919 1899 3959 mor-

233 3999 482 4055 talitatis
501 4004 719 4053 nostraa
743 3999 803 4053 in
838 4003 888 4054 te
904 3995 1560 4069 suscipiens,passionis
1583 4000 1698 4049 tua:
1724 3995 1900 4066 296

242 4101 362 4140 nos
398 4087 630 4142 voluisti
682 4103 814 4142 esse
848 4086 1161 4159 participes
1191 4102 1206 4140 :
1232 4085 1399 4140 efﬁce
1438 4100 1548 4139 nos
1571 4087 1629 4138 et
1653 4088 1902 4139 sectato-

239 4189 346 4228 res
383 4173 550 4240 lucis,
571 4181 623 4231 et
652 4177 960 4248 operarios
990 4175 1251 4230 veritatis
1281 4186 1297 4234 :
1338 4178 1416 4237 ut,
1452 4173 1655 4227 mortis
1684 4177 1900 4227 nostrae

235 4264 565 4335 naufragio
583 4265 922 4333 evadentes,
940 4263 1282 4336 quadriﬂuo
1301 4262 1755 4332 Evangeliorum
1776 4267 1900 4318 tuo-

228 4368 378 4408 rum
409 4368 587 4407 amne
617 4353 861 4408 uberius
887 4352 1200 4415 inlustrati,
1236 4352 1532 4424 passionis
1559 4355 1674 4406 tua;
1706 4365 1900 4406 exemo

231 4441 341 4514 p10
371 4457 716 4497 mereamur
756 4455 882 4497 esse
906 4441 1124 4497 idonei.

311 4529 490 4586 Pater
515 4533 735 4585 noster.

749 4619 817 4673 In
835 4618 1108 4674 secundis
1139 4618 1401 4687 Vesperis

306 4709 554 4765 Lauda.
599 4710 794 4779 Usque
826 4707 902 4762 ad
926 4723 1243 4779 vesperum
1275 4723 1459 4780 quam
1510 4705 1900 4775 magnificata

230 4803 374 4853 sunt
413 4811 607 4869 opera
637 4802 741 4851 tua
769 4797 1014 4851 Domine
1051 4796 1061 4849 !

300 4886 684 4956 Antiphona.
731 4885 974 4940 Animas
991 4888 1221 4941 nostras
1250 4884 1634 4940 humiliemus
1668 4883 1727 4939 in
1751 4883 1900 4954 jeju-

229 4976 334 5031 nio
356 4993 368 5030 :
389 4976 538 5049 quia
563 4974 789 5030 Pascha
811 4974 1046 5029 Domini
1066 4975 1338 5045 proxima
1358 4978 1463 5040 est,
1499 4978 1555 5028 et
1573 4973 1898 5042 eripietnos

229 5065 524 5120 Dominus
567 5063 643 5117 de
695 5063 880 5117 domo
913 5063 1228 5117 servitutis.
1258 5061 1318 5123 γ.
1360 5063 1515 5116 Deus
1547 5060 1899 5115 misereatur

223 5155 422 5222 nobis,
449 5159 508 5210 et
531 5152 855 5209 benedicat
886 5168 996 5208 nos
1017 5172 1028 5210 :
1047 5151 1644 5220 illuminetDominus
1664 5150 1897 5206 vultum

227 5257 406 5300 suum
436 5257 624 5315 super
663 5256 797 5311 nos,
832 5245 886 5297 et
925 5239 1274 5296 misereatur
1295 5239 1489 5296 nobis.

293 5333 528 5389 Lauda.
553 5333 639 5388 Me
657 5333 1122 5402 expectaverunt
1140 5333 1484 5402 peccatores
1497 5332 1560 5386 ut
1581 5329 1900 5401 perderent

223 5437 358 5480 me:
398 5420 756 5479 testimonia
775 5424 976 5476 autem
998 5423 1100 5476 tua
1127 5435 1249 5477 non
1276 5419 1712 5478 intellexerunt.
1751 5418 1894 5481 inin

223 5516 520 5571 aeternum
548 5509 825 5581 Domine,
849 5513 1162 5584 permanet
1178 5509 1426 5569 verbum
1443 5513 1616 5569 tuum
1632 5510 1695 5569 in
1719 5508 1892 5574 coelo.

2010 3591 2168 3660 eripe
2189 3605 2334 3649 nos:
2363 3594 2413 3645 te
2445 3589 2604 3644 enim
2637 3586 3005 3658 respiciente,
3039 3581 3144 3637 etsi
3192 3578 3526 3650 dejicimur,
3559 3591 3652 3631 su-

2009 3678 2354 3734 blevamur:
2389 3694 2510 3750 quo
2541 3679 2928 3745 sustentante,
2965 3689 3039 3728 ne
3094 3683 3467 3735 corruamus,
3500 3663 3652 3720 exci-

2009 3766 2230 3838 pimur.
2264 3778 2334 3838 Ri.
2376 3773 2578 3821 Amen.

2085 3874 2285 3928 Lauda
2317 3878 2368 3929 3.
2393 3870 2728 3928 Exclamavi
2753 3871 2812 3927 in
2829 3874 2950 3926 toto
2973 3867 3150 3926 corde
3163 3860 3541 3930 meo,exaudi
3559 3875 3655 3916 me

2013 3963 2282 4019 Domine.
2323 3973 2386 4031 ni.
2421 3961 2682 4017 Clamavi
2703 3959 2781 4016 ad
2807 3964 2881 4024 te,
2915 3959 3140 4016 salvum
3169 3971 3265 4012 me
3293 3952 3419 4024 fac;
3473 3954 3536 4007 ut
3559 3965 3656 4005 cu-

2011 4051 2268 4107 stodiam
2301 4051 2634 4106 testimonia
2663 4053 2782 4106 tua.

2083 4159 2304 4215 Oratio.
2335 4159 2752 4214 Exclamamus
2778 4157 2856 4213 ad
2870 4160 2944 4226 te,
2975 4154 3246 4217 Domine,
3264 4155 3328 4208 ut
3351 4165 3463 4206 nos
3477 4163 3656 4204 exau-

2009 4248 2139 4304 dias
2159 4267 2177 4320 3
2207 4253 2264 4304 et
2288 4248 2493 4303 oculos
2514 4248 2701 4303 humo
2745 4246 2999 4302 acclives
3047 4244 3126 4300 ad
3156 4248 3210 4299 te
3242 4240 3558 4302 admittas;
3595 4238 3657 4292 ut

2009 4341 2110 4393 tua
2135 4354 2246 4393 nos
2284 4337 2633 4393 inlustrante
2654 4334 2989 4400 serenitate,
3024 4347 3259 4406 semper
3295 4341 3654 4387 maneamus

1934 4419 1979 4473 D
2009 4427 2070 4484 in
2099 4427 2344 4482 lumine.
2377 4439 2446 4497 ne.
2483 4428 2696 4485 Amen.

2080 4535 2291 4591 Lauda
2329 4536 2379 4589 4.
2417 4534 2543 4590 Feci
2557 4532 2854 4606 judicium
2873 4534 2926 4587 et
2947 4529 3241 4603 justitiam
3261 4524 3508 4582 Domine
3536 4542 3550 4577 :
3580 4533 3655 4574 ne

2008 4623 2210 4680 tradas
2249 4640 2341 4678 me
2380 4622 2876 4696 persequentibus
2900 4636 3013 4676 me.
3048 4631 3112 4690 ﬁ.
3150 4617 3392 4686 Suscipe
3413 4623 3652 4665 servum

2006 4717 2177 4769 tuum
2208 4713 2265 4768 in
2288 4713 2449 4769 bono
2473 4731 2486 4766 :
2520 4717 2584 4768 ut
2613 4727 2734 4768 non
2767 4710 3204 4766 calumniantur
3224 4703 3368 4760 mihi
3389 4697 3652 4770 superbi.

2081 4801 2298 4857 Oratio.
2328 4803 2353 4856 J
2363 4800 2625 4856 udicium
2642 4803 2696 4855 et
2721 4799 3012 4870 justitiam
3036 4797 3183 4852 doce
3211 4809 3320 4847 nos
3341 4789 3532 4845 facere
3549 4789 3654 4842 Do-

2008 4891 2206 4956 mine;
2234 4890 2487 4962 qualiter
2537 4889 2846 4945 valeamus
2889 4885 3285 4959 superborum
3321 4877 3652 4937 calumnias

2009 4979 2386 5035 conculcare:
2420 4979 2624 5050 excipe
2661 4994 2863 5033 servos
2893 4985 3026 5033 tuos
3067 4975 3124 5028 in
3165 4975 3347 5039 bono,
3380 4971 3484 5044 qui
3516 4984 3652 5042 spe-

2006 5073 2139 5122 rant
2168 5068 2224 5120 in
2251 5066 2503 5120 salutare
2528 5071 2692 5120 tuum
2719 5083 2730 5120 :
2763 5079 3132 5138 quorumque
3165 5061 3473 5118 interiores
3497 5054 3653 5112 oculi

2007 5155 2220 5211 Christi
2251 5156 2333 5209 tui
2387 5159 2697 5224 expectant
2725 5170 2998 5224 regnum,
3027 5153 3138 5209 hos
3165 5157 3395 5225 partem
3431 5146 3652 5202 habere

2005 5242 2181 5298 facito
2212 5241 2566 5298 Electorum.
2594 5254 2657 5313 11v.
2681 5243 2892 5299 Amen.

2075 5332 2304 5395 Preces,
2334 5337 2386 5387 et
2412 5331 2635 5389 Oratio.
2664 5334 2871 5390 Averte
2904 5331 3151 5390 Domine
3177 5330 3328 5385 iram
3346 5322 3650 5393 tuam,fot.

2009 5423 2129 5478 183.
