4094 6164
435 206 543 263 507

928 374 933 379 .
1021 338 1179 381 FER”
1220 336 1485 380 SBCUNDA.

1004 413 1098 470 Ad
1124 413 1509 470 Matutinum.

968 518 1105 560 POST
1145 518 1305 557 OVILE
1345 516 1477 556 OVlU
1491 515 1547 556 Ii.

510 595 867 665 Antiphona.
902 591 1098 649 Gloria
1126 606 1262 647 mea
1280 588 1569 645 exaltans.
1598 586 1711 656 fol.
1746 587 1870 640 l56.

512 686 870 743 Psatmusiu.
906 680 1135 737 Oratio.
1162 679 1357 736 Gloria
1383 680 1587 736 nostra
1615 676 1787 731 Deus.
1814 670 1927 741 fol.
1960 672 2079 725 156.

510 772 883 843 Antiphona.
915 770 1184 827 Miserere
1219 768 1385 837 mihi,
1419 765 1775 833 Domine;et
1813 760 1950 817 vide
1975 759 2085 815 hu-

441 862 743 920 militatem
758 875 959 917 meam
989 858 1062 914 de
1088 856 1340 913 inimicis
1353 852 1640 919 meis.Qui
1661 850 1885 907 exaltas
1897 864 1993 905 me
2009 846 2084 903 de

439 952 626 1025 portis
650 952 880 1017 mortis,
907 948 971 1008 ir.
1000 948 1069 1003 Ut
1097 945 1447 1003 annuntiem
1476 957 1686 1000 omnes
1702 939 1911 998 laudes
1954 942 2084 993 tuas

441 1041 502 1096 in
533 1039 721 1110 portis
746 1036 882 1091 ﬁlim
907 1036 1071 1091 Sion.
1102 1037 1168 1091 Et
1192 1033 1471 1091 exultabo
1491 1033 1551 1088 in
1582 1029 1825 1087 salutari
1854 1031 1974 1083 tuo.

514 1127 740 1183 Oratio.
788 1124 1052 1180 Miserere
1079 1124 1263 1179 nostri
1281 1119 1760 1190 Domine,etvide
1790 1114 2083 1175 humilita-

441 1220 560 1271 tem
587 1218 855 1269 nostram
875 1212 947 1267 de
978 1211 1229 1267 inimicis
1256 1210 1472 1266 nostris
1503 1227 1515 1276 ;
1549 1212 1611 1265 ut
1640 1208 1744 1280 qui
1775 1205 1952 1262 nullis
2006 1208 2085 1260 te-

440 1304 570 1361 neri
599 1303 844 1375 potuisti
872 1301 1149 1358 dolorum
1202 1299 1583 1356 infernalium
1614 1295 1881 1361 vinculis,
1906 1310 2017 1350 nos
2049 1308 2085 1347 a

440 1392 622 1465 portis
642 1391 836 1447 mortis
849 1389 1240 1462 potentialiter
1255 1388 1507 1445 exaltare
1521 1384 1773 1456 digneris
1784 1384 2084 1453 .mAmen.

514 1480 851 1550 Antiphona
890 1481 948 1535 2.
985 1477 1136 1533 Dixit
1167 1476 1451 1549 insipiens
1472 1476 1532 1531 in
1561 1473 1740 1530 corde
1779 1488 1924 1527 suo:
1959 1473 2087 1526 Non

443 1572 530 1625 est
559 1569 734 1623 Deus.
767 1561 1724 1638 Corruptisunt,etabominabiles
1744 1560 1911 1631 297
1949 1557 2087 1614 facti

1711 179 2165 249 BHEVIARIUM
2205 180 2599 241 GOTHICUM.
3736 180 3831 238 5m

2112 309 2159 365 Α
2197 324 2402 381 dabor:
2419 324 2803 391 lavabisme,et
2823 324 3178 395 supranivem
3190 321 3841 381 dealbabor.Psalmusr..

2264 415 2488 470 Oratio.
2516 418 2690 477 Deus,
2723 413 2827 485 qui
2858 413 3081 468 scelera
3097 416 3301 468 nostra
3331 410 3621 481 ﬁgmento
3645 418 3849 483 operta.

2192 502 2491 572 denudas;
2533 505 2636 577 qui
2672 504 2899 560 incerta
2948 502 3176 567 dubiis,
3205 506 3262 557 et
3298 501 3531 557 occulta
3555 502 3847 571 consciis,

2192 597 2481 647 consueta
2528 592 2743 664 pietate
2775 590 3145 648 transducis:
3181 594 3246 645 ut
3277 590 3577 646 noxietate
3605 590 3854 661 prodita

2192 680 2521 751 adspargas
2546 696 2655 736 nos
2676 696 2808 737 rore
2826 678 3248 735 misericordim
3268 683 3380 735 tum
3403 683 3493 745 ;et
3517 678 3683 734 velut
3711 678 3854 736 nive

2191 767 2541 825 dealbemur
2563 769 2699 825 vitm
2725 767 3120 825 correctione:
3154 771 3351 823 averte
3380 782 3735 838 qnmsumus
3763 766 3856 824 fa-

2192 856 2340 912 ciem
2376 862 2544 913 tuam
2564 874 2601 914 a
2622 858 2880 930 peccatis
2902 856 3118 913 nostris
3148 876 3163 924 ;
3196 860 3253 912 et
3272 871 3480 911 omnes
3495 856 3854 928 iniquitates

2192 949 2426 1002 nostras
2448 946 2672 1011 delens,
2706 946 2929 1001 innova
2957 946 3017 1001 in
3046 944 3377 1000 visceribus
3402 945 3623 1000 nostris
3658 944 3853 1015 Spiri-

2194 1038 2292 1089 tus
2341 1033 2423 1089 tui
2462 1035 2657 1091 Sancti
2688 1034 3087 1090 infusionem:
3130 1048 3255 1105 qua
3296 1032 3402 1089 tali
3448 1032 3859 1090 inhabitatore

2194 1124 2539 1192 gaudentes,
2573 1124 2915 1195 aperiamus
2941 1123 3161 1193 jugiter
3186 1122 3346 1178 labia
3376 1128 3603 1190 nostra,
3636 1122 3719 1179 ad
3747 1137 3862 1179 an-

2194 1212 2591 1268 nuntiandam
2622 1213 2865 1268 laudem
2891 1218 3078 1267 tuam.
3130 1223 3191 1280 Bt.
3220 1216 3434 1267 Amen.

2268 1299 2595 1357 Canticum.
2631 1304 2787 1357 Sana
2808 1316 2902 1356 me
2932 1300 3199 1355 Domine.
3228 1301 3340 1369 fol.
3365 1303 3490 1355 259.

2266 1392 2486 1447 Oratio.
2511 1394 2669 1448 Sana
2696 1393 3167 1458 nos,Domine,et
3189 1391 3542 1447 sanabimur
3570 1391 3863 1449 :confun-

2195 1478 2413 1536 dantur
2442 1481 2780 1553 omnes,qui
2794 1485 3234 1551 persequuntur
3260 1480 3321 1535 in
3340 1495 3450 1535 nos
3462 1495 3682 1535 nomen
3700 1496 3853 1536 san-

2195 1572 2350 1623 ctum
2385 1573 2551 1623 tuum
2575 1586 2588 1635 ;
2617 1574 2672 1623 et
2708 1585 2828 1624 non
2848 1568 3285 1624 confundamur
3312 1584 3442 1635 nos,
3475 1568 3580 1639 qui
3604 1583 3861 1624 venera-

444 1660 581 1713 sunt
596 1656 655 1710 in
680 1654 1086 1711 voluntatibus
1110 1652 1397 1712 suisznon
1421 1650 1624 1722 estqui
1648 1648 2082 1711 faciatbonum,
2116 1649 2161 1706 Β
2195 1673 2329 1713 mur
2350 1662 2403 1713 et
2423 1657 2720 1713 credimus
2752 1657 3050 1729 passionis
3078 1661 3193 1713 ιυεε
3220 1657 3549 1729 potentiam
3582 1676 3594 1714 ε
3618 1657 3864 1712 [ιι-ενδ.

443 1760 567 1801 non
596 1748 685 1800 est
706 1758 896 1815 usque
922 1743 999 1799 ad
1030 1757 1241 1798 unum.
1267 1740 1332 1801 Y.
1354 1739 1640 1798 Dominus
1670 1738 1743 1793 de
1773 1736 1923 1793 cmlo
1954 1751 2088 1807 pro-

445 1833 637 1905 spexit
667 1847 849 1903 super
876 1832 1028 1888 ﬁlios
1054 1830 1404 1888 hominum:
1442 1833 1504 1885 ut
1528 1826 1730 1884 videat
1759 1827 1809 1884 si
1826 1824 2087 1882 estintel—

443 1922 658 1991 ligens,
689 1928 787 1977 aut
812 1922 1118 1992 requirens
1142 1920 1348 1975 Deum.

518 2010 748 2066 Oratio.
782 2012 939 2076 Jesu,
971 2010 1072 2066 Dei
1088 2009 1270 2065 Patris
1303 2006 1603 2064 ineffabile
1622 2004 2085 2074 Verbum,quem

448 2098 860 2169 insipientium
878 2097 1061 2153 corda
1090 2097 1225 2153 ideo
1252 2111 1459 2153 verum
1490 2098 1676 2153 Deum
1697 2108 1823 2149 esse
1834 2107 1956 2147 non
1970 2106 2089 2147 cre-

444 2187 615 2255 dunt,
646 2187 789 2259 quia
807 2186 870 2241 in
900 2186 1035 2258 ipso
1065 2185 1243 2242 corde
1266 2200 1376 2242 suo
1407 2184 1668 2255 corrupti
1697 2187 1752 2238 et
1776 2181 2085 2237 abomina-

443 2275 596 2332 biles
614 2274 753 2331 facti
771 2278 937 2341 sunt;
960 2279 1013 2331 te
1042 2274 1294 2345 petimus
1324 2278 1378 2329 et
1406 2287 1710 2341 rogamus,
1744 2275 1807 2326 ut
1832 2285 2089 2340 cognos-

446 2370 585 2421 cant
600 2369 654 2421 te
667 2369 723 2420 et
750 2363 1045 2436 ipsi,sicut
1075 2368 1129 2419 et
1160 2379 1271 2419 nos
1296 2361 1719 2433 cognovimus:
1753 2364 1816 2415 ut
1843 2360 1925 2415 sic
1945 2358 2089 2415 ﬁde-

446 2454 602 2510 libus
638 2453 703 2509 hi
740 2469 848 2525 per
887 2468 1094 2509 veram
1127 2452 1263 2508 ﬁdei
1315 2450 1717 2520 cognitionem
1760 2446 2086 2504 lmtabundi

440 2544 791 2615 jungantnr,
840 2541 1089 2612 qualiter
1115 2539 1460 2611 plenissime
1498 2538 1804 2607 gaudeant
1830 2553 1893 2591 se
1924 2537 2087 2607 ipsos

445 2631 681 2688 additos
710 2630 790 2687 ad
808 2644 1127 2685 numerum
1145 2628 1603 2699 redemptorum.
1630 2637 1694 2697 ἢ.
1727 2626 1933 2680 Amen.

510 2719 865 2787 Antiphona
890 2716 1173 2773 3.Inimici
1194 2716 1312 2772 mei
1328 2715 1595 2772 animam
1616 2730 1815 2771 meam
1841 2714 2088 2770 circum-

447 2808 761 2873 dederunt,
784 2807 961 2879 adipe
990 2823 1101 2862 suo
1124 2804 1573 2863 concluserunt:
1602 2820 1671 2861 os
1692 2819 1900 2860 eorum
1927 2802 2090 2859 locu-

442 2899 570 2952 tum
584 2900 675 2951 est
691 2896 1055 2967 superbiam.
1076 2895 1245 2967 Eripe
1259 2894 1336 2950 ab
1356 2893 1555 2965 impiis
1578 2893 1846 2949 animam
1864 2907 2085 2953 meam,

2196 1745 2311 1801 leat
2343 1760 2485 1815 ergo
2510 1746 2693 1801 virtus
2724 1745 2923 1816 glorim
2953 1750 3067 1801 tum
3096 1762 3110 1811 ;
3138 1750 3199 1801 ut
3249 1746 3555 1801 credentes
3592 1744 3654 1800 in
3685 1749 3864 1801 mter-

2195 1849 2340 1890 num
2364 1835 2467 1889 tibi
2496 1834 2865 1890 lmtabnndos
2892 1834 3239 1905 conjungat.
3281 1845 3345 1903 1y.
3374 1834 3586 1889 Amen.

2265 1924 2737 1979 Matutinarium.
2773 1926 2891 1994 Ego
2936 1923 3014 1977 ad
3068 1927 3120 1978 te
3178 1923 3423 1978 Domine
3466 1922 3768 1978 clamavi:
3800 1925 3864 1979 et

2196 2027 2373 2067 mane
2407 2013 2593 2067 oratio
2620 2027 2772 2067 mea.
2792 2011 2853 2071 ἲν.
2890 2010 3135 2067 Domine
3165 2014 3317 2066 Deus
3351 2010 3557 2066 salutis
3581 2027 3763 2079 mem,
3796 2011 3861 2067 in

2196 2100 2291 2155 die
2333 2100 2606 2168 clamavi,
2633 2106 2690 2155 et
2712 2106 2879 2155 nocte
2909 2115 3113 2155 coram
3145 2104 3223 2155 te.

2265 2190 2487 2245 Lauda.
2512 2192 2573 2244 In
2605 2189 2968 2261 psalterio,et
2989 2189 3216 2245 cithara
3234 2189 3524 2260 hymnum
3545 2187 3859 2245 dicamus-

2196 2278 2261 2333 ln
2287 2278 2470 2333 choro
2512 2282 2644 2333 laus
2664 2282 2901 2334 resonet
2928 2278 3199 2342 Domino,
3222 2278 3283 2333 in
3314 2276 3577 2347 chordis,
3597 2282 3657 2333 et
3686 2292 3868 2348 orga-

2196 2381 2296 2423 no.
2319 2367 2619 2422 Psalmus.
2647 2382 2731 2421 OL.

2283 2454 2472 2510 Lectio
2502 2455 2639 2509 libri
2666 2455 2961 2510 Samuelis
2988 2454 3205 2525 (Primi
3221 2455 3363 2523 Reg.
3395 2468 3515 2525 cap.
3542 2454 3768 2524 xxviii).

2267 2553 2331 2611 Βι.
2365 2545 2483 2599 Deo
2511 2542 2759 2611 gratias.

2271 2635 2331 2685 In
2361 2630 2475 2685 illis
2496 2630 2708 2686 diebus
2742 2648 2755 2683 :
2800 2630 3038 2686 Samuel
3069 2633 3341 2686 mortuus
3370 2629 3852 2701 est,planxitque

2197 2734 2335 2774 eum
2366 2718 2561 2774 omnis
2580 2718 2778 2784 Israel,
2812 2724 2869 2773 et
2895 2718 3252 2789 sepelierunt
3284 2734 3423 2773 eum
3446 2718 3508 2774 in
3558 2718 3852 2773 Bamatha

2198 2806 2344 2862 urbe
2374 2823 2505 2863 sua.
2537 2810 2603 2863 Et
2649 2806 2787 2863 Saul
2820 2806 3063 2863 abstulit
3102 2822 3334 2877 magos,
3366 2811 3421 2862 et
3467 2806 3738 2862 hariolos
3778 2806 3855 2863 de

2198 2900 2371 2959 terra,
2391 2900 2447 2952 et
2484 2894 2773 2951 interfecit
2804 2911 2928 2960 eos,
2968 2895 3072 2966 qni
3102 2896 3397 2966 pythones
3422 2895 3740 2951 habebant
3798 2895 3863 2953 in

446 2983 717 3039 Domine.
746 2982 811 3043 ν.
832 2983 1049 3039 Exaudi
1074 2983 1227 3039 Deus
1247 2982 1539 3052 justitiam
1570 2996 1768 3037 meam
1800 2997 1813 3045 ;
1847 2980 2085 3035 intende
2120 3002 2167 3063 ρ
2199 2984 2896 3057 ventre.(‘.ongregatique
2919 2990 3057 3039 sunt
3084 2983 3517 3053 Philisthiim,et
3538 2989 3865 3052 venerunt,

443 3072 919 3144 deprecationem
951 3088 1172 3128 meam.
1204 3071 1461 3127 Auribus
1491 3070 1727 3142 percipe
1748 3071 2079 3127 orationem

443 3176 663 3232 meam,
694 3167 749 3218 et
779 3177 903 3218 non
922 3161 983 3218 in
1000 3161 1173 3217 labiis
1202 3160 1448 3218 dolosis.

518 3251 751 3308 Oratio.
787 3250 1007 3306 Christe
1025 3249 1124 3306 Dei
1153 3249 1525 3320 Filius,cujus
1545 3248 1813 3305 animam
1835 3248 2087 3305 circum-

443 3339 654 3395 dantes
682 3338 1047 3396 insatiabiles
1079 3338 1303 3395 inimici
1324 3336 1500 3409 adipe
1540 3352 1663 3392 sum
1700 3335 1960 3392 maltitim
1986 3337 2086 3393 ob-

444 3429 671 3493 cmcati,
720 3426 1123 3501 loquebantur
1159 3426 1535 3499 superbiam:
1571 3425 1729 3497 eripe
1776 3424 1853 3480 ab
1889 3425 2089 3499 impiis

444 3517 711 3585 animam
740 3520 1043 3575 nostram:
1070 3519 1125 3571 et
1146 3516 1227 3570 sic
1254 3514 1450 3588 passio
1482 3519 1585 3570 tua
1616 3514 1923 3586 passiones
1956 3531 2091 3570 nos-

444 3608 563 3660 tras
593 3604 916 3673 extinguat,
944 3609 1008 3659 ut
1035 3619 1350 3675 nunquam
1370 3602 1577 3659 oculos
1607 3606 1843 3658 nostros
1874 3607 2091 3660 statua-

446 3708 583 3746 mus
612 3691 909 3747 declinare
932 3692 991 3747 in
1024 3697 1259 3747 terram.
1294 3704 1356 3761 R.
1383 3697 1589 3748 Amen.

516 3790 587 3849 ῐςι.
625 3778 987 3851 Multiplicati
1010 3784 1147 3835 sunt
1176 3796 1355 3851 super
1378 3780 1626 3852 capillos
1650 3778 1858 3851 capitis
1879 3777 2087 3844 mei,P.

448 3867 555 3933 Qui
592 3882 686 3922 me
707 3867 1178 3937 oderuntgratis.
1213 3867 1919 3924 Confortatisuntinimici
1950 3867 2086 3929 mei,

448 3956 549 4028 qui
561 3972 647 4011 me
662 3956 1175 4028 persequebantur
1196 3956 1409 4026 injuste
1428 3976 1439 4009 :
1454 3972 1587 4028 qum
1600 3972 1721 4012 non
1738 3955 1931 4028 rapui,
1954 3960 2093 4011 tunc

446 4043 847 4100 revertebam.
886 4046 1041 4099 Dens
1064 4049 1126 4099 tu
1164 4044 1318 4099 nosti
1347 4044 1813 4115 imprudentiam
1841 4060 2041 4100 meam
2076 4063 2088 4103 :

449 4136 505 4187 et
524 4131 738 4187 delicta
757 4147 942 4187 meaa
971 4136 1025 4187 te
1056 4148 1176 4188 non
1200 4136 1338 4187 sunt
1360 4131 2090 4196 absconditaﬂltttunde,

449 4220 719 4288 Domine,
756 4236 938 4292 super
966 4221 1233 4276 inimicos
1258 4236 1425 4276 meos
1456 4221 1607 4277 iram
1638 4224 1801 4277 tuam
1838 4237 1848 4275 :
1884 4220 2096 4277 etindi—

452 4308 651 4379 gnatio
663 4310 764 4365 irm
778 4312 888 4364 tum
900 4308 1296 4381 apprehendat
1306 4309 1535 4381 eos,qui
1547 4324 1633 4363 me
1645 4309 1912 4365 oderunt.

521 4399 740 4455 Oratio.
770 4398 1019 4453 Domine
1048 4399 1221 4467 Deus,
1245 4398 1407 4471 apud
1437 4413 1619 4471 quem
1636 4397 1851 4454 delicta
1888 4401 2097 4453 nostra
2127 4397 2137 4413 τ

450 4501 572 4543 non
585 4488 1106 4554 suntabscondita;
1126 4488 1295 4559 cujus
1308 4487 1462 4545 oculi
1480 4504 1594 4544 non
1612 4487 1796 4544 solum
1808 4487 2096 4543 exteriora

451 4576 845 4648 prospiciunt,
873 4576 980 4633 sed
1008 4581 1064 4634 et
1092 4578 1287 4634 cordis
1309 4578 1518 4634 intima
1543 4575 2097 4633 insensibiliintuitu

449 4670 801 4736 penetrant:
831 4664 912 4722 da
935 4666 1109 4722 nobis
1134 4666 1494 4738 pmnitentim
1524 4665 1855 4721 remedium
1877 4680 1987 4735 pro
2017 4664 2098 4718 ci-

450 4753 583 4810 licio
608 4754 1028 4812 indumentum
1056 4772 1068 4807 :
1099 4754 1179 4811 da
1196 4754 1590 4811 confessionis
1608 4753 1975 4825 prmconium
1989 4768 2097 4824 pro

452 4844 638 4898 venim
666 4843 865 4910 lucro;
892 4844 991 4909 da,
1021 4849 1084 4900 ut
1112 4843 1360 4901 efﬂuant
1385 4842 1539 4899 oculi
1563 4858 1673 4913 pro
1696 4839 2099 4897 admissisﬂu-

452 4930 621 4987 mina
644 4930 1093 5003 lachrymarum
1118 4950 1132 4999 ;
1164 4933 1243 4989 da
1270 4932 1395 4988 voci
1420 4935 1637 4988 nostrm
1659 4928 1977 5001 gemitibus
2004 4944 2101 4984 ex-

452 5022 652 5089 petere
669 5020 955 5089 suifragia
991 5036 1265 5093 precum:
1291 5022 1357 5075 Et
1374 5026 1435 5076 tu
1464 5019 1711 5076 Domine
1728 5016 1946 5073 exaudi
1968 5032 2098 5073 ora-

454 5106 681 5165 tionem
728 5112 1024 5179 nostram;
1089 5108 1231 5181 quia
1270 5108 1535 5179 benigna
1564 5112 1651 5163 est
1696 5105 2103 5162 misericordia

453 5200 558 5252 tua
590 5213 604 5252 :
636 5200 693 5252 et
712 5212 787 5252 ne
805 5212 915 5253 nos
944 5197 1113 5252 inferi
1144 5196 1510 5268 profundum
1528 5196 1989 5259 absorbeat,aut
2016 5194 2101 5249 lu-

454 5284 680 5341 tulenta
729 5284 996 5341 facinora
1027 5284 1339 5349 subruant,
1365 5282 1680 5340 multitudo
1722 5300 1833 5339 nos
1864 5288 2099 5340 tuarum

454 5375 911 5431 miserationum
938 5374 1231 5445 respiciat.
1272 5383 1337 5441 Βί.
1370 5373 1576 5427 Amen.

524 5464 1182 5534 Antiphona.Asperges
1196 5460 1920 5531 me,Domine,hyssopo,et
1932 5476 2101 5515 mun-

2197 3077 2253 3128 et
2289 3073 2691 3130 castrametati
2712 3072 2930 3129 suntin
2951 3074 3203 3130 Sunam:
3230 3072 3620 3143 congregavit
3654 3077 3864 3128 autem

2198 3165 2254 3216 et
2285 3160 2424 3217 Saul
2448 3161 2791 3216 universum
2816 3160 3011 3229 Israel,
3038 3165 3092 3216 et
3112 3160 3345 3216 venitin
3369 3160 3691 3217 Gelboe.Et
3713 3160 3867 3217 vidit

2200 3250 2336 3304 Saul
2364 3254 2559 3306 castra
2614 3248 3066 3317 Philisthiim,et
3115 3250 3324 3315 timuit,
3367 3254 3424 3304 et
3458 3248 3709 3320 expavit
3762 3264 3866 3305 cor

2198 3340 2329 3407 ejus
2356 3336 2552 3392 nimis.
2578 3336 3000 3408 Consuluitque
3014 3337 3429 3400 Dominum,et
3456 3354 3579 3393 non
3610 3353 3867 3409 respon-

2198 3427 2284 3484 dit
2310 3427 2386 3494 ei,
2404 3442 2596 3498 neque
2624 3441 2725 3497 per
2763 3426 3220 3499 somnia,neque
3242 3442 3346 3498 per
3376 3426 3747 3489 sacerdotes,
3766 3443 3869 3485 ne-

2198 3530 2316 3587 que
2329 3529 2433 3587 per
2446 3514 3057 3587 prophetas.Dixitque
3073 3514 3409 3573 Saulservis
3423 3515 3547 3569 suis
3572 3516 3867 3579 :Qumrite

2200 3603 2518 3658 mulierum
2538 3602 2855 3658 habentem
2874 3602 3329 3674 phythonem,et
3343 3604 3558 3659 vadam
3580 3602 3793 3669 deam.
3809 3609 3865 3660 et

2201 3690 2545 3747 sciscitabor
2562 3706 2666 3761 per
2678 3690 2840 3746 illam
2853 3733 2865 3746 .
2884 3694 2946 3746 Et
2962 3691 3234 3746 dixerunt
3259 3692 3412 3747 servi
3436 3692 3566 3761 ejus
3583 3691 3663 3748 ad
3684 3707 3821 3748 eum
3844 3712 3857 3751 :

2202 3782 2296 3835 Est
2314 3779 2524 3834 mulier
2540 3779 2771 3835 habens
2793 3780 3200 3851 pythonem,in
3226 3780 3693 3836 Endor.Mutavit
3713 3795 3859 3848 ergo

2201 3870 2474 3927 habitum
2497 3885 2705 3928 suum:
2735 3870 3098 3941 vestitusque
3124 3875 3216 3925 est
3240 3869 3369 3925 aliis
3388 3870 3771 3937 vestimentis,
3796 3872 3853 3923 et

2203 3958 2503 4030 abiitipse,
2531 3963 2585 4013 et
2610 3958 2733 4014 duo
2759 3958 2867 4013 viri
2898 3974 3036 4014 cum
3054 3959 3332 4030 eo.298
3352 3964 3755 4031 veneruntque
3774 3956 3853 4017 ad

2203 4046 2733 4103 mulieremnocte:
2766 4051 2821 4102 et
2846 4046 3056 4102 aitilli:
3090 4047 3300 4102 Divina
3328 4048 3535 4103 mihiin
3567 4048 3857 4119 pythone,

2204 4140 2259 4192 et
2287 4135 2507 4190 suscita
2536 4135 2697 4200 mihi,
2731 4150 2911 4206 quem
2934 4134 3137 4191 dixero
3167 4135 3295 4191 tibi.
3346 4138 3411 4191 Et
3440 4135 3522 4191 ait
3541 4135 3757 4191 mulier
3783 4136 3861 4191 ad

2204 4238 2341 4278 eum
2365 4239 2379 4277 :
2408 4226 2572 4287 Ecce,
2598 4228 2658 4277 tu
2688 4223 2839 4277 nosti
2867 4221 3306 4293 quantafecerit
3328 4222 3487 4283 Saul,
3513 4226 3570 4277 et
3596 4238 3858 4294 quomo-

2204 4310 2283 4366 do
2311 4310 2551 4365 eraserit
2581 4325 2793 4378 magos
2826 4315 2881 4364 et
2910 4309 3169 4371 hariolos
3198 4311 3272 4365 de
3296 4315 3477 4366 terra:
3498 4326 3692 4381 quare
3718 4326 3863 4379 ergo

2204 4399 2578 4455 insidiaveris
2604 4399 2819 4453 animm
2844 4415 3013 4467 mem,
3043 4404 3105 4454 ut
3131 4398 3371 4454 occidar
3394 4399 3422 4455 ‘I
3449 4402 3512 4453 Et
3544 4400 3776 4469 juravit
3810 4399 3860 4455 ei

2207 4486 2345 4544 Saul
2382 4487 2442 4541 in
2472 4486 2740 4552 Domino,
2769 4487 2973 4541 dicens
2998 4507 3008 4545 :
3040 4487 3190 4541 Vivit
3220 4487 3529 4553 Dominus,
3572 4488 3723 4558 quia
3744 4503 3861 4543 non

2205 4577 2433 4631 eveniet
2451 4574 2555 4630 tibi
2584 4576 2911 4647 quicquam
2938 4574 3080 4630 mali
3103 4581 3341 4647 propter
3365 4591 3491 4631 rem
3519 4575 3862 4632 hanc.Dixit

2206 4664 2449 4721 mulier:
2485 4665 2672 4729 Quem
2703 4663 3005 4720 suscitabo
3036 4662 3189 4719 tibi?
3241 4665 3352 4729 Qui
3374 4665 3482 4719 ait:
3519 4664 3859 4721 Samuelem

2207 4752 2353 4808 mihi
2375 4754 2613 4807 suscita.
2637 4754 2777 4808 Cum
2813 4759 3013 4807 autem
3025 4752 3264 4808 vidisset
3277 4752 3489 4808 mulier
3504 4754 3858 4815 Samuelem,

2208 4841 2562 4897 exclamavit
2602 4856 2747 4896 voce
2796 4856 3038 4910 magna,
3072 4846 3128 4897 et
3158 4840 3308 4896 dixit
3335 4841 3410 4897 ad
3445 4841 3626 4898 Saul:
3672 4844 3861 4907 Quare

2210 4928 2543 5001 imposuisti
2570 4928 2714 4983 mihi
2734 4929 2762 4984 ?
2788 4931 2868 4984 Tu
2882 4946 2945 4983 es
2960 4929 3119 4984 enim
3146 4929 3307 4985 Saul.
3334 4929 3605 5000 Dixitque
3632 4930 3688 4986 ei
3721 4945 3820 4985 rex
3844 4944 3859 4983 :

2209 5017 2335 5075 Noli
2368 5017 2570 5073 timere
2597 5036 2609 5073 :
2639 5017 2785 5088 quid
2819 5016 3065 5072 vidisti?
3099 5019 3162 5072 Et
3205 5016 3520 5072 aitmulier
3573 5018 3653 5074 ad
3689 5016 3859 5075 Saul:

2211 5109 2361 5165 Deos
2386 5106 2507 5162 vidi
2536 5105 2923 5162 ascendentes
2940 5104 3014 5160 de
3038 5110 3217 5160 terra.
3258 5105 3525 5177 Dixitque
3546 5105 3601 5160 ei
3626 5125 3639 5161 :
3667 5104 3864 5172 Qualis

2211 5203 2301 5252 est
2321 5196 2515 5251 forma
2528 5198 2660 5266 ejus
2681 5195 2708 5251 ?
2740 5196 2879 5259 Qum
2903 5194 2983 5249 ait
3012 5214 3023 5253 :
3056 5195 3147 5248 Vir
3166 5194 3722 5258 senexascendit,et
3745 5196 3862 5267 ipse

2212 5284 2457 5341 amictus
2495 5288 2583 5338 est
2612 5282 2813 5354 pallio.
2852 5286 2916 5338 Et
2962 5281 3243 5339 intellexit
3276 5288 3478 5338 autem
3504 5282 3672 5349 Saul,
3702 5281 3859 5355 quod

2211 5370 2450 5427 Samuel
2473 5376 2644 5433 esset,
2674 5377 2728 5427 et
2754 5370 3057 5427 inclinavit
3079 5385 3141 5425 se
3172 5385 3351 5443 super
3368 5369 3588 5426 faciem
3603 5387 3780 5428 suam
3804 5370 3859 5425 in

2211 5462 2449 5533 terra,et
2468 5458 2757 5521 adoravit.
2779 5460 2930 5521 Dixit
2949 5463 3142 5521 autem
3161 5458 3400 5533 Samuel
3414 5458 3493 5516 ad
3512 5459 3657 5521 Saul
3674 5478 3693 5514 τ
3716 5461 3857 5526 Qua-
