4094 6164
461 176 562 233 511
1716 172 2130 232 BREVIARIU]

2251 177 2582 240 iOTHICUM
2591 224 2605 241 .
3767 178 3869 234 512

464 300 663 356 dotem
686 296 877 355 ﬁlium
902 296 1277 355 Achimelech
1304 317 1317 359 :
1356 299 1605 373 Applica
1660 299 1738 358 ad
1769 314 1865 356 me
1893 298 2114 371 ephod,
2148 299 2195 355 A
2224 304 2370 371 tum,
2397 310 2455 363 et
2477 308 2652 379 quasi
2688 307 2781 363 lex
2821 307 2883 362 in
2913 304 3090 362 Israel
3115 306 3319 376 Iusque
3364 301 3444 359 ad
3472 300 3639 358 diem
3679 301 3873 359 hanc.

464 391 533 445 Et
560 387 877 461 applicavit
895 386 1389 459 Abiatharephod
1406 389 1483 445 ad
1504 388 1709 457 David,
1736 392 1792 445 et
1817 387 2118 444 consuluit

465 476 654 537 David
710 477 1044 543 Dominum,
1089 477 1294 534 dicens
1329 496 1341 534 :
1372 479 1696 552 Persequar
1750 476 2115 534 latrunculos

465 570 597 641 hos,
621 567 1191 639 etcomprehendam
1206 584 1327 635 eos,
1345 585 1423 625 an
1446 585 1567 626 non
1583 570 1610 624 ?
1630 569 1902 641 Dixitque
1922 568 1975 623 ei
2006 568 2114 623 Do—

466 658 666 716 minus
680 675 692 712 :
708 657 1067 728 Persequere
1083 657 1331 731 :absque
1344 657 1529 716 dubio
1543 658 1697 714 enim
1724 657 2116 729 comprehen-

467 746 572 803 des
593 760 713 811 eos,
748 748 802 799 et
822 745 1383 818 excutiesprazdam.
1415 747 1723 819 Abiitergo
1747 745 1937 803 David
1963 746 2113 818 ipse,

468 837 523 891 et
553 833 812 888 sexcenti
836 833 1057 905 viriqui
1085 839 1253 891 erant
1272 852 1411 894 cum
1423 851 1515 900 eo,
1538 840 1595 892 et
1616 840 2115 906 veneruntusquc

467 922 545 979 ad
566 925 884 978 torrentem
916 925 1093 979 Besor
1122 944 1134 983 :
1162 928 1218 980 et
1244 924 1385 981 lassi
1428 925 1680 998 quidam
1731 924 2108 980 subtiterunt.

466 1012 813 1067 Persecutus
828 1014 915 1066 est
944 1018 1143 1069 autem
1193 1012 1381 1069 David
1403 1013 1550 1086 ipse,
1579 1017 1636 1069 et
1689 1011 2116 1085 quadringenti

470 1100 575 1155 viri
604 1116 739 1156 cum
771 1115 841 1156 eo
872 1116 884 1155 :
923 1100 1308 1159 substiterant
1331 1102 1489 1158 enim
1532 1101 1791 1166 ducenti,
1819 1102 1921 1174 qui
1976 1100 2120 1156 lassi

472 1190 721 1245 transire
755 1204 877 1244 non
902 1192 1547 1260 potueranttorrentem
1570 1194 1764 1247 Besor.
1790 1192 1858 1245 Et
1880 1190 2120 1245 invene-

472 1282 613 1335 runt
630 1278 818 1334 virum
834 1278 1175 1350 [Egyptium
1187 1279 1247 1335 in
1264 1284 1492 1350 agro,et
1506 1279 2030 1336 adduxerunteum
2043 1276 2121 1333 ad

474 1365 693 1421 David:
728 1366 1133 1438 dederuntque
1150 1366 1199 1422 ei
1223 1382 1444 1438 panem
1473 1371 1537 1422 ut
1561 1365 1919 1434 comederet,
1941 1369 1997 1421 et
2033 1363 2121 1419 bi-

474 1453 634 1510 beret
654 1471 897 1527 aquam,
933 1455 1039 1511 sed
1071 1460 1124 1511 et
1146 1455 1417 1526 fragmen
1448 1472 1668 1512 massae
1703 1455 2122 1519 caricarum,et

477 1543 926 1614 duasligaturas
941 1560 1071 1600 uvae
1103 1559 1317 1616 passae.
1353 1544 1463 1611 Qui
1490 1560 1627 1600 cum
1651 1543 2119 1609 comedisset,re-

2293 396 2625 467 Antiphona
2685 397 2732 450 1.
2784 394 3129 453 Inveniatur
3174 407 3389 447 manus
3429 394 3552 457 tua,
3598 390 3880 456 Domine,

2223 483 2501 541 omnibus
2519 484 2775 542 inimicis
2790 485 2904 540 tuis
2924 501 2937 535 :
2956 482 3201 538 dextera
3230 485 3332 537 tua
3352 479 3621 536 inveniat
3639 494 3881 544 omnes,

2223 574 2326 647 qui
2371 578 2422 629 te
2464 573 2737 630 oderunt.
2769 572 2961 629 Pones
2996 586 3098 627 eos
3142 574 3207 625 ut
3235 568 3543 625 clibanum
3587 568 3782 639 ignis;
3816 568 3885 622 in

2225 665 2489 735 tempore
2517 662 2715 718 vultus
2741 660 2845 717 tui.
2876 659 2938 721 ἲν.
2969 657 3217 715 Domine
3240 657 3301 712 in
3331 656 3551 712 virtute
3585 660 3689 712 tua
3718 656 3889 711 laeta-

2222 751 2383 807 bitur
2406 766 2507 807 rex
2540 768 2551 804 :
2587 754 2643 806 et
2664 764 2845 821 super
2883 748 3141 804 salutare
3166 749 3338 802 tuum
3365 744 3754 801 vehementer
3783 759 3889 799 ex-

2226 839 2459 896 ultabit.

2298 928 2531 986 Oratio.
2567 928 2905 983 Inveniatur
2928 939 3147 981 manus
3167 928 3286 987 tua,
3302 922 3573 989 Domine,
3597 920 3883 977 omnibus

2226 1017 2483 1075 inimicis
2496 1017 2611 1073 tuis
2627 1017 2688 1072 in
2699 1015 3023 1071 vindictam
3043 1033 3057 1083 ;
3081 1012 3189 1085 qui
3205 1010 3599 1067 noluntCruci
3625 1013 3743 1067 tute
3772 1025 3885 1065 sua

2229 1106 2483 1162 subdere
2514 1104 2666 1160 colla
2692 1122 2705 1160 :
2746 1103 3083 1159 inveniatur
3102 1115 3347 1174 quoque
3367 1103 3423 1155 et
3454 1099 3515 1155 in
3540 1098 3647 1163 eis,
3687 1098 3798 1170 qui
3832 1103 3884 1153 te

2228 1195 2503 1261 oderunt,
2524 1194 2763 1251 dextera
2778 1198 2878 1249 tua
2892 1206 3143 1264 parcens
3170 1207 3184 1256 ;
3206 1204 3347 1245 cum
3367 1202 3471 1244 eos
3489 1187 3753 1243 dexterae
3770 1190 3884 1242 tua;

2229 1283 2434 1340 feceris
2445 1296 2577 1338 esse
2589 1281 2905 1354 participes
2930 1298 2943 1332 :
2963 1278 3099 1334 utin
3113 1282 3380 1348 tempore
3394 1274 3592 1330 vultus
3610 1273 3720 1341 tui,
3744 1288 3886 1329 cum

2230 1372 2550 1428 manifesta
2577 1368 2756 1426 nobis
2783 1367 2956 1424 fuerit
2976 1367 3157 1423 facies
3183 1369 3303 1431 tua,
3336 1380 3459 1420 non
3489 1366 3795 1435 ponantur
3826 1365 3890 1418 ut

2231 1460 2529 1517 clibanum
2559 1459 2712 1529 ignis
2737 1456 2877 1525 ;sed
2904 1455 3336 1512 transferantur
3364 1451 3674 1509 nobiscum
3702 1465 3884 1507 coro-

2230 1550 2415 1607 nandi
2444 1550 2504 1605 in
2525 1547 2863 1605 caelestibus
2892 1544 3115 1616 regnis.
3152 1554 3216 1612 Br.
3252 1546 3465 1597 Amen.

476 1646 679 1687 versus
700 1638 785 1686 est
810 1632 1045 1705 spiritus
1066 1633 1215 1703 ejus,
1234 1637 1290 1689 et
1310 1632 1669 1689 refocillatus
1690 1636 1938 1688 estznon
1960 1630 2121 1686 enim
2152 1649 2195 1704 Β
2304 1638 2654 1709 Antiphona
2697 1639 2751 1691 2.
2796 1634 2986 1706 Eripe,
3034 1632 3213 1696 Deus,
3255 1647 3293 1687 a
3342 1630 3574 1685 framea
3614 1626 3889 1684 animam

478 1718 818 1777 comederat
834 1736 1273 1793 panem,neque
1289 1720 1523 1777 biberat
1539 1718 1983 1793 aquam,tribus
1998 1718 2121 1774 die-

478 1806 591 1863 bus
621 1812 678 1864 et
697 1808 883 1864 tribus
904 1809 1196 1867 noctibus.
1219 1809 1490 1882 Dixitque
1515 1809 1564 1865 ei
1610 1808 1800 1865 David
1826 1809 2029 1879 :Cujus
2058 1822 2121 1863 es

482 1900 544 1953 tu
562 1898 590 1952 ?
615 1898 704 1952 vel
725 1898 881 1954 unde
902 1900 930 1955 ‘2
945 1902 1001 1955 et
1022 1915 1135 1967 quo
1157 1900 1352 1971 pergis
1377 1899 1406 1954 7
1424 1900 1533 1966 Qui
1550 1900 1630 1956 ait
1654 1898 1706 1954 ei
1734 1917 1747 1956 :
1778 1899 1931 1954 Puer
1946 1896 2121 1969 Egy-

480 1986 640 2057 ptius
651 2001 762 2056 ego
784 2003 939 2054 sum,
958 2003 1161 2043 servus
1177 1988 1634 2045 viriAmalecitaa
1662 2006 1674 2041 :
1695 1986 2003 2058 dereliquit
2030 2001 2125 2041 me

480 2078 680 2130 autem
711 2076 994 2130 Dominus
1019 2091 1209 2147 meus,
1244 2076 1851 2149 quiamgrotarecmpi
1904 2073 2127 2130 nudius

483 2164 707 2219 tertius.
727 2164 1027 2236 Siquidem
1042 2181 1150 2221 nos
1171 2166 1476 2238 erupimus
1503 2166 1582 2222 ad
1630 2164 1944 2221 australem
2006 2164 2130 2236 pla-

484 2268 623 2323 gam
656 2253 901 2318 Cerethi,
925 2257 1203 2311 etcontra
1228 2254 1469 2323 Judam,
1494 2258 1550 2311 et
1569 2256 1647 2310 ad
1673 2253 1985 2310 meridiem
2025 2252 2130 2307 Ca-

482 2340 599 2406 leb,
627 2345 683 2397 et
709 2340 950 2413 Siceleg,
984 2342 1404 2399 succendimus
1447 2342 1591 2414 igni.
1627 2342 1778 2398 Dixit
1816 2342 1865 2397 ei
1903 2341 2125 2397 David:

484 2431 656 2486 Potes
678 2446 772 2485 me
794 2430 1007 2487 ducere
1038 2430 1116 2487 ad
1142 2447 1401 2488 cuneum
1431 2432 1613 2488 istum
1642 2432 1671 2487 ‘I
1700 2430 1808 2497 Qui
1836 2432 1916 2488 ait
1942 2449 1955 2487 :
1990 2432 2129 2485 Jura

486 2518 633 2575 mihi
662 2534 769 2590 per
793 2519 999 2585 Deum,
1026 2519 1193 2591 quod
1213 2535 1335 2577 non
1362 2521 1602 2577 occidas
1627 2535 1744 2585 me,
1776 2523 1833 2575 et
1862 2534 1983 2575 non
2016 2523 2127 2575 tra-

484 2608 595 2665 das
620 2624 715 2663 me
738 2608 798 2663 in
826 2623 1010 2664 manu
1040 2609 1279 2665 Domini
1309 2610 1446 2675 mei,
1504 2614 1558 2665 et
1586 2608 1807 2664 ducam
1834 2612 1887 2664 te
1918 2608 1995 2664 ad
2022 2623 2128 2662 cu-

485 2711 667 2751 neum
693 2695 892 2752 istum.
929 2697 1293 2768 Etjuravitei
1314 2697 1519 2754 David.
1556 2698 1667 2763 Qui
1696 2713 1836 2753 cum
1866 2696 2131 2753 duxisset

487 2800 640 2849 eam,
660 2784 889 2840 ecceilli
904 2785 1365 2842 discumbebant
1388 2801 1567 2859 super
1592 2786 1806 2843 faciem
1837 2785 2130 2841 universae

490 2878 675 2939 terrae,
695 2874 1073 2930 comedentes
1098 2874 1459 2940 etbibentes,
1476 2875 1720 2947 etquasi
1742 2875 1958 2931 festum
1977 2872 2131 2930 cele-

2236 1744 2434 1785 meam
2461 1748 2474 1784 :
2490 1732 2545 1783 et
2567 1727 2641 1781 de
2655 1740 2843 1781 manu
2884 1722 3052 1779 canis
3068 1721 3309 1777 unicam
3332 1716 3774 1774 meam.Libera
3790 1730 3888 1770 me

2235 1816 2302 1873 de
2316 1833 2418 1873 ore
2428 1815 2617 1873 leonis
2635 1832 2645 1871 :
2670 1820 2726 1869 et
2742 1830 2778 1869 a
2790 1810 3072 1868 cornibus
3088 1807 3464 1865 unicornium
3484 1804 3890 1861 humilitatem

2236 1921 2452 1963 meam.
2485 1904 2547 1965 ἲν.
2574 1901 2838 1960 Narrabo
2864 1914 3085 1957 nomen
3102 1903 3273 1954 tuum
3299 1895 3584 1954 fratribus
3607 1893 3765 1949 meis
3796 1893 3889 1948 :in

2236 1994 2438 2051 medio
2469 1991 2738 2049 Ecclesiae
2767 1988 3030 2046 laudabo
3062 1991 3134 2043 te.

2310 2084 2537 2140 Oratio.
2577 2081 2745 2152 Eripe
2779 2078 3044 2134 animam
3075 2077 3340 2132 nostram
3363 2089 3400 2129 a
3427 2072 3661 2128 framea
3685 2073 3894 2143 poten-

2239 2169 2709 2238 tissimiinimici,
2737 2167 2957 2224 Christe
2980 2164 3083 2221 Fili
3109 2163 3207 2219 Dei
3237 2180 3250 2217 :
3280 2166 3562 2218 utnoster
3577 2160 3661 2215 sis
3682 2158 3899 2215 libera-

2240 2266 2330 2317 tor
2355 2260 2429 2315 de
2467 2274 2568 2315 ore
2606 2257 2815 2321 leonis,
2843 2254 2947 2327 qui
2971 2253 3241 2310 animam
3270 2256 3434 2307 tuam
3453 2252 3730 2322 potenter
3749 2246 3892 2303 edu-

2240 2348 2367 2405 xisti
2397 2347 2474 2403 ab
2498 2345 2715 2402 inferis.
2760 2355 2822 2414 ἢ.
2858 2345 3066 2397 Amen.

2310 2450 2657 2521 Antiphona
2676 2447 2956 2505 3.1nclina
2978 2444 3225 2503 Domine
3237 2458 3445 2500 aurem
3466 2446 3637 2499 tuam
3656 2439 3738 2497 ad
3758 2454 3887 2496 me:

2240 2541 2524 2610 accelera,
2550 2543 2610 2595 ut
2637 2537 2854 2610 eripias
2886 2551 3007 2592 me.
3036 2534 3099 2595 γ.
3126 2536 3259 2589 Esto
3288 2532 3429 2588 mihi
3455 2531 3514 2587 in
3537 2531 3728 2585 Deum
3758 2542 3895 2599 pro-

2241 2635 2538 2692 tectorem,
2575 2627 2721 2683 etin
2758 2625 2958 2682 locum
3002 2622 3304 2679 munitum
3346 2638 3359 2675 :
3402 2623 3467 2676 ut
3518 2619 3747 2675 salvum
3786 2632 3887 2671 me

2241 2719 2443 2775 facias.

2312 2837 2374 2896 ἢ.
2409 2826 2800 2895 Susceperunt
2824 2835 2919 2876 me
2940 2820 3091 2875 sicut
3118 2818 3212 2874 leo
3234 2818 3476 2889 paratus
3503 2812 3583 2870 ad
3599 2811 3891 2886 praedam,

2241 2919 2297 2972 et
2312 2912 2702 2970 sicutcatulus
2715 2911 2901 2967 leonis
2917 2908 3200 2965 habitans
3216 2908 3275 2962 in
3294 2903 3555 2962 occultis.
3578 2901 3647 2960 P.
3665 2904 3897 2973 Exurge

487 2960 926 3074 bramﬁsjﬁefn’
953 2968 1305 3074 “2:339”?
1322 2963 1546 3035 prada’
1572 2968 1630 3019 et
1658 2962 1864 3035 Spoms
1891 2978 2027 3035 qua
2042 2978 2132 3018 (κδ’
2170 2996 2211 3053 C
2242 2960 3493 3074 “prgveni—eos—wet—subverteillos
3530 3010 3543 3023 ·
3577 2990 3745 3064 eripe
3774 2960 3896 3046 ani-

488 3064 670 3074 ........_
775 3065 800 3074 ,ι
866 3065 986 3074 --.η
1114 3067 1124 3074 .
1154 3052 1369 3074 ..ιι.....Δ
1442 3055 1489 3074 ,ι
1519 3055 1665 3074 ι-....-
1702 3051 1839 3074 μηδ-
1905 3054 1964 3074 ιρι
1996 3065 2109 3074 ..-..
2498 3046 2513 3072 ο
2945 3040 2958 3065 ν
3531 3036 3543 3048 '

488 3053 699 3120 perant
727 3049 802 3105 de
841 3053 993 3106 terra
1027 3050 1396 3116 Philisthiim,
1437 3055 1494 3107 et
1519 3055 1673 3107 terra
1695 3051 1868 3107 Juda.
1903 3054 1967 3108 Et
1996 3065 2132 3125 per-

485 3135 669 3192 cussit
696 3152 799 3192 eos
821 3137 1011 3193 David
1035 3152 1275 3210 vespere
1306 3154 1498 3211 usque
1536 3138 1614 3195 ad
1643 3154 1958 3211 vesperam
1994 3138 2134 3194 alte-

484 3224 609 3280 rius
636 3224 775 3295 diei,
794 3230 983 3284 etnon
1014 3226 1284 3283 evasitex
1296 3226 1380 3283 eis
1395 3228 1735 3300 quisquam,
1758 3226 1872 3282 nisi
1902 3230 2131 3283 tantum

484 3314 909 3387 quadringenti
949 3316 1059 3372 viri
1097 3316 1521 3383 adolescentes,
1565 3318 1671 3390 qui
1725 3316 2128 3373 ascenderant

486 3404 840 3475 camelos,et
858 3404 1169 3475 fugierant.
1188 3406 1502 3476 Eruitergo
1543 3405 1730 3462 David
1760 3404 1965 3461 omnia
1994 3420 2130 3477 quae

484 3492 739 3549 tulerant
768 3493 1133 3559 Amalecitae,
1156 3500 1211 3551 et
1238 3495 1389 3551 duas
1411 3510 1619 3551 uxores
1647 3510 1787 3551 suas
1805 3493 1974 3549 eruit.
2015 3496 2132 3549 Nec

489 3580 674 3636 defuit
694 3581 1014 3653 quisquam
1027 3600 1061 3640 a
1083 3598 1267 3655 parvo
1284 3599 1475 3657 usque
1500 3584 1579 3640 ad
1599 3588 2041 3654 magnum,tam
2057 3581 2131 3637 de

488 3668 819 3741 ﬁliisquam
849 3670 922 3726 de
934 3671 1265 3742 ﬁliabus,et
1290 3673 1510 3745 spoliis,
1531 3678 1587 3729 et
1606 3688 2006 3746 quascumque
2038 3687 2133 3728 ra-

489 3762 761 3830 puerant,
781 3760 984 3815 omnia
996 3760 1230 3817 reduxit
1244 3762 1523 3819 David.Et
1537 3762 1667 3818 tulit
1682 3761 1995 3818 universos
2009 3776 2137 3831 gre-

490 3861 593 3917 ges
622 3850 677 3902 et
702 3852 991 3914 armenta,
1024 3853 1080 3905 et
1103 3850 1498 3908 minavitante
1518 3850 1732 3907 faciem
1748 3867 1920 3907 suam
1947 3850 2136 3906 :dixe-

490 3938 747 4007 runtque
772 3954 783 3994 :
816 3937 951 3992 Haec
966 3938 1267 4010 estpraeda
1297 3939 1497 3995 David.
1532 3940 1697 3995 Venit
1727 3942 1928 3995 autem
1946 3938 2139 3995 David

492 4023 568 4079 ad
588 4024 879 4082 ducentos
908 4025 1089 4089 viros,
1121 4027 1225 4099 qui
1243 4026 1389 4082 lassi
1416 4027 1817 4093 substiterant,
1838 4044 1949 4084 nec
1969 4039 2139 4099 sequi

489 4118 806 4186 potuerant
828 4114 1031 4181 David,
1051 4119 1107 4172 et
1132 4116 1389 4172 residere
1420 4132 1523 4172 eos
1537 4122 1804 4188 jusserat
1823 4117 1887 4172 in
1919 4121 2144 4174 torren-

491 4207 610 4259 tem
636 4202 820 4259 Besor
852 4220 865 4259 :
892 4204 994 4275 qui
1017 4205 1236 4275 egressi
1254 4209 1391 4261 sunt
1409 4205 1587 4277 300
1613 4204 1857 4261 obviam
1876 4205 2065 4262 David
2087 4209 2143 4261 et

2242 3108 2409 3150 mam
2438 3107 2637 3149 meam
2667 3090 2745 3146 ab
2784 3088 2887 3144 eis.
2910 3087 2971 3149 if:
3003 3085 3244 3144 Custodi
3274 3100 3370 3141 me
3401 3082 3675 3147 Domine,
3701 3084 3771 3137 ut
3794 3095 3899 3152 pu-

2241 3182 2449 3256 pillam
2483 3179 2657 3237 oculi.
2688 3178 2818 3238 Sub
2858 3177 3071 3232 umbra
3097 3173 3330 3231 alarum
3366 3177 3605 3229 tuarum
3653 3172 3896 3242 protege

2242 3288 2338 3329 me
2365 3269 2557 3337 :Quia
2585 3284 2796 3326 omnes
2828 3265 3052 3322 inimici
3080 3263 3194 3321 mei
3215 3260 3749 3319 circumdederunt
3782 3272 3893 3315 me.

2242 3360 2305 3415 P.
2340 3363 2569 3429 Exurge
2595 3355 2870 3414 Domine.

2314 3468 2543 3523 Preces.
2576 3463 2838 3519 Acclives
2851 3466 2906 3518 te
2933 3476 3196 3525 oramus,
3222 3457 3468 3523 Christe,
3494 3469 3684 3528 parce
3701 3454 3891 3518 nobis,

2242 3557 2309 3613 P.
2337 3558 2401 3612 Et
2445 3555 2746 3611 miserere.
2790 3551 2853 3612 ῒ.
2904 3550 3014 3617 Qui
3065 3550 3127 3605 in
3163 3547 3359 3604 forma
3394 3545 3544 3602 servi
3591 3558 3893 3618 apparens

2245 3644 2543 3701 mundum
2562 3641 2794 3698 salvare
2810 3637 3305 3706 venisti,reforma
3323 3634 3490 3709 quod
3507 3634 3772 3707 perierat
3784 3638 3892 3689 tuas

2247 3733 2445 3791 Crucis
2478 3730 2763 3805 potentia,
2808 3731 2878 3785 P.
2939 3727 3003 3783 Et
3035 3727 3329 3782 miserere.
3371 3724 3433 3785 ἲν.
3481 3723 3594 3790 Qui
3643 3726 3894 3778 mortem

2246 3821 2434 3879 vincis
2456 3815 3126 3887 moriens,etﬂagellaris
3138 3815 3567 3879 innocens,nos
3579 3811 3660 3868 ab
3677 3814 3894 3867 aeterno

2247 3928 2388 3971 erue
2418 3910 2841 3983 suppliciorum
2866 3906 3091 3974 dolore,
3126 3905 3192 3962 P.
3239 3906 3305 3960 Et
3330 3903 3631 3959 miserere.
3679 3901 3737 3957 ἵ.
3777 3898 3890 3964 Qui

2250 4000 2550 4059 conﬁtenti
2582 3998 2825 4057 Latroni
2867 3997 2971 4053 das
2992 3995 3258 4068 requiem
3288 3992 3580 4066 paradisi,
3622 3988 3791 4047 nobis
3814 3987 3895 4043 da

2250 4089 2681 4161 indulgentiam
2707 4103 2813 4160 per
2826 4085 3021 4142 Crucis
3034 4088 3149 4141 tua;
3162 4082 3590 4155 gloriam,P.Et
3604 4080 3898 4136 miserere.

2249 4180 2313 4243 ἢν.
2341 4179 2428 4235 Tu
2453 4194 2561 4252 pro
2592 4176 2766 4234 nobis
2800 4191 3008 4231 vocem
3034 4173 3232 4245 accipe
3252 4172 3428 4243 hujus
3456 4168 3755 4238 Latronis,
3792 4170 3895 4223 Do-

494 4292 718 4366 populo
743 4292 847 4364 qui
872 4296 997 4349 erat
1017 4262 1154 4349 cum
1182 4308 1271 4349 eo.
1304 4262 1610 4350 Α.οοῖεῇδῶ
1639 4298 1841 4351 autem
1859 4294 2044 4351 David
2061 4293 2139 4351 ad
2176 4340 2221 4366 η
2253 4269 2412 4366 mnf"
2436 4285 2452 4336 ἱ
2475 4270 2776 4366 ωεῗωῇηῐο
2805 4264 2999 4366 nestit
3021 4262 3284 4363 Ποξῐιὶηθ,
3317 4265 3373 4318 et
3398 4275 3601 4334 parce,
3638 4274 3783 4315 cum
3812 4270 3900 4312 ve-

492 4380 1068 4454 p0pulum,salutavit
1088 4398 1189 4439 eos
1201 4382 1966 4456 paciﬁce.Respondensque
1984 4399 2141 4440 unus

493 4470 583 4526 vir
606 4470 911 4541 pessimus
931 4475 986 4526 et
1014 4470 1274 4543 iniquus,
1307 4471 1382 4528 de
1398 4472 1534 4528 viris
1563 4472 1668 4545 qui
1683 4477 1851 4529 erant
1870 4488 2010 4529 cum
2026 4473 2133 4529 Da-

494 4557 613 4623 vid,
641 4558 820 4615 dixit:
857 4558 1008 4625 Quia
1036 4573 1154 4615 non
1182 4564 1472 4617 venerunt
1490 4560 1955 4630 nobiscum,non
1972 4559 2142 4617 dabi-

496 4662 632 4703 mus
643 4646 730 4703 eis
748 4647 1074 4721 quicquam
1091 4646 1165 4704 de
1176 4648 1586 4722 prmda,quam
1604 4648 2007 4706 eruimuszsed
2024 4648 2145 4705 suf-

495 4734 655 4794 ﬁciat
684 4737 1005 4810 unicuique
1044 4752 1195 4794 uxor
1221 4755 1345 4804 sua,
1371 4742 1429 4795 et
1447 4738 1554 4795 ﬁlii
1584 4755 1600 4796 :
1622 4754 1774 4812 quos
1796 4754 1935 4795 cum
1975 4753 2143 4795 acce-

498 4825 710 4896 perint,
735 4827 1036 4885 recedant.
1071 4827 1223 4884 Dixit
1252 4832 1456 4885 autem
1483 4828 1662 4885 David
1689 4845 1701 4883 :
1729 4830 1856 4884 Non
1878 4827 1960 4883 sic
1974 4827 2147 4883 facie-

500 4913 571 4969 tis
590 4914 799 4971 fratres
823 4917 939 4973 mei
969 4917 1044 4973 de
1072 4918 1187 4983 his,
1220 4933 1355 4989 quae
1377 4917 1622 4974 tradidit
1635 4916 1924 4972 Dominus
1944 4914 2142 4979 nobis,

496 5006 551 5059 et
581 5003 893 5060 custodivit
911 5021 1040 5072 nos,
1056 5010 1113 5062 et
1140 5005 1703 5073 deditlatrunculos,
1736 5004 1843 5079 qui
1871 5020 2147 5077 erumpe-

498 5096 632 5149 rant
660 5092 980 5150 adversum
1008 5110 1141 5163 nos,
1182 5094 1242 5149 in
1280 5110 1498 5150 manus
1524 5099 1761 5151 nostras
1795 5109 1942 5150 :nec
1982 5093 2147 5150 audi-

500 5186 557 5239 et
580 5197 688 5238 vos
712 5182 1038 5255 quisquam
1078 5184 1191 5239 sub
1254 5198 1528 5239 sermone
1575 5184 1733 5240 hoc:
1788 5199 1965 5257 aequa
1990 5183 2149 5239 enim

499 5288 643 5345 pars
677 5273 785 5330 erit
813 5272 1230 5329 descendentis
1257 5272 1337 5328 ad
1379 5272 1675 5344 praelium,
1707 5278 1766 5330 et
1789 5273 2152 5331 remanentis

504 5361 584 5418 ad
611 5363 900 5432 sarcinas,
929 5367 986 5419 et
1008 5361 1282 5418 similiter
1298 5359 1583 5418 divident.
1598 5362 1665 5419 Et
1687 5362 1913 5419 factum
1937 5362 2154 5420 esthoc

507 5464 579 5509 ex
622 5451 719 5509 die
759 5452 880 5520 illa,
941 5455 998 5510 et
1047 5450 1331 5525 deinceps
1369 5450 1758 5511 constitutum
1778 5456 1835 5510 et
1895 5448 2151 5526 praeﬁnic.

2175 4340 2221 4395 D
2251 4358 2430 4427 neris,
2461 4361 2526 4413 ut
2549 4356 2802 4428 judices,
2833 4356 2905 4411 P.
2940 4356 3006 4410 Et
3042 4352 3343 4409 miserere.

2321 4465 2619 4535 Hymnus.
2653 4464 2697 4519 Ο
2724 4464 3021 4519 Nazarene
3057 4458 3179 4515 lux.
3210 4458 3326 4529 fol.
3355 4459 3473 4512 144.

2326 4572 2634 4645 Capitula.
2650 4569 2999 4627 Bellantium
3015 4578 3713 4639 mucrones,qua3sumus
3728 4558 3904 4619 Domi-

2253 4678 2351 4728 ne,
2380 4661 2632 4719 victricis
2648 4674 2890 4733 semper
2916 4656 3226 4731 potestatis
3246 4660 3357 4712 tuae
3376 4654 3596 4710 virtute
3616 4649 3868 4709 retunde
3885 4665 3899 4716 ;

2255 4756 2312 4810 et
2335 4756 2542 4809 contra
2554 4754 2773 4806 sortem
2792 4754 2957 4806 tuam
2976 4746 3332 4803 meditantes
3349 4742 3677 4807 insaniam,
3703 4739 3905 4797 verita-

2255 4842 2329 4899 tis
2352 4845 2467 4897 tuas
2495 4840 2729 4909 corrige
2758 4836 3075 4909 disciplina
3107 4835 3369 4907 :Quique
3400 4832 3695 4889 adversus
3724 4827 3907 4887 Chris-

2256 4935 2384 4987 tum
2412 4933 2581 4987 tuum
2606 4926 3013 5001 blasphemias
3034 4924 3399 4987 declamant,
3428 4921 3508 4978 ad
3540 4917 3909 4994 praedicatio

2256 5036 2399 5078 nem
2417 5034 2574 5076 verae
2600 5017 2741 5073 fidei
2762 5032 2871 5073 sua
2899 5016 3084 5072 corda
3103 5014 3451 5070 convertant
3484 5028 3497 5066 :
3517 5015 3584 5067 ut
3600 5013 3657 5066 et
3676 5003 3903 5065 vincula

2258 5112 2663 5183 peccatorum,
2687 5106 2906 5179 quibus
2933 5103 3114 5160 vincti
3140 5102 3498 5164 detinentur.
3531 5099 3903 5156 miseratione

2260 5199 2638 5269 disrumpas;
2668 5200 2723 5252 et
2743 5198 2990 5251 cunctos
3005 5191 3360 5265 justiﬁcatos
3386 5188 3557 5261 digiti
3577 5188 3666 5245 tui
3684 5187 3901 5245 calamo

2261 5287 2324 5343 in
2341 5285 2494 5343 libro
2522 5286 2657 5341 vitm
2684 5283 3047 5341 conscribas.

2333 5375 2501 5431 Pater
2523 5378 2743 5441 noster.
