  <div class='ocr_page' id='page_1' title='image "/cluster/home/n/w/nwhite01/storage/ocr_20150623/86/hvd.32044054758909/262.png"; bbox 0 0 4094 6164; ppageno 0'>
   <div class='ocr_carea' id='block_1_1' title="bbox 217 300 307 356">
    <p class='ocr_par' dir='ltr' id='par_1_1' title="bbox 217 300 307 356">
     <span class='ocr_line' id='line_1_1' title="bbox 217 300 307 356; baseline 0 -1"><span class='ocrx_word' id='word_1_1' title='bbox 217 300 307 356; x_wconf 84' lang='grc'>513</span> 
     </span>
    </p>
   </div>
   <div class='ocr_carea' id='block_1_2' title="bbox 823 415 1215 472">
    <p class='ocr_par' dir='ltr' id='par_1_2' title="bbox 823 415 1215 472">
     <span class='ocr_line' id='line_1_2' title="bbox 823 415 1215 472; baseline -0.008 0"><span class='ocrx_word' id='word_1_2' title='bbox 823 416 921 472; x_wconf 83' lang='lat' dir='ltr'>Ad</span> <span class='ocrx_word' id='word_1_3' title='bbox 953 415 1215 472; x_wconf 75' lang='lat' dir='ltr'>Sextum.</span> 
     </span>
    </p>
   </div>
   <div class='ocr_carea' id='block_1_3' title="bbox 393 499 1625 574">
    <p class='ocr_par' dir='ltr' id='par_1_3' title="bbox 393 499 1625 574">
     <span class='ocr_line' id='line_1_3' title="bbox 393 499 1625 574; baseline -0.008 -9"><span class='ocrx_word' id='word_1_4' title='bbox 393 509 590 566; x_wconf 78' lang='lat' dir='ltr'>Lectio</span> <span class='ocrx_word' id='word_1_5' title='bbox 621 507 766 564; x_wconf 82' lang='lat' dir='ltr'>libri</span> <span class='ocrx_word' id='word_1_6' title='bbox 785 507 965 562; x_wconf 86' lang='lat' dir='ltr'>Amos</span> <span class='ocrx_word' id='word_1_7' title='bbox 982 503 1296 574; x_wconf 72' lang='lat' dir='ltr'>Propheta:</span> <span class='ocrx_word' id='word_1_8' title='bbox 1330 503 1503 573; x_wconf 86' lang='lat' dir='ltr'>(Cap.</span> <span class='ocrx_word' id='word_1_9' title='bbox 1529 499 1625 573; x_wconf 77' lang='lat' dir='ltr'>ix).</span> 
     </span>
    </p>
   </div>
   <div class='ocr_carea' id='block_1_4' title="bbox 269 597 649 669">
    <p class='ocr_par' dir='ltr' id='par_1_4' title="bbox 269 597 649 669">
     <span class='ocr_line' id='line_1_4' title="bbox 269 597 649 669; baseline -0.013 -13"><span class='ocrx_word' id='word_1_10' title='bbox 269 603 373 656; x_wconf 87' lang='lat' dir='ltr'>Deo</span> <span class='ocrx_word' id='word_1_11' title='bbox 404 597 649 669; x_wconf 81' lang='lat' dir='ltr'>gratias.</span> 
     </span>
    </p>
   </div>
   <div class='ocr_carea' id='block_1_5' title="bbox 274 675 1852 753">
    <p class='ocr_par' dir='ltr' id='par_1_5' title="bbox 274 675 1852 753">
     <span class='ocr_line' id='line_1_5' title="bbox 274 675 1852 753; baseline -0.01 -9"><span class='ocrx_word' id='word_1_12' title='bbox 274 689 385 746; x_wconf 85' lang='lat' dir='ltr'>V&#39;idi</span> <span class='ocrx_word' id='word_1_13' title='bbox 411 687 736 742; x_wconf 92' lang='lat' dir='ltr'>Dominum</span> <span class='ocrx_word' id='word_1_14' title='bbox 790 688 1051 741; x_wconf 82' lang='lat' dir='ltr'>stantem</span> <span class='ocrx_word' id='word_1_15' title='bbox 1111 697 1290 753; x_wconf 88' lang='lat' dir='ltr'>super</span> <span class='ocrx_word' id='word_1_16' title='bbox 1334 679 1629 735; x_wconf 80' lang='lat' dir='ltr'>altarezet</span> <span class='ocrx_word' id='word_1_17' title='bbox 1671 675 1852 732; x_wconf 86' lang='lat' dir='ltr'>dixit:</span> 
     </span>
    </p>
   </div>
   <div class='ocr_carea' id='block_1_6' title="bbox 216 767 1856 841">
    <p class='ocr_par' dir='ltr' id='par_1_6' title="bbox 216 767 1856 841">
     <span class='ocr_line' id='line_1_6' title="bbox 216 767 1856 841; baseline -0.011 -4"><span class='ocrx_word' id='word_1_18' title='bbox 216 767 1820 841; x_wconf 86' lang='lat' dir='ltr'>Percntecardinem,etcommoveantursuperliminaria</span> <span class='ocrx_word' id='word_1_19' title='bbox 1844 781 1856 819; x_wconf 89' lang='lat'>:</span> 
     </span>
    </p>
   </div>
   <div class='ocr_carea' id='block_1_7' title="bbox 222 856 1861 936">
    <p class='ocr_par' dir='ltr' id='par_1_7' title="bbox 222 856 1861 936">
     <span class='ocr_line' id='line_1_7' title="bbox 222 856 1861 936; baseline -0.01 -10"><span class='ocrx_word' id='word_1_20' title='bbox 222 869 452 928; x_wconf 86' lang='lat' dir='ltr'>avaritia</span> <span class='ocrx_word' id='word_1_21' title='bbox 475 867 632 923; x_wconf 89' lang='lat' dir='ltr'>enim</span> <span class='ocrx_word' id='word_1_22' title='bbox 657 865 718 920; x_wconf 90' lang='lat' dir='ltr'>in</span> <span class='ocrx_word' id='word_1_23' title='bbox 744 864 942 936; x_wconf 83' lang='lat' dir='ltr'>capita</span> <span class='ocrx_word' id='word_1_24' title='bbox 1000 861 1338 925; x_wconf 85' lang='lat' dir='ltr'>hominum,</span> <span class='ocrx_word' id='word_1_25' title='bbox 1388 866 1442 914; x_wconf 92' lang='lat' dir='ltr'>et</span> <span class='ocrx_word' id='word_1_26' title='bbox 1468 856 1861 913; x_wconf 89' lang='lat' dir='ltr'>novissimum</span> 
     </span>
    </p>
   </div>
   <div class='ocr_carea' id='block_1_8' title="bbox 215 948 1866 1027">
    <p class='ocr_par' dir='ltr' id='par_1_8' title="bbox 215 948 1866 1027">
     <span class='ocr_line' id='line_1_8' title="bbox 215 948 1866 1027; baseline -0.01 -11"><span class='ocrx_word' id='word_1_27' title='bbox 215 976 415 1016; x_wconf 90' lang='lat' dir='ltr'>eorum</span> <span class='ocrx_word' id='word_1_28' title='bbox 441 959 496 1013; x_wconf 90' lang='lat' dir='ltr'>in</span> <span class='ocrx_word' id='word_1_29' title='bbox 517 956 713 1027; x_wconf 88' lang='lat' dir='ltr'>gladio</span> <span class='ocrx_word' id='word_1_30' title='bbox 747 953 1098 1010; x_wconf 86' lang='lat' dir='ltr'>interﬁciam</span> <span class='ocrx_word' id='word_1_31' title='bbox 1116 970 1133 1006; x_wconf 84' lang='lat'><em>:</em></span> <span class='ocrx_word' id='word_1_32' title='bbox 1157 967 1277 1006; x_wconf 92' lang='lat' dir='ltr'>non</span> <span class='ocrx_word' id='word_1_33' title='bbox 1295 949 1555 1017; x_wconf 89' lang='lat' dir='ltr'>eritfuga</span> <span class='ocrx_word' id='word_1_34' title='bbox 1569 948 1670 1003; x_wconf 91' lang='lat' dir='ltr'>eis.</span> <span class='ocrx_word' id='word_1_35' title='bbox 1690 949 1866 1018; x_wconf 86' lang='lat' dir='ltr'>thui</span> 
     </span>
    </p>
   </div>
   <div class='ocr_carea' id='block_1_9' title="bbox 211 1038 1866 1118">
    <p class='ocr_par' dir='ltr' id='par_1_9' title="bbox 211 1038 1866 1118">
     <span class='ocr_line' id='line_1_9' title="bbox 211 1038 1866 1118; baseline -0.009 -13"><span class='ocrx_word' id='word_1_36' title='bbox 211 1049 418 1118; x_wconf 86' lang='lat' dir='ltr'>fugerit</span> <span class='ocrx_word' id='word_1_37' title='bbox 449 1063 515 1102; x_wconf 86' lang='lat' dir='ltr'>ex</span> <span class='ocrx_word' id='word_1_38' title='bbox 542 1047 771 1113; x_wconf 90' lang='lat' dir='ltr'>eis,non</span> <span class='ocrx_word' id='word_1_39' title='bbox 799 1040 1213 1099; x_wconf 89' lang='lat' dir='ltr'>salvabitur.Si</span> <span class='ocrx_word' id='word_1_40' title='bbox 1240 1038 1656 1093; x_wconf 70' lang='lat' dir='ltr'>descenderint</span> <span class='ocrx_word' id='word_1_41' title='bbox 1678 1051 1866 1107; x_wconf 89' lang='lat' dir='ltr'>usque</span> 
     </span>
    </p>
   </div>
   <div class='ocr_carea' id='block_1_10' title="bbox 206 1125 1863 1201">
    <p class='ocr_par' dir='ltr' id='par_1_10' title="bbox 206 1125 1863 1201">
     <span class='ocr_line' id='line_1_10' title="bbox 206 1125 1863 1201; baseline -0.008 -7"><span class='ocrx_word' id='word_1_42' title='bbox 206 1138 262 1195; x_wconf 89' lang='lat' dir='ltr'>in</span> <span class='ocrx_word' id='word_1_43' title='bbox 280 1137 607 1201; x_wconf 88' lang='lat' dir='ltr'>infernum,</span> <span class='ocrx_word' id='word_1_44' title='bbox 637 1133 778 1189; x_wconf 89' lang='lat' dir='ltr'>inde</span> <span class='ocrx_word' id='word_1_45' title='bbox 802 1147 1019 1187; x_wconf 91' lang='lat' dir='ltr'>manus</span> <span class='ocrx_word' id='word_1_46' title='bbox 1051 1145 1188 1184; x_wconf 90' lang='lat' dir='ltr'>mea</span> <span class='ocrx_word' id='word_1_47' title='bbox 1216 1129 1428 1184; x_wconf 84' lang='lat' dir='ltr'>educet</span> <span class='ocrx_word' id='word_1_48' title='bbox 1458 1142 1559 1182; x_wconf 90' lang='lat' dir='ltr'>eos</span> <span class='ocrx_word' id='word_1_49' title='bbox 1583 1145 1595 1180; x_wconf 88' lang='lat'>:</span> <span class='ocrx_word' id='word_1_50' title='bbox 1618 1129 1672 1180; x_wconf 91' lang='lat' dir='ltr'>et</span> <span class='ocrx_word' id='word_1_51' title='bbox 1699 1125 1744 1179; x_wconf 89' lang='lat' dir='ltr'>si</span> <span class='ocrx_word' id='word_1_52' title='bbox 1774 1141 1863 1180; x_wconf 90' lang='lat' dir='ltr'>as-</span> 
     </span>
    </p>
   </div>
   <div class='ocr_carea' id='block_1_11' title="bbox 207 1213 1861 1295">
    <p class='ocr_par' dir='ltr' id='par_1_11' title="bbox 207 1213 1861 1295">
     <span class='ocr_line' id='line_1_11' title="bbox 207 1213 1861 1295; baseline -0.009 -13"><span class='ocrx_word' id='word_1_53' title='bbox 207 1225 508 1282; x_wconf 90' lang='lat' dir='ltr'>cenderint</span> <span class='ocrx_word' id='word_1_54' title='bbox 538 1238 727 1295; x_wconf 90' lang='lat' dir='ltr'>usque</span> <span class='ocrx_word' id='word_1_55' title='bbox 764 1221 840 1279; x_wconf 90' lang='lat' dir='ltr'>ad</span> <span class='ocrx_word' id='word_1_56' title='bbox 865 1218 1211 1285; x_wconf 81' lang='lat' dir='ltr'>ccelos,inde</span> <span class='ocrx_word' id='word_1_57' title='bbox 1251 1216 1560 1271; x_wconf 76' lang='lat' dir='ltr'>detraham</span> <span class='ocrx_word' id='word_1_58' title='bbox 1592 1215 1794 1269; x_wconf 84' lang='lat' dir='ltr'>eos.Et</span> <span class='ocrx_word' id='word_1_59' title='bbox 1815 1213 1861 1267; x_wconf 88' lang='lat' dir='ltr'><strong>si</strong></span> 
     </span>
    </p>
   </div>
   <div class='ocr_carea' id='block_1_12' title="bbox 210 1303 1861 1373">
    <p class='ocr_par' dir='ltr' id='par_1_12' title="bbox 210 1303 1861 1373">
     <span class='ocr_line' id='line_1_12' title="bbox 210 1303 1861 1373; baseline -0.01 -1"><span class='ocrx_word' id='word_1_60' title='bbox 210 1312 548 1373; x_wconf 88' lang='lat' dir='ltr'>absconditi</span> <span class='ocrx_word' id='word_1_61' title='bbox 577 1310 871 1367; x_wconf 89' lang='lat' dir='ltr'>fuerintin</span> <span class='ocrx_word' id='word_1_62' title='bbox 891 1305 1171 1364; x_wconf 77' lang='lat' dir='ltr'>verticem</span> <span class='ocrx_word' id='word_1_63' title='bbox 1216 1304 1487 1372; x_wconf 80' lang='lat' dir='ltr'>Carmeli,</span> <span class='ocrx_word' id='word_1_64' title='bbox 1528 1303 1664 1357; x_wconf 90' lang='lat' dir='ltr'>inde</span> <span class='ocrx_word' id='word_1_65' title='bbox 1701 1318 1861 1357; x_wconf 91' lang='lat' dir='ltr'>scru-</span> 
     </span>
    </p>
   </div>
   <div class='ocr_carea' id='block_1_13' title="bbox 212 1390 1863 1461">
    <p class='ocr_par' dir='ltr' id='par_1_13' title="bbox 212 1390 1863 1461">
     <span class='ocr_line' id='line_1_13' title="bbox 212 1390 1863 1461; baseline -0.009 -1"><span class='ocrx_word' id='word_1_66' title='bbox 212 1409 335 1461; x_wconf 86' lang='lat' dir='ltr'>tans</span> <span class='ocrx_word' id='word_1_67' title='bbox 355 1402 632 1458; x_wconf 79' lang='lat' dir='ltr'>auferam</span> <span class='ocrx_word' id='word_1_68' title='bbox 657 1416 759 1456; x_wconf 90' lang='lat' dir='ltr'>eos</span> <span class='ocrx_word' id='word_1_69' title='bbox 783 1417 794 1454; x_wconf 89' lang='lat'>:</span> <span class='ocrx_word' id='word_1_70' title='bbox 819 1403 874 1454; x_wconf 90' lang='lat' dir='ltr'>et</span> <span class='ocrx_word' id='word_1_71' title='bbox 893 1398 938 1452; x_wconf 92' lang='lat' dir='ltr'>si</span> <span class='ocrx_word' id='word_1_72' title='bbox 967 1396 1287 1451; x_wconf 91' lang='lat' dir='ltr'>celaverint</span> <span class='ocrx_word' id='word_1_73' title='bbox 1308 1409 1368 1448; x_wconf 90' lang='lat' dir='ltr'>se</span> <span class='ocrx_word' id='word_1_74' title='bbox 1400 1391 1476 1447; x_wconf 90' lang='lat' dir='ltr'>ab</span> <span class='ocrx_word' id='word_1_75' title='bbox 1494 1392 1676 1448; x_wconf 90' lang='lat' dir='ltr'>oculis</span> <span class='ocrx_word' id='word_1_76' title='bbox 1717 1390 1863 1446; x_wconf 90' lang='lat' dir='ltr'>meis</span> 
     </span>
    </p>
   </div>
   <div class='ocr_carea' id='block_1_14' title="bbox 205 1480 1865 1565">
    <p class='ocr_par' dir='ltr' id='par_1_14' title="bbox 205 1480 1865 1565">
     <span class='ocr_line' id='line_1_14' title="bbox 205 1480 1865 1565; baseline -0.008 -17"><span class='ocrx_word' id='word_1_77' title='bbox 205 1493 262 1549; x_wconf 90' lang='lat' dir='ltr'>in</span> <span class='ocrx_word' id='word_1_78' title='bbox 289 1490 677 1565; x_wconf 90' lang='lat' dir='ltr'>profundum</span> <span class='ocrx_word' id='word_1_79' title='bbox 697 1485 987 1552; x_wconf 88' lang='lat' dir='ltr'>maris,ibi</span> <span class='ocrx_word' id='word_1_80' title='bbox 1015 1482 1324 1539; x_wconf 87' lang='lat' dir='ltr'>mandabo</span> <span class='ocrx_word' id='word_1_81' title='bbox 1344 1480 1625 1553; x_wconf 81' lang='lat' dir='ltr'>serpenti,</span> <span class='ocrx_word' id='word_1_82' title='bbox 1640 1487 1696 1536; x_wconf 92' lang='lat' dir='ltr'>et</span> <span class='ocrx_word' id='word_1_83' title='bbox 1711 1495 1865 1535; x_wconf 90' lang='lat' dir='ltr'>mor-</span> 
     </span>
    </p>
   </div>
   <div class='ocr_carea' id='block_1_15' title="bbox 208 1568 1868 1644">
    <p class='ocr_par' dir='ltr' id='par_1_15' title="bbox 208 1568 1868 1644">
     <span class='ocr_line' id='line_1_15' title="bbox 208 1568 1868 1644; baseline -0.009 -6"><span class='ocrx_word' id='word_1_84' title='bbox 208 1583 369 1638; x_wconf 89' lang='lat' dir='ltr'>debit</span> <span class='ocrx_word' id='word_1_85' title='bbox 393 1596 520 1636; x_wconf 91' lang='lat' dir='ltr'>eos.</span> <span class='ocrx_word' id='word_1_86' title='bbox 551 1581 611 1634; x_wconf 83' lang='lat' dir='ltr'>Et</span> <span class='ocrx_word' id='word_1_87' title='bbox 643 1578 689 1632; x_wconf 91' lang='lat' dir='ltr'>si</span> <span class='ocrx_word' id='word_1_88' title='bbox 704 1576 978 1633; x_wconf 91' lang='lat' dir='ltr'>abierunt</span> <span class='ocrx_word' id='word_1_89' title='bbox 1007 1575 1068 1629; x_wconf 92' lang='lat' dir='ltr'>in</span> <span class='ocrx_word' id='word_1_90' title='bbox 1100 1571 1436 1644; x_wconf 80' lang='lat' dir='ltr'>captivitate</span> <span class='ocrx_word' id='word_1_91' title='bbox 1457 1568 1868 1627; x_wconf 88' lang='lat' dir='ltr'>coraminimi-</span> 
     </span>
    </p>
   </div>
   <div class='ocr_carea' id='block_1_16' title="bbox 210 1659 1871 1738">
    <p class='ocr_par' dir='ltr' id='par_1_16' title="bbox 210 1659 1871 1738">
     <span class='ocr_line' id='line_1_16' title="bbox 210 1659 1871 1738; baseline -0.008 -12"><span class='ocrx_word' id='word_1_92' title='bbox 210 1672 288 1727; x_wconf 90' lang='lat' dir='ltr'>cis</span> <span class='ocrx_word' id='word_1_93' title='bbox 309 1670 462 1738; x_wconf 89' lang='lat' dir='ltr'>suis,</span> <span class='ocrx_word' id='word_1_94' title='bbox 494 1667 578 1724; x_wconf 87' lang='lat' dir='ltr'>ibi</span> <span class='ocrx_word' id='word_1_95' title='bbox 609 1663 912 1722; x_wconf 87' lang='lat' dir='ltr'>mandabo</span> <span class='ocrx_word' id='word_1_96' title='bbox 949 1662 1241 1733; x_wconf 82' lang='lat' dir='ltr'>gladium,</span> <span class='ocrx_word' id='word_1_97' title='bbox 1291 1664 1345 1716; x_wconf 90' lang='lat' dir='ltr'>et</span> <span class='ocrx_word' id='word_1_98' title='bbox 1375 1659 1603 1715; x_wconf 84' lang='lat' dir='ltr'>occidet</span> <span class='ocrx_word' id='word_1_99' title='bbox 1648 1676 1785 1715; x_wconf 90' lang='lat' dir='ltr'>eos:</span> <span class='ocrx_word' id='word_1_100' title='bbox 1815 1661 1871 1713; x_wconf 92' lang='lat' dir='ltr'>et</span> 
     </span>
    </p>
   </div>
   <div class='ocr_carea' id='block_1_17' title="bbox 214 1746 1871 1833">
    <p class='ocr_par' dir='ltr' id='par_1_17' title="bbox 214 1746 1871 1833">
     <span class='ocr_line' id='line_1_17' title="bbox 214 1746 1871 1833; baseline -0.009 -17"><span class='ocrx_word' id='word_1_101' title='bbox 214 1775 439 1833; x_wconf 90' lang='lat' dir='ltr'>ponam</span> <span class='ocrx_word' id='word_1_102' title='bbox 471 1756 680 1813; x_wconf 84' lang='lat' dir='ltr'>oculos</span> <span class='ocrx_word' id='word_1_103' title='bbox 710 1770 878 1809; x_wconf 89' lang='lat' dir='ltr'>meos</span> <span class='ocrx_word' id='word_1_104' title='bbox 912 1767 1092 1823; x_wconf 86' lang='lat' dir='ltr'>super</span> <span class='ocrx_word' id='word_1_105' title='bbox 1114 1765 1216 1806; x_wconf 92' lang='lat' dir='ltr'>eos</span> <span class='ocrx_word' id='word_1_106' title='bbox 1240 1748 1300 1803; x_wconf 92' lang='lat' dir='ltr'>in</span> <span class='ocrx_word' id='word_1_107' title='bbox 1333 1748 1783 1812; x_wconf 89' lang='lat' dir='ltr'>malum,etnon</span> <span class='ocrx_word' id='word_1_108' title='bbox 1809 1746 1871 1801; x_wconf 91' lang='lat' dir='ltr'>in</span> 
     </span>
    </p>
   </div>
   <div class='ocr_carea' id='block_1_18' title="bbox 1367 273 2452 350">
    <p class='ocr_par' dir='ltr' id='par_1_18' title="bbox 1367 273 2452 350">
     <span class='ocr_line' id='line_1_18' title="bbox 1367 273 2452 350; baseline -0.003 -6"><span class='ocrx_word' id='word_1_109' title='bbox 1367 283 1719 344; x_wconf 86' lang='lat' dir='ltr'>DOMINICA</span> <span class='ocrx_word' id='word_1_110' title='bbox 1755 280 1805 338; x_wconf 88' lang='lat' dir='ltr'><strong>V</strong></span> <span class='ocrx_word' id='word_1_111' title='bbox 1843 273 2452 350; x_wconf 62' lang='lat' dir='ltr'>QUADRAGESIMIE.</span> 
     </span>
    </p>
   </div>
   <div class='ocr_carea' id='block_1_19' title="bbox 1887 405 3608 481">
    <p class='ocr_par' dir='ltr' id='par_1_19' title="bbox 1887 405 3608 481">
     <span class='ocr_line' id='line_1_19' title="bbox 1887 405 3608 481; baseline 0.006 -19"><span class='ocrx_word' id='word_1_112' title='bbox 1887 405 1934 462; x_wconf 83' lang='lat' dir='ltr'><strong>A</strong></span> <span class='ocrx_word' id='word_1_113' title='bbox 2034 407 2545 480; x_wconf 79' lang='lat' dir='ltr'>0ratio.Gloriose,</span> <span class='ocrx_word' id='word_1_114' title='bbox 2563 409 2794 480; x_wconf 89' lang='lat' dir='ltr'>potens,</span> <span class='ocrx_word' id='word_1_115' title='bbox 2827 422 2896 464; x_wconf 88' lang='lat' dir='ltr'>ac</span> <span class='ocrx_word' id='word_1_116' title='bbox 2918 409 3251 469; x_wconf 86' lang='lat' dir='ltr'>misericors</span> <span class='ocrx_word' id='word_1_117' title='bbox 3265 415 3438 481; x_wconf 90' lang='lat' dir='ltr'>Deus,</span> <span class='ocrx_word' id='word_1_118' title='bbox 3468 430 3608 473; x_wconf 89' lang='lat' dir='ltr'>erue</span> 
     </span>
    </p>
   </div>
   <div class='ocr_carea' id='block_1_20' title="bbox 1962 496 3610 567">
    <p class='ocr_par' dir='ltr' id='par_1_20' title="bbox 1962 496 3610 567">
     <span class='ocr_line' id='line_1_20' title="bbox 1962 496 3610 567; baseline 0.007 -16"><span class='ocrx_word' id='word_1_119' title='bbox 1962 511 2072 551; x_wconf 91' lang='lat' dir='ltr'>nos</span> <span class='ocrx_word' id='word_1_120' title='bbox 2103 497 2179 553; x_wconf 91' lang='lat' dir='ltr'>ab</span> <span class='ocrx_word' id='word_1_121' title='bbox 2205 497 2433 554; x_wconf 89' lang='lat' dir='ltr'>insidiis</span> <span class='ocrx_word' id='word_1_122' title='bbox 2463 496 2690 553; x_wconf 90' lang='lat' dir='ltr'>inimici</span> <span class='ocrx_word' id='word_1_123' title='bbox 2717 517 2729 567; x_wconf 92' lang='lat'><strong>;</strong></span> <span class='ocrx_word' id='word_1_124' title='bbox 2753 500 2826 561; x_wconf 89' lang='lat' dir='ltr'>et,</span> <span class='ocrx_word' id='word_1_125' title='bbox 2859 513 2934 553; x_wconf 88' lang='lat' dir='ltr'>ne</span> <span class='ocrx_word' id='word_1_126' title='bbox 2959 498 3163 556; x_wconf 91' lang='lat' dir='ltr'>anima</span> <span class='ocrx_word' id='word_1_127' title='bbox 3213 508 3417 560; x_wconf 90' lang='lat' dir='ltr'>nostra</span> <span class='ocrx_word' id='word_1_128' title='bbox 3455 520 3491 560; x_wconf 92' lang='lat' dir='ltr'>a</span> <span class='ocrx_word' id='word_1_129' title='bbox 3513 521 3610 562; x_wconf 91' lang='lat' dir='ltr'>ru-</span> 
     </span>
    </p>
   </div>
   <div class='ocr_carea' id='block_1_21' title="bbox 1966 585 3608 661">
    <p class='ocr_par' dir='ltr' id='par_1_21' title="bbox 1966 585 3608 661">
     <span class='ocr_line' id='line_1_21' title="bbox 1966 585 3608 661; baseline 0.008 -23"><span class='ocrx_word' id='word_1_130' title='bbox 1966 585 2178 654; x_wconf 89' lang='lat' dir='ltr'>gientis</span> <span class='ocrx_word' id='word_1_131' title='bbox 2204 585 2392 642; x_wconf 89' lang='lat' dir='ltr'>leonis</span> <span class='ocrx_word' id='word_1_132' title='bbox 2415 592 2586 660; x_wconf 89' lang='lat' dir='ltr'>raptu</span> <span class='ocrx_word' id='word_1_133' title='bbox 2613 586 2824 660; x_wconf 90' lang='lat' dir='ltr'>rapido</span> <span class='ocrx_word' id='word_1_134' title='bbox 2844 587 3129 658; x_wconf 86' lang='lat' dir='ltr'>rapiatur,</span> <span class='ocrx_word' id='word_1_135' title='bbox 3161 594 3445 661; x_wconf 90' lang='lat' dir='ltr'>protectio</span> <span class='ocrx_word' id='word_1_136' title='bbox 3471 594 3608 651; x_wconf 89' lang='lat' dir='ltr'>dex-</span> 
     </span>
    </p>
   </div>
   <div class='ocr_carea' id='block_1_22' title="bbox 1969 677 3612 749">
    <p class='ocr_par' dir='ltr' id='par_1_22' title="bbox 1969 677 3612 749">
     <span class='ocr_line' id='line_1_22' title="bbox 1969 677 3612 749; baseline 0.007 -20"><span class='ocrx_word' id='word_1_137' title='bbox 1969 679 2103 730; x_wconf 64' lang='lat' dir='ltr'>terae</span> <span class='ocrx_word' id='word_1_138' title='bbox 2134 680 2249 732; x_wconf 78' lang='lat' dir='ltr'>tuae</span> <span class='ocrx_word' id='word_1_139' title='bbox 2274 677 2333 731; x_wconf 89' lang='lat' dir='ltr'>in</span> <span class='ocrx_word' id='word_1_140' title='bbox 2366 678 2548 732; x_wconf 87' lang='lat' dir='ltr'>nostri</span> <span class='ocrx_word' id='word_1_141' title='bbox 2592 677 2925 732; x_wconf 87' lang='lat' dir='ltr'>custodiam</span> <span class='ocrx_word' id='word_1_142' title='bbox 2983 677 3326 749; x_wconf 85' lang='lat' dir='ltr'>deputetur:</span> <span class='ocrx_word' id='word_1_143' title='bbox 3367 698 3443 738; x_wconf 92' lang='lat' dir='ltr'>ne</span> <span class='ocrx_word' id='word_1_144' title='bbox 3466 684 3612 740; x_wconf 90' lang='lat' dir='ltr'>dum</span> 
     </span>
    </p>
   </div>
   <div class='ocr_carea' id='block_1_23' title="bbox 1969 764 3612 837">
    <p class='ocr_par' dir='ltr' id='par_1_23' title="bbox 1969 764 3612 837">
     <span class='ocr_line' id='line_1_23' title="bbox 1969 764 3612 837; baseline 0.005 -19"><span class='ocrx_word' id='word_1_145' title='bbox 1969 778 2090 819; x_wconf 92' lang='lat' dir='ltr'>non</span> <span class='ocrx_word' id='word_1_146' title='bbox 2123 769 2208 819; x_wconf 92' lang='lat' dir='ltr'>est</span> <span class='ocrx_word' id='word_1_147' title='bbox 2237 765 2339 837; x_wconf 93' lang='lat' dir='ltr'>qui</span> <span class='ocrx_word' id='word_1_148' title='bbox 2358 764 2629 829; x_wconf 86' lang='lat' dir='ltr'>redimat,</span> <span class='ocrx_word' id='word_1_149' title='bbox 2649 764 2741 820; x_wconf 93' lang='lat' dir='ltr'>ille</span> <span class='ocrx_word' id='word_1_150' title='bbox 2769 781 2962 820; x_wconf 77' lang='lat' dir='ltr'>saevus</span> <span class='ocrx_word' id='word_1_151' title='bbox 2992 766 3386 837; x_wconf 89' lang='lat' dir='ltr'>occidat:aut,</span> <span class='ocrx_word' id='word_1_152' title='bbox 3421 771 3470 824; x_wconf 87' lang='lat' dir='ltr'>si</span> <span class='ocrx_word' id='word_1_153' title='bbox 3490 787 3612 827; x_wconf 89' lang='lat' dir='ltr'>non</span> 
     </span>
    </p>
   </div>
   <div class='ocr_carea' id='block_1_24' title="bbox 1972 852 3616 924">
    <p class='ocr_par' dir='ltr' id='par_1_24' title="bbox 1972 852 3616 924">
     <span class='ocr_line' id='line_1_24' title="bbox 1972 852 3616 924; baseline 0.004 -17"><span class='ocrx_word' id='word_1_154' title='bbox 1972 858 2059 908; x_wconf 91' lang='lat' dir='ltr'>est</span> <span class='ocrx_word' id='word_1_155' title='bbox 2087 853 2190 924; x_wconf 89' lang='lat' dir='ltr'>qui</span> <span class='ocrx_word' id='word_1_156' title='bbox 2221 854 2453 910; x_wconf 90' lang='lat' dir='ltr'>salvum</span> <span class='ocrx_word' id='word_1_157' title='bbox 2481 854 2674 918; x_wconf 88' lang='lat' dir='ltr'>faciat,</span> <span class='ocrx_word' id='word_1_158' title='bbox 2707 852 2802 910; x_wconf 91' lang='lat' dir='ltr'>ille</span> <span class='ocrx_word' id='word_1_159' title='bbox 2826 855 3156 911; x_wconf 79' lang='lat' dir='ltr'>subvertet.</span> <span class='ocrx_word' id='word_1_160' title='bbox 3177 857 3286 912; x_wconf 91' lang='lat' dir='ltr'>Sed</span> <span class='ocrx_word' id='word_1_161' title='bbox 3318 862 3378 912; x_wconf 87' lang='lat' dir='ltr'>tu</span> <span class='ocrx_word' id='word_1_162' title='bbox 3404 861 3513 913; x_wconf 87' lang='lat' dir='ltr'>Leo</span> <span class='ocrx_word' id='word_1_163' title='bbox 3543 860 3616 914; x_wconf 88' lang='lat' dir='ltr'>de</span> 
     </span>
    </p>
   </div>
   <div class='ocr_carea' id='block_1_25' title="bbox 1974 941 3618 1016">
    <p class='ocr_par' dir='ltr' id='par_1_25' title="bbox 1974 941 3618 1016">
     <span class='ocr_line' id='line_1_25' title="bbox 1974 941 3618 1016; baseline 0.003 -20"><span class='ocrx_word' id='word_1_164' title='bbox 1974 941 2133 997; x_wconf 89' lang='lat' dir='ltr'>tribu</span> <span class='ocrx_word' id='word_1_165' title='bbox 2147 941 2300 998; x_wconf 90' lang='lat' dir='ltr'>.luda</span> <span class='ocrx_word' id='word_1_166' title='bbox 2321 942 2382 996; x_wconf 91' lang='lat' dir='ltr'>in</span> <span class='ocrx_word' id='word_1_167' title='bbox 2403 942 2490 998; x_wconf 90' lang='lat' dir='ltr'>ira</span> <span class='ocrx_word' id='word_1_168' title='bbox 2517 947 2619 998; x_wconf 88' lang='lat' dir='ltr'>tua</span> <span class='ocrx_word' id='word_1_169' title='bbox 2653 959 2905 1012; x_wconf 82' lang='lat' dir='ltr'>exurge;</span> <span class='ocrx_word' id='word_1_170' title='bbox 2931 948 2987 999; x_wconf 90' lang='lat' dir='ltr'>et</span> <span class='ocrx_word' id='word_1_171' title='bbox 3003 943 3062 998; x_wconf 93' lang='lat' dir='ltr'>in</span> <span class='ocrx_word' id='word_1_172' title='bbox 3083 945 3395 1000; x_wconf 87' lang='lat' dir='ltr'>severitate</span> <span class='ocrx_word' id='word_1_173' title='bbox 3411 946 3618 1016; x_wconf 84' lang='lat' dir='ltr'>judicii</span> 
     </span>
    </p>
   </div>
   <div class='ocr_carea' id='block_1_26' title="bbox 1973 1029 3618 1106">
    <p class='ocr_par' dir='ltr' id='par_1_26' title="bbox 1973 1029 3618 1106">
     <span class='ocr_line' id='line_1_26' title="bbox 1973 1029 3618 1106; baseline 0.004 -22"><span class='ocrx_word' id='word_1_174' title='bbox 1973 1029 2246 1086; x_wconf 90' lang='lat' dir='ltr'>insidiosi</span> <span class='ocrx_word' id='word_1_175' title='bbox 2277 1030 2463 1086; x_wconf 92' lang='lat' dir='ltr'>hostis</span> <span class='ocrx_word' id='word_1_176' title='bbox 2495 1037 2763 1086; x_wconf 85' lang='lat' dir='ltr'>catervas</span> <span class='ocrx_word' id='word_1_177' title='bbox 2786 1032 3085 1087; x_wconf 90' lang='lat' dir='ltr'>interime:</span> <span class='ocrx_word' id='word_1_178' title='bbox 3111 1049 3341 1105; x_wconf 90' lang='lat' dir='ltr'>nosque</span> <span class='ocrx_word' id='word_1_179' title='bbox 3386 1034 3446 1088; x_wconf 88' lang='lat' dir='ltr'>in</span> <span class='ocrx_word' id='word_1_180' title='bbox 3473 1051 3618 1106; x_wconf 68' lang='lat' dir='ltr'>prae-</span> 
     </span>
    </p>
   </div>
   <div class='ocr_carea' id='block_1_27' title="bbox 1973 1119 3619 1192">
    <p class='ocr_par' dir='ltr' id='par_1_27' title="bbox 1973 1119 3619 1192">
     <span class='ocr_line' id='line_1_27' title="bbox 1973 1119 3619 1192; baseline 0.004 -19"><span class='ocrx_word' id='word_1_181' title='bbox 1973 1124 2162 1190; x_wconf 91' lang='lat' dir='ltr'>cepto,</span> <span class='ocrx_word' id='word_1_182' title='bbox 2193 1120 2356 1191; x_wconf 92' lang='lat' dir='ltr'>quod</span> <span class='ocrx_word' id='word_1_183' title='bbox 2379 1119 2707 1184; x_wconf 90' lang='lat' dir='ltr'>mandasti,</span> <span class='ocrx_word' id='word_1_184' title='bbox 2734 1120 2971 1177; x_wconf 86' lang='lat' dir='ltr'>credere</span> <span class='ocrx_word' id='word_1_185' title='bbox 3004 1124 3058 1176; x_wconf 81' lang='lat' dir='ltr'>et</span> <span class='ocrx_word' id='word_1_186' title='bbox 3077 1138 3428 1192; x_wconf 87' lang='lat' dir='ltr'>permanere</span> <span class='ocrx_word' id='word_1_187' title='bbox 3483 1140 3619 1180; x_wconf 88' lang='lat' dir='ltr'>con-</span> 
     </span>
    </p>
   </div>
   <div class='ocr_carea' id='block_1_28' title="bbox 1970 1207 2130 1263">
    <p class='ocr_par' dir='ltr' id='par_1_28' title="bbox 1970 1207 2130 1263">
     <span class='ocr_line' id='line_1_28' title="bbox 1970 1207 2130 1263; baseline -0.006 -1"><span class='ocrx_word' id='word_1_188' title='bbox 1970 1207 2130 1263; x_wconf 89' lang='lat' dir='ltr'>cede.</span> 
     </span>
    </p>
   </div>
   <div class='ocr_carea' id='block_1_29' title="bbox 3500 290 3605 346">
    <p class='ocr_par' dir='ltr' id='par_1_29' title="bbox 3500 290 3605 346">
     <span class='ocr_line' id='line_1_29' title="bbox 3500 290 3605 346; baseline 0.029 -3"><span class='ocrx_word' id='word_1_189' title='bbox 3500 290 3605 346; x_wconf 74' lang='lat' dir='ltr'>5M</span> 
     </span>
    </p>
   </div>
   <div class='ocr_carea' id='block_1_30' title="bbox 2041 1296 2461 1354">
    <p class='ocr_par' dir='ltr' id='par_1_30' title="bbox 2041 1296 2461 1354">
     <span class='ocr_line' id='line_1_30' title="bbox 2041 1296 2461 1354; baseline 0.005 -5"><span class='ocrx_word' id='word_1_190' title='bbox 2041 1296 2215 1354; x_wconf 85' lang='lat' dir='ltr'>Pater</span> <span class='ocrx_word' id='word_1_191' title='bbox 2242 1301 2461 1353; x_wconf 91' lang='lat' dir='ltr'>noster.</span> 
     </span>
    </p>
   </div>
   <div class='ocr_carea' id='block_1_31' title="bbox 2607 1384 2978 1442">
    <p class='ocr_par' dir='ltr' id='par_1_31' title="bbox 2607 1384 2978 1442">
     <span class='ocr_line' id='line_1_31' title="bbox 2607 1384 2978 1442; baseline 0.008 -3"><span class='ocrx_word' id='word_1_192' title='bbox 2607 1384 2700 1439; x_wconf 83' lang='lat' dir='ltr'>Ad</span> <span class='ocrx_word' id='word_1_193' title='bbox 2723 1385 2978 1442; x_wconf 84' lang='lat' dir='ltr'>Nonam.</span> 
     </span>
    </p>
   </div>
   <div class='ocr_carea' id='block_1_32' title="bbox 2209 1474 3376 1546">
    <p class='ocr_par' dir='ltr' id='par_1_32' title="bbox 2209 1474 3376 1546">
     <span class='ocr_line' id='line_1_32' title="bbox 2209 1474 3376 1546; baseline 0.004 -18"><span class='ocrx_word' id='word_1_194' title='bbox 2209 1474 2614 1530; x_wconf 77' lang='lat' dir='ltr'>Ecclesiastici</span> <span class='ocrx_word' id='word_1_195' title='bbox 2642 1474 2977 1531; x_wconf 84' lang='lat' dir='ltr'>Salomonis</span> <span class='ocrx_word' id='word_1_196' title='bbox 3021 1474 3184 1546; x_wconf 83' lang='lat' dir='ltr'>(Cap.</span> <span class='ocrx_word' id='word_1_197' title='bbox 3214 1476 3376 1546; x_wconf 78' lang='lat' dir='ltr'>xxu).</span> 
     </span>
    </p>
   </div>
   <div class='ocr_carea' id='block_1_33' title="bbox 2049 1562 2536 1632">
    <p class='ocr_par' dir='ltr' id='par_1_33' title="bbox 2049 1562 2536 1632">
     <span class='ocr_line' id='line_1_33' title="bbox 2049 1562 2536 1632; baseline 0.002 -16"><span class='ocrx_word' id='word_1_198' title='bbox 2049 1573 2110 1632; x_wconf 70' lang='grc' dir='ltr'>Βι.</span> <span class='ocrx_word' id='word_1_199' title='bbox 2147 1564 2265 1618; x_wconf 92' lang='lat' dir='ltr'>Deo</span> <span class='ocrx_word' id='word_1_200' title='bbox 2296 1562 2536 1632; x_wconf 86' lang='lat' dir='ltr'>gratias.</span> 
     </span>
    </p>
   </div>
   <div class='ocr_carea' id='block_1_34' title="bbox 2053 1649 3622 1722">
    <p class='ocr_par' dir='ltr' id='par_1_34' title="bbox 2053 1649 3622 1722">
     <span class='ocr_line' id='line_1_34' title="bbox 2053 1649 3622 1722; baseline 0.002 -17"><span class='ocrx_word' id='word_1_201' title='bbox 2053 1651 2365 1722; x_wconf 86' lang='lat' dir='ltr'>Fili,supra</span> <span class='ocrx_word' id='word_1_202' title='bbox 2385 1657 2690 1707; x_wconf 91' lang='lat' dir='ltr'>mortuum</span> <span class='ocrx_word' id='word_1_203' title='bbox 2710 1649 2896 1722; x_wconf 88' lang='lat' dir='ltr'>plora,</span> <span class='ocrx_word' id='word_1_204' title='bbox 2923 1650 3294 1708; x_wconf 86' lang='lat' dir='ltr'>deticitenim</span> <span class='ocrx_word' id='word_1_205' title='bbox 3334 1651 3434 1707; x_wconf 87' lang='lat' dir='ltr'>lux</span> <span class='ocrx_word' id='word_1_206' title='bbox 3449 1652 3575 1722; x_wconf 89' lang='lat' dir='ltr'>ejus</span> <span class='ocrx_word' id='word_1_207' title='bbox 3608 1669 3622 1708; x_wconf 86' lang='lat'><strong>:</strong></span> 
     </span>
    </p>
   </div>
   <div class='ocr_carea' id='block_1_35' title="bbox 1980 1739 3629 1811">
    <p class='ocr_par' dir='ltr' id='par_1_35' title="bbox 1980 1739 3629 1811">
     <span class='ocr_line' id='line_1_35' title="bbox 1980 1739 3629 1811; baseline 0 -15"><span class='ocrx_word' id='word_1_208' title='bbox 1980 1745 2035 1796; x_wconf 91' lang='lat' dir='ltr'>et</span> <span class='ocrx_word' id='word_1_209' title='bbox 2062 1756 2244 1811; x_wconf 79' lang='lat' dir='ltr'>supra</span> <span class='ocrx_word' id='word_1_210' title='bbox 2265 1739 2495 1795; x_wconf 92' lang='lat' dir='ltr'>fatuum</span> <span class='ocrx_word' id='word_1_211' title='bbox 2508 1740 2899 1811; x_wconf 85' lang='lat' dir='ltr'>plora,deﬁcit</span> <span class='ocrx_word' id='word_1_212' title='bbox 2916 1741 3076 1796; x_wconf 90' lang='lat' dir='ltr'>enim</span> <span class='ocrx_word' id='word_1_213' title='bbox 3098 1741 3629 1796; x_wconf 85' lang='lat' dir='ltr'>sensus.Modicum</span> 
     </span>
    </p>
   </div>
   <div class='ocr_carea' id='block_1_36' title="bbox 217 1828 3628 1921">
    <p class='ocr_par' dir='ltr' id='par_1_36' title="bbox 217 1828 3628 1921">
     <span class='ocr_line' id='line_1_36' title="bbox 217 1828 3628 1921; baseline -0.006 -17"><span class='ocrx_word' id='word_1_214' title='bbox 217 1828 543 1904; x_wconf 77' lang='lat' dir='ltr'>bonumEt</span> <span class='ocrx_word' id='word_1_215' title='bbox 574 1844 863 1900; x_wconf 87' lang='lat' dir='ltr'>Dominus</span> <span class='ocrx_word' id='word_1_216' title='bbox 881 1841 984 1914; x_wconf 89' lang='lat' dir='ltr'>qui</span> <span class='ocrx_word' id='word_1_217' title='bbox 1011 1840 1198 1910; x_wconf 88' lang='lat' dir='ltr'>tangit</span> <span class='ocrx_word' id='word_1_218' title='bbox 1221 1844 1455 1907; x_wconf 89' lang='lat' dir='ltr'>terram,</span> <span class='ocrx_word' id='word_1_219' title='bbox 1487 1842 1543 1893; x_wconf 91' lang='lat' dir='ltr'>et</span> <span class='ocrx_word' id='word_1_220' title='bbox 1593 1836 1870 1893; x_wconf 89' lang='lat' dir='ltr'>tabescit:</span> <span class='ocrx_word' id='word_1_221' title='bbox 1916 1869 1953 1921; x_wconf 73' lang='grc' dir='ltr'>Β</span> <span class='ocrx_word' id='word_1_222' title='bbox 1983 1829 2152 1921; x_wconf 78' lang='lat' dir='ltr'>plora</span> <span class='ocrx_word' id='word_1_223' title='bbox 2171 1844 2350 1921; x_wconf 85' lang='lat' dir='ltr'>super</span> <span class='ocrx_word' id='word_1_224' title='bbox 2366 1833 2690 1892; x_wconf 91' lang='lat' dir='ltr'>mortuum,</span> <span class='ocrx_word' id='word_1_225' title='bbox 2715 1828 3004 1900; x_wconf 87' lang='lat' dir='ltr'>quoniam</span> <span class='ocrx_word' id='word_1_226' title='bbox 3024 1829 3334 1901; x_wconf 77' lang='lat' dir='ltr'>requievit.</span> <span class='ocrx_word' id='word_1_227' title='bbox 3377 1830 3628 1901; x_wconf 84' lang='lat' dir='ltr'>Nequis-</span> 
     </span>
    </p>
   </div>
   <div class='ocr_carea' id='block_1_37' title="bbox 222 1925 1878 2007">
    <p class='ocr_par' dir='ltr' id='par_1_37' title="bbox 222 1925 1878 2007">
     <span class='ocr_line' id='line_1_37' title="bbox 222 1925 1878 2007; baseline -0.007 -16"><span class='ocrx_word' id='word_1_228' title='bbox 222 1935 511 2007; x_wconf 87' lang='lat' dir='ltr'>lugebunt</span> <span class='ocrx_word' id='word_1_229' title='bbox 531 1948 745 1989; x_wconf 93' lang='lat' dir='ltr'>omnes</span> <span class='ocrx_word' id='word_1_230' title='bbox 764 1929 1166 1986; x_wconf 88' lang='lat' dir='ltr'>inhabitantes</span> <span class='ocrx_word' id='word_1_231' title='bbox 1188 1929 1248 1983; x_wconf 92' lang='lat' dir='ltr'>in</span> <span class='ocrx_word' id='word_1_232' title='bbox 1279 1944 1349 1983; x_wconf 90' lang='lat' dir='ltr'>ea</span> <span class='ocrx_word' id='word_1_233' title='bbox 1377 1927 1756 1983; x_wconf 91' lang='lat' dir='ltr'>:etascendet</span> <span class='ocrx_word' id='word_1_234' title='bbox 1806 1925 1878 1980; x_wconf 86' lang='lat' dir='ltr'>si-</span> 
     </span>
    </p>
   </div>
   <div class='ocr_carea' id='block_1_38' title="bbox 219 2014 1881 2094">
    <p class='ocr_par' dir='ltr' id='par_1_38' title="bbox 219 2014 1881 2094">
     <span class='ocr_line' id='line_1_38' title="bbox 219 2014 1881 2094; baseline -0.005 -14"><span class='ocrx_word' id='word_1_235' title='bbox 219 2030 319 2081; x_wconf 88' lang='lat' dir='ltr'>cut</span> <span class='ocrx_word' id='word_1_236' title='bbox 343 2020 838 2094; x_wconf 44' lang='lat' dir='ltr'>annis,et.deﬂuet</span> <span class='ocrx_word' id='word_1_237' title='bbox 861 2019 1008 2074; x_wconf 88' lang='lat' dir='ltr'>sicut</span> <span class='ocrx_word' id='word_1_238' title='bbox 1031 2018 1194 2072; x_wconf 86' lang='lat' dir='ltr'>rivus</span> <span class='ocrx_word' id='word_1_239' title='bbox 1218 2016 1473 2087; x_wconf 73' lang='lat' dir='ltr'>1Egypti.</span> <span class='ocrx_word' id='word_1_240' title='bbox 1496 2015 1606 2081; x_wconf 89' lang='lat' dir='ltr'>Qui</span> <span class='ocrx_word' id='word_1_241' title='bbox 1623 2014 1881 2072; x_wconf 53' lang='lat' dir='ltr'>aediﬁcat</span> 
     </span>
    </p>
   </div>
   <div class='ocr_carea' id='block_1_39' title="bbox 223 2103 1881 2172">
    <p class='ocr_par' dir='ltr' id='par_1_39' title="bbox 223 2103 1881 2172">
     <span class='ocr_line' id='line_1_39' title="bbox 223 2103 1881 2172; baseline -0.005 -3"><span class='ocrx_word' id='word_1_242' title='bbox 223 2113 282 2169; x_wconf 90' lang='lat' dir='ltr'>in</span> <span class='ocrx_word' id='word_1_243' title='bbox 312 2110 469 2168; x_wconf 52' lang='lat' dir='ltr'>caelo</span> <span class='ocrx_word' id='word_1_244' title='bbox 503 2109 920 2166; x_wconf 88' lang='lat' dir='ltr'>ascensionem</span> <span class='ocrx_word' id='word_1_245' title='bbox 953 2123 1146 2172; x_wconf 90' lang='lat' dir='ltr'>suam,</span> <span class='ocrx_word' id='word_1_246' title='bbox 1197 2110 1253 2161; x_wconf 92' lang='lat' dir='ltr'>et</span> <span class='ocrx_word' id='word_1_247' title='bbox 1298 2103 1652 2160; x_wconf 91' lang='lat' dir='ltr'>fasciculum</span> <span class='ocrx_word' id='word_1_248' title='bbox 1703 2120 1881 2160; x_wconf 86' lang='lat' dir='ltr'>suum</span> 
     </span>
    </p>
   </div>
   <div class='ocr_carea' id='block_1_40' title="bbox 225 2193 1880 2274">
    <p class='ocr_par' dir='ltr' id='par_1_40' title="bbox 225 2193 1880 2274">
     <span class='ocr_line' id='line_1_40' title="bbox 225 2193 1880 2274; baseline -0.01 -14"><span class='ocrx_word' id='word_1_249' title='bbox 225 2203 402 2274; x_wconf 84' lang='lat'>301</span> <span class='ocrx_word' id='word_1_250' title='bbox 435 2215 618 2272; x_wconf 91' lang='lat' dir='ltr'>super</span> <span class='ocrx_word' id='word_1_251' title='bbox 641 2202 856 2253; x_wconf 90' lang='lat' dir='ltr'>terram</span> <span class='ocrx_word' id='word_1_252' title='bbox 883 2194 1184 2251; x_wconf 84' lang='lat' dir='ltr'>fundavit:</span> <span class='ocrx_word' id='word_1_253' title='bbox 1204 2193 1307 2265; x_wconf 92' lang='lat' dir='ltr'>qui</span> <span class='ocrx_word' id='word_1_254' title='bbox 1339 2197 1510 2248; x_wconf 86' lang='lat' dir='ltr'>vocat</span> <span class='ocrx_word' id='word_1_255' title='bbox 1539 2209 1729 2264; x_wconf 88' lang='lat' dir='ltr'>aquas</span> <span class='ocrx_word' id='word_1_256' title='bbox 1758 2209 1880 2249; x_wconf 85' lang='lat' dir='ltr'>ma-</span> 
     </span>
    </p>
   </div>
   <div class='ocr_carea' id='block_1_41' title="bbox 219 2281 1884 2356">
    <p class='ocr_par' dir='ltr' id='par_1_41' title="bbox 219 2281 1884 2356">
     <span class='ocr_line' id='line_1_41' title="bbox 219 2281 1884 2356; baseline -0.007 -9"><span class='ocrx_word' id='word_1_257' title='bbox 219 2293 321 2356; x_wconf 86' lang='lat' dir='ltr'>ris,</span> <span class='ocrx_word' id='word_1_258' title='bbox 349 2294 408 2346; x_wconf 92' lang='lat' dir='ltr'>et</span> <span class='ocrx_word' id='word_1_259' title='bbox 432 2286 818 2344; x_wconf 78' lang='lat' dir='ltr'>eflunditeas</span> <span class='ocrx_word' id='word_1_260' title='bbox 862 2300 1040 2356; x_wconf 90' lang='lat' dir='ltr'>super</span> <span class='ocrx_word' id='word_1_261' title='bbox 1090 2281 1301 2338; x_wconf 87' lang='lat' dir='ltr'>faciem</span> <span class='ocrx_word' id='word_1_262' title='bbox 1348 2285 1536 2352; x_wconf 65' lang='lat' dir='ltr'>terrae,</span> <span class='ocrx_word' id='word_1_263' title='bbox 1596 2281 1884 2338; x_wconf 91' lang='lat' dir='ltr'>Dominus</span> 
     </span>
    </p>
   </div>
   <div class='ocr_carea' id='block_1_42' title="bbox 220 2375 1040 2444">
    <p class='ocr_par' dir='ltr' id='par_1_42' title="bbox 220 2375 1040 2444">
     <span class='ocr_line' id='line_1_42' title="bbox 220 2375 1040 2444; baseline -0.011 -7"><span class='ocrx_word' id='word_1_264' title='bbox 220 2395 450 2437; x_wconf 88' lang='lat' dir='ltr'>nomen</span> <span class='ocrx_word' id='word_1_265' title='bbox 481 2375 688 2433; x_wconf 87' lang='lat' dir='ltr'>estilli.</span> <span class='ocrx_word' id='word_1_266' title='bbox 725 2387 787 2444; x_wconf 60' lang='lat' dir='ltr'>Ri.</span> <span class='ocrx_word' id='word_1_267' title='bbox 833 2379 1040 2430; x_wconf 86' lang='lat' dir='ltr'>Amen.</span> 
     </span>
    </p>
   </div>
   <div class='ocr_carea' id='block_1_43' title="bbox 289 2458 1888 2539">
    <p class='ocr_par' dir='ltr' id='par_1_43' title="bbox 289 2458 1888 2539">
     <span class='ocr_line' id='line_1_43' title="bbox 289 2458 1888 2539; baseline -0.008 -13"><span class='ocrx_word' id='word_1_268' title='bbox 289 2467 652 2539; x_wconf 78' lang='lat' dir='ltr'>Antipho-na</span> <span class='ocrx_word' id='word_1_269' title='bbox 672 2469 688 2522; x_wconf 79' lang='lat' dir='ltr'>t</span> <span class='ocrx_word' id='word_1_270' title='bbox 707 2508 717 2517; x_wconf 96' lang='lat'>.</span> <span class='ocrx_word' id='word_1_271' title='bbox 739 2468 865 2521; x_wconf 77' lang='lat' dir='ltr'>Non</span> <span class='ocrx_word' id='word_1_272' title='bbox 884 2463 1080 2519; x_wconf 83' lang='lat' dir='ltr'>veniat</span> <span class='ocrx_word' id='word_1_273' title='bbox 1110 2461 1255 2516; x_wconf 90' lang='lat' dir='ltr'>mihi</span> <span class='ocrx_word' id='word_1_274' title='bbox 1282 2458 1531 2515; x_wconf 89' lang='lat' dir='ltr'>Domine</span> <span class='ocrx_word' id='word_1_275' title='bbox 1554 2476 1662 2532; x_wconf 90' lang='lat' dir='ltr'>pes</span> <span class='ocrx_word' id='word_1_276' title='bbox 1684 2475 1888 2531; x_wconf 91' lang='lat' dir='ltr'>super-</span> 
     </span>
    </p>
   </div>
   <div class='ocr_carea' id='block_1_44' title="bbox 215 2546 1886 2624">
    <p class='ocr_par' dir='ltr' id='par_1_44' title="bbox 215 2546 1886 2624">
     <span class='ocr_line' id='line_1_44' title="bbox 215 2546 1886 2624; baseline -0.007 -8"><span class='ocrx_word' id='word_1_277' title='bbox 215 2556 364 2616; x_wconf 75' lang='lat' dir='ltr'>biae:</span> <span class='ocrx_word' id='word_1_278' title='bbox 393 2563 452 2613; x_wconf 92' lang='lat' dir='ltr'>et</span> <span class='ocrx_word' id='word_1_279' title='bbox 472 2552 1034 2624; x_wconf 86' lang='lat' dir='ltr'>manusimpiorum</span> <span class='ocrx_word' id='word_1_280' title='bbox 1060 2566 1178 2606; x_wconf 92' lang='lat' dir='ltr'>non</span> <span class='ocrx_word' id='word_1_281' title='bbox 1200 2553 1482 2604; x_wconf 82' lang='lat' dir='ltr'>moveant</span> <span class='ocrx_word' id='word_1_282' title='bbox 1512 2565 1626 2604; x_wconf 91' lang='lat' dir='ltr'>me.</span> <span class='ocrx_word' id='word_1_283' title='bbox 1651 2546 1714 2608; x_wconf 51' lang='grc' dir='ltr'>ἢν.</span> <span class='ocrx_word' id='word_1_284' title='bbox 1736 2549 1886 2604; x_wconf 83' lang='lat' dir='ltr'>Dixit</span> 
     </span>
    </p>
   </div>
   <div class='ocr_carea' id='block_1_45' title="bbox 217 2635 1888 2720">
    <p class='ocr_par' dir='ltr' id='par_1_45' title="bbox 217 2635 1888 2720">
     <span class='ocr_line' id='line_1_45' title="bbox 217 2635 1888 2720; baseline -0.008 -15"><span class='ocrx_word' id='word_1_285' title='bbox 217 2650 492 2720; x_wconf 88' lang='lat' dir='ltr'>injustus</span> <span class='ocrx_word' id='word_1_286' title='bbox 517 2650 581 2701; x_wconf 92' lang='lat' dir='ltr'>ut</span> <span class='ocrx_word' id='word_1_287' title='bbox 611 2644 919 2714; x_wconf 89' lang='lat' dir='ltr'>delinquat</span> <span class='ocrx_word' id='word_1_288' title='bbox 948 2641 1061 2696; x_wconf 91' lang='lat' dir='ltr'>sibi</span> <span class='ocrx_word' id='word_1_289' title='bbox 1085 2656 1094 2695; x_wconf 94' lang='lat'>:</span> <span class='ocrx_word' id='word_1_290' title='bbox 1117 2655 1236 2696; x_wconf 91' lang='lat' dir='ltr'>non</span> <span class='ocrx_word' id='word_1_291' title='bbox 1263 2643 1350 2694; x_wconf 91' lang='lat' dir='ltr'>est</span> <span class='ocrx_word' id='word_1_292' title='bbox 1372 2635 1545 2694; x_wconf 88' lang='lat' dir='ltr'>timor</span> <span class='ocrx_word' id='word_1_293' title='bbox 1605 2638 1702 2692; x_wconf 90' lang='lat' dir='ltr'>Dei</span> <span class='ocrx_word' id='word_1_294' title='bbox 1752 2643 1888 2693; x_wconf 87' lang='lat' dir='ltr'>ante</span> 
     </span>
    </p>
   </div>
   <div class='ocr_carea' id='block_1_46' title="bbox 222 2735 642 2806">
    <p class='ocr_par' dir='ltr' id='par_1_46' title="bbox 222 2735 642 2806">
     <span class='ocr_line' id='line_1_46' title="bbox 222 2735 642 2806; baseline -0.019 -10"><span class='ocrx_word' id='word_1_295' title='bbox 222 2738 443 2795; x_wconf 91' lang='lat' dir='ltr'>oculos</span> <span class='ocrx_word' id='word_1_296' title='bbox 483 2735 642 2806; x_wconf 83' lang='lat' dir='ltr'>ejus.</span> 
     </span>
    </p>
   </div>
   <div class='ocr_carea' id='block_1_47' title="bbox 296 2814 1889 2888">
    <p class='ocr_par' dir='ltr' id='par_1_47' title="bbox 296 2814 1889 2888">
     <span class='ocr_line' id='line_1_47' title="bbox 296 2814 1889 2888; baseline -0.009 -6"><span class='ocrx_word' id='word_1_297' title='bbox 296 2826 537 2882; x_wconf 77' lang='lat' dir='ltr'>Oratio.</span> <span class='ocrx_word' id='word_1_298' title='bbox 563 2824 690 2878; x_wconf 81' lang='lat' dir='ltr'>Non</span> <span class='ocrx_word' id='word_1_299' title='bbox 713 2819 911 2875; x_wconf 84' lang='lat' dir='ltr'>veniat</span> <span class='ocrx_word' id='word_1_300' title='bbox 943 2819 1115 2874; x_wconf 88' lang='lat' dir='ltr'>nobis</span> <span class='ocrx_word' id='word_1_301' title='bbox 1169 2832 1273 2888; x_wconf 91' lang='lat' dir='ltr'>pes</span> <span class='ocrx_word' id='word_1_302' title='bbox 1324 2814 1638 2888; x_wconf 76' lang='lat' dir='ltr'>superbiae,</span> <span class='ocrx_word' id='word_1_303' title='bbox 1694 2828 1889 2884; x_wconf 90' lang='lat' dir='ltr'>neque</span> 
     </span>
    </p>
   </div>
   <div class='ocr_carea' id='block_1_48' title="bbox 220 2901 1889 2985">
    <p class='ocr_par' dir='ltr' id='par_1_48' title="bbox 220 2901 1889 2985">
     <span class='ocr_line' id='line_1_48' title="bbox 220 2901 1889 2985; baseline -0.011 -12"><span class='ocrx_word' id='word_1_304' title='bbox 220 2931 450 2972; x_wconf 88' lang='lat' dir='ltr'>manus</span> <span class='ocrx_word' id='word_1_305' title='bbox 477 2908 811 2985; x_wconf 89' lang='lat' dir='ltr'>peccatoris</span> <span class='ocrx_word' id='word_1_306' title='bbox 841 2912 1075 2964; x_wconf 89' lang='lat' dir='ltr'>moveat</span> <span class='ocrx_word' id='word_1_307' title='bbox 1105 2921 1252 2976; x_wconf 82' lang='lat' dir='ltr'>nos;</span> <span class='ocrx_word' id='word_1_308' title='bbox 1283 2909 1347 2960; x_wconf 92' lang='lat' dir='ltr'>ut</span> <span class='ocrx_word' id='word_1_309' title='bbox 1383 2904 1483 2976; x_wconf 90' lang='lat' dir='ltr'>qui</span> <span class='ocrx_word' id='word_1_310' title='bbox 1544 2901 1889 2974; x_wconf 89' lang='lat' dir='ltr'>passionem</span> 
     </span>
    </p>
   </div>
   <div class='ocr_carea' id='block_1_49' title="bbox 217 2993 1891 3070">
    <p class='ocr_par' dir='ltr' id='par_1_49' title="bbox 217 2993 1891 3070">
     <span class='ocr_line' id='line_1_49' title="bbox 217 2993 1891 3070; baseline -0.01 -9"><span class='ocrx_word' id='word_1_311' title='bbox 217 3011 395 3060; x_wconf 90' lang='lat' dir='ltr'>tuam</span> <span class='ocrx_word' id='word_1_312' title='bbox 422 3003 780 3058; x_wconf 91' lang='lat' dir='ltr'>veneranter</span> <span class='ocrx_word' id='word_1_313' title='bbox 800 2996 1162 3070; x_wconf 90' lang='lat' dir='ltr'>accipimus;</span> <span class='ocrx_word' id='word_1_314' title='bbox 1186 2993 1450 3050; x_wconf 89' lang='lat' dir='ltr'>animam</span> <span class='ocrx_word' id='word_1_315' title='bbox 1473 2994 1740 3048; x_wconf 90' lang='lat' dir='ltr'>nostram</span> <span class='ocrx_word' id='word_1_316' title='bbox 1768 3005 1891 3046; x_wconf 91' lang='lat' dir='ltr'>non</span> 
     </span>
    </p>
   </div>
   <div class='ocr_carea' id='block_1_50' title="bbox 220 3083 1895 3166">
    <p class='ocr_par' dir='ltr' id='par_1_50' title="bbox 220 3083 1895 3166">
     <span class='ocr_line' id='line_1_50' title="bbox 220 3083 1895 3166; baseline -0.01 -16"><span class='ocrx_word' id='word_1_317' title='bbox 220 3094 303 3150; x_wconf 89' lang='lat' dir='ltr'>ad</span> <span class='ocrx_word' id='word_1_318' title='bbox 334 3107 619 3166; x_wconf 73' lang='lat' dir='ltr'>pcenam,</span> <span class='ocrx_word' id='word_1_319' title='bbox 650 3086 753 3144; x_wconf 93' lang='lat' dir='ltr'>sed</span> <span class='ocrx_word' id='word_1_320' title='bbox 777 3086 855 3143; x_wconf 91' lang='lat' dir='ltr'>ad</span> <span class='ocrx_word' id='word_1_321' title='bbox 885 3085 1072 3143; x_wconf 90' lang='lat' dir='ltr'>vitam</span> <span class='ocrx_word' id='word_1_322' title='bbox 1117 3083 1299 3140; x_wconf 86' lang='lat' dir='ltr'>facias</span> <span class='ocrx_word' id='word_1_323' title='bbox 1329 3083 1635 3154; x_wconf 88' lang='lat' dir='ltr'>pervenire</span> <span class='ocrx_word' id='word_1_324' title='bbox 1689 3094 1895 3151; x_wconf 90' lang='lat' dir='ltr'>perpe-</span> 
     </span>
    </p>
   </div>
   <div class='ocr_carea' id='block_1_51' title="bbox 221 3185 736 3242">
    <p class='ocr_par' dir='ltr' id='par_1_51' title="bbox 221 3185 736 3242">
     <span class='ocr_line' id='line_1_51' title="bbox 221 3185 736 3242; baseline -0.014 -3"><span class='ocrx_word' id='word_1_325' title='bbox 221 3189 397 3241; x_wconf 89' lang='lat' dir='ltr'>tuam</span> <span class='ocrx_word' id='word_1_326' title='bbox 430 3194 499 3242; x_wconf 68' lang='lat' dir='ltr'>Br.</span> <span class='ocrx_word' id='word_1_327' title='bbox 522 3185 736 3235; x_wconf 80' lang='lat' dir='ltr'>Amen.</span> 
     </span>
    </p>
   </div>
   <div class='ocr_carea' id='block_1_52' title="bbox 295 3257 1894 3341">
    <p class='ocr_par' dir='ltr' id='par_1_52' title="bbox 295 3257 1894 3341">
     <span class='ocr_line' id='line_1_52' title="bbox 295 3257 1894 3341; baseline -0.011 -12"><span class='ocrx_word' id='word_1_328' title='bbox 295 3271 655 3341; x_wconf 75' lang='lat' dir='ltr'>Antiphona</span> <span class='ocrx_word' id='word_1_329' title='bbox 674 3271 728 3324; x_wconf 81' lang='lat'>2.</span> <span class='ocrx_word' id='word_1_330' title='bbox 767 3267 952 3322; x_wconf 67' lang='lat' dir='ltr'>Laetus</span> <span class='ocrx_word' id='word_1_331' title='bbox 979 3264 1085 3319; x_wconf 90' lang='lat' dir='ltr'>erit</span> <span class='ocrx_word' id='word_1_332' title='bbox 1110 3263 1330 3333; x_wconf 85' lang='lat' dir='ltr'>justus,</span> <span class='ocrx_word' id='word_1_333' title='bbox 1364 3276 1502 3316; x_wconf 92' lang='lat' dir='ltr'>cum</span> <span class='ocrx_word' id='word_1_334' title='bbox 1531 3258 1737 3314; x_wconf 89' lang='lat' dir='ltr'>viderit</span> <span class='ocrx_word' id='word_1_335' title='bbox 1770 3257 1894 3313; x_wconf 87' lang='lat' dir='ltr'>vin-</span> 
     </span>
    </p>
   </div>
   <div class='ocr_carea' id='block_1_53' title="bbox 216 3347 1895 3429">
    <p class='ocr_par' dir='ltr' id='par_1_53' title="bbox 216 3347 1895 3429">
     <span class='ocr_line' id='line_1_53' title="bbox 216 3347 1895 3429; baseline -0.011 -10"><span class='ocrx_word' id='word_1_336' title='bbox 216 3362 452 3419; x_wconf 90' lang='lat' dir='ltr'>dictam</span> <span class='ocrx_word' id='word_1_337' title='bbox 472 3358 834 3429; x_wconf 87' lang='lat' dir='ltr'>impiorum:</span> <span class='ocrx_word' id='word_1_338' title='bbox 858 3369 1073 3410; x_wconf 90' lang='lat' dir='ltr'>manus</span> <span class='ocrx_word' id='word_1_339' title='bbox 1091 3368 1231 3407; x_wconf 89' lang='lat' dir='ltr'>suas</span> <span class='ocrx_word' id='word_1_340' title='bbox 1258 3349 1483 3406; x_wconf 86' lang='lat' dir='ltr'>lavabit</span> <span class='ocrx_word' id='word_1_341' title='bbox 1499 3349 1560 3404; x_wconf 91' lang='lat' dir='ltr'>in</span> <span class='ocrx_word' id='word_1_342' title='bbox 1604 3347 1895 3417; x_wconf 88' lang='lat' dir='ltr'>sanguine</span> 
     </span>
    </p>
   </div>
   <div class='ocr_carea' id='block_1_54' title="bbox 217 3436 1891 3522">
    <p class='ocr_par' dir='ltr' id='par_1_54' title="bbox 217 3436 1891 3522">
     <span class='ocr_line' id='line_1_54' title="bbox 217 3436 1891 3522; baseline -0.01 -15"><span class='ocrx_word' id='word_1_343' title='bbox 217 3455 645 3522; x_wconf 82' lang='lat' dir='ltr'>peccatorum.</span> <span class='ocrx_word' id='word_1_344' title='bbox 672 3441 712 3506; x_wconf 55' lang='grc' dir='ltr'>ἢν</span> <span class='ocrx_word' id='word_1_345' title='bbox 733 3444 788 3500; x_wconf 87' lang='lat' dir='ltr'>Si</span> <span class='ocrx_word' id='word_1_346' title='bbox 820 3458 956 3498; x_wconf 87' lang='lat' dir='ltr'>vere</span> <span class='ocrx_word' id='word_1_347' title='bbox 979 3438 1501 3512; x_wconf 87' lang='lat' dir='ltr'>utiquejustitiam</span> <span class='ocrx_word' id='word_1_348' title='bbox 1533 3436 1845 3509; x_wconf 89' lang='lat' dir='ltr'>loquimini</span> <span class='ocrx_word' id='word_1_349' title='bbox 1880 3451 1891 3490; x_wconf 92' lang='lat'>:</span> 
     </span>
    </p>
   </div>
   <div class='ocr_carea' id='block_1_55' title="bbox 214 3530 1181 3609">
    <p class='ocr_par' dir='ltr' id='par_1_55' title="bbox 214 3530 1181 3609">
     <span class='ocr_line' id='line_1_55' title="bbox 214 3530 1181 3609; baseline -0.017 -12"><span class='ocrx_word' id='word_1_350' title='bbox 214 3546 382 3596; x_wconf 81' lang='lat' dir='ltr'>recte</span> <span class='ocrx_word' id='word_1_351' title='bbox 411 3535 686 3609; x_wconf 89' lang='lat' dir='ltr'>judicate</span> <span class='ocrx_word' id='word_1_352' title='bbox 715 3533 818 3588; x_wconf 81' lang='lat' dir='ltr'>filii</span> <span class='ocrx_word' id='word_1_353' title='bbox 844 3530 1181 3587; x_wconf 89' lang='lat' dir='ltr'>hominum.</span> 
     </span>
    </p>
   </div>
   <div class='ocr_carea' id='block_1_56' title="bbox 293 3615 1894 3696">
    <p class='ocr_par' dir='ltr' id='par_1_56' title="bbox 293 3615 1894 3696">
     <span class='ocr_line' id='line_1_56' title="bbox 293 3615 1894 3696; baseline -0.009 -11"><span class='ocrx_word' id='word_1_354' title='bbox 293 3629 538 3685; x_wconf 76' lang='lat' dir='ltr'>Oratio.</span> <span class='ocrx_word' id='word_1_355' title='bbox 564 3620 954 3696; x_wconf 90' lang='lat' dir='ltr'>Sperantesin</span> <span class='ocrx_word' id='word_1_356' title='bbox 978 3625 1030 3676; x_wconf 91' lang='lat' dir='ltr'>te</span> <span class='ocrx_word' id='word_1_357' title='bbox 1053 3617 1301 3675; x_wconf 90' lang='lat' dir='ltr'>Domine</span> <span class='ocrx_word' id='word_1_358' title='bbox 1324 3633 1445 3673; x_wconf 89' lang='lat' dir='ltr'>non</span> <span class='ocrx_word' id='word_1_359' title='bbox 1460 3615 1894 3672; x_wconf 90' lang='lat' dir='ltr'>contristemur:</span> 
     </span>
    </p>
   </div>
   <div class='ocr_carea' id='block_1_57' title="bbox 220 3706 1900 3774">
    <p class='ocr_par' dir='ltr' id='par_1_57' title="bbox 220 3706 1900 3774">
     <span class='ocr_line' id='line_1_57' title="bbox 220 3706 1900 3774; baseline -0.01 0"><span class='ocrx_word' id='word_1_360' title='bbox 220 3724 284 3774; x_wconf 88' lang='lat' dir='ltr'>ut</span> <span class='ocrx_word' id='word_1_361' title='bbox 314 3734 431 3773; x_wconf 89' lang='lat' dir='ltr'>nec</span> <span class='ocrx_word' id='word_1_362' title='bbox 463 3715 738 3772; x_wconf 89' lang='lat' dir='ltr'>animam</span> <span class='ocrx_word' id='word_1_363' title='bbox 760 3715 1027 3767; x_wconf 91' lang='lat' dir='ltr'>nostram</span> <span class='ocrx_word' id='word_1_364' title='bbox 1055 3706 1392 3771; x_wconf 90' lang='lat' dir='ltr'>conturbes,</span> <span class='ocrx_word' id='word_1_365' title='bbox 1411 3722 1518 3762; x_wconf 91' lang='lat' dir='ltr'>nec</span> <span class='ocrx_word' id='word_1_366' title='bbox 1540 3722 1575 3762; x_wconf 89' lang='lat' dir='ltr'>a</span> <span class='ocrx_word' id='word_1_367' title='bbox 1606 3710 1705 3761; x_wconf 87' lang='lat' dir='ltr'>tuo</span> <span class='ocrx_word' id='word_1_368' title='bbox 1723 3719 1900 3774; x_wconf 87' lang='lat' dir='ltr'>grege</span> 
     </span>
    </p>
   </div>
   <div class='ocr_carea' id='block_1_58' title="bbox 219 3794 1904 3880">
    <p class='ocr_par' dir='ltr' id='par_1_58' title="bbox 219 3794 1904 3880">
     <span class='ocr_line' id='line_1_58' title="bbox 219 3794 1904 3880; baseline -0.011 -15"><span class='ocrx_word' id='word_1_369' title='bbox 219 3803 641 3880; x_wconf 87' lang='lat' dir='ltr'>separes:sed</span> <span class='ocrx_word' id='word_1_370' title='bbox 683 3803 990 3873; x_wconf 88' lang='lat' dir='ltr'>sperantes</span> <span class='ocrx_word' id='word_1_371' title='bbox 1045 3797 1203 3861; x_wconf 89' lang='lat' dir='ltr'>inte,</span> <span class='ocrx_word' id='word_1_372' title='bbox 1239 3795 1342 3851; x_wconf 92' lang='lat' dir='ltr'>tibi</span> <span class='ocrx_word' id='word_1_373' title='bbox 1374 3794 1787 3858; x_wconf 85' lang='lat' dir='ltr'>conﬁteamur,</span> <span class='ocrx_word' id='word_1_374' title='bbox 1848 3795 1904 3847; x_wconf 91' lang='lat' dir='ltr'>et</span> 
     </span>
    </p>
   </div>
   <div class='ocr_carea' id='block_1_59' title="bbox 223 3888 1464 3965">
    <p class='ocr_par' dir='ltr' id='par_1_59' title="bbox 223 3888 1464 3965">
     <span class='ocr_line' id='line_1_59' title="bbox 223 3888 1464 3965; baseline -0.013 -10"><span class='ocrx_word' id='word_1_375' title='bbox 223 3896 337 3955; x_wconf 88' lang='lat' dir='ltr'>tibi</span> <span class='ocrx_word' id='word_1_376' title='bbox 370 3895 555 3952; x_wconf 88' lang='lat' dir='ltr'>corde</span> <span class='ocrx_word' id='word_1_377' title='bbox 588 3907 740 3965; x_wconf 88' lang='lat' dir='ltr'>puro</span> <span class='ocrx_word' id='word_1_378' title='bbox 771 3888 1128 3962; x_wconf 89' lang='lat' dir='ltr'>psallamus.</span> <span class='ocrx_word' id='word_1_379' title='bbox 1159 3898 1221 3956; x_wconf 67' lang='grc' dir='ltr'>Β».</span> <span class='ocrx_word' id='word_1_380' title='bbox 1253 3890 1464 3941; x_wconf 82' lang='lat' dir='ltr'>Amen.</span> 
     </span>
    </p>
   </div>
   <div class='ocr_carea' id='block_1_60' title="bbox 299 3970 1904 4055">
    <p class='ocr_par' dir='ltr' id='par_1_60' title="bbox 299 3970 1904 4055">
     <span class='ocr_line' id='line_1_60' title="bbox 299 3970 1904 4055; baseline -0.011 -12"><span class='ocrx_word' id='word_1_381' title='bbox 299 3985 667 4055; x_wconf 78' lang='lat' dir='ltr'>Antiphona</span> <span class='ocrx_word' id='word_1_382' title='bbox 691 3986 740 4037; x_wconf 90' lang='lat'>3.</span> <span class='ocrx_word' id='word_1_383' title='bbox 775 3981 926 4035; x_wconf 89' lang='lat' dir='ltr'>Deus</span> <span class='ocrx_word' id='word_1_384' title='bbox 953 3993 1144 4042; x_wconf 90' lang='lat' dir='ltr'>meus,</span> <span class='ocrx_word' id='word_1_385' title='bbox 1180 3975 1419 4046; x_wconf 92' lang='lat' dir='ltr'>adjutor</span> <span class='ocrx_word' id='word_1_386' title='bbox 1446 3970 1904 4043; x_wconf 87' lang='lat' dir='ltr'>meus,sperabo</span> 
     </span>
    </p>
   </div>
   <div class='ocr_carea' id='block_1_61' title="bbox 230 4060 1910 4135">
    <p class='ocr_par' dir='ltr' id='par_1_61' title="bbox 230 4060 1910 4135">
     <span class='ocr_line' id='line_1_61' title="bbox 230 4060 1910 4135; baseline -0.011 -5"><span class='ocrx_word' id='word_1_387' title='bbox 230 4075 297 4130; x_wconf 85' lang='lat' dir='ltr'>in</span> <span class='ocrx_word' id='word_1_388' title='bbox 325 4090 499 4129; x_wconf 87' lang='lat' dir='ltr'>eum:</span> <span class='ocrx_word' id='word_1_389' title='bbox 522 4072 818 4127; x_wconf 88' lang='lat' dir='ltr'>Protector</span> <span class='ocrx_word' id='word_1_390' title='bbox 848 4082 1038 4135; x_wconf 90' lang='lat' dir='ltr'>meus,</span> <span class='ocrx_word' id='word_1_391' title='bbox 1070 4068 1126 4120; x_wconf 90' lang='lat' dir='ltr'>et</span> <span class='ocrx_word' id='word_1_392' title='bbox 1155 4078 1348 4119; x_wconf 90' lang='lat' dir='ltr'>cornu</span> <span class='ocrx_word' id='word_1_393' title='bbox 1390 4060 1594 4116; x_wconf 87' lang='lat' dir='ltr'>salutis</span> <span class='ocrx_word' id='word_1_394' title='bbox 1652 4074 1823 4124; x_wconf 81' lang='lat' dir='ltr'>meae,</span> <span class='ocrx_word' id='word_1_395' title='bbox 1851 4061 1910 4114; x_wconf 86' lang='lat' dir='ltr'>et</span> 
     </span>
    </p>
   </div>
   <div class='ocr_carea' id='block_1_62' title="bbox 234 4147 1906 4231">
    <p class='ocr_par' dir='ltr' id='par_1_62' title="bbox 234 4147 1906 4231">
     <span class='ocr_line' id='line_1_62' title="bbox 234 4147 1906 4231; baseline -0.011 -13"><span class='ocrx_word' id='word_1_396' title='bbox 234 4162 604 4231; x_wconf 80' lang='lat' dir='ltr'>Redemptor</span> <span class='ocrx_word' id='word_1_397' title='bbox 633 4154 909 4217; x_wconf 66' lang='lat' dir='ltr'>meus.v.</span> <span class='ocrx_word' id='word_1_398' title='bbox 966 4153 1269 4210; x_wconf 89' lang='lat' dir='ltr'>Liberator</span> <span class='ocrx_word' id='word_1_399' title='bbox 1307 4165 1476 4206; x_wconf 90' lang='lat' dir='ltr'>meus</span> <span class='ocrx_word' id='word_1_400' title='bbox 1529 4148 1603 4203; x_wconf 89' lang='lat' dir='ltr'>de</span> <span class='ocrx_word' id='word_1_401' title='bbox 1651 4147 1906 4202; x_wconf 90' lang='lat' dir='ltr'>inimicis</span> 
     </span>
    </p>
   </div>
   <div class='ocr_carea' id='block_1_63' title="bbox 229 4235 1907 4312">
    <p class='ocr_par' dir='ltr' id='par_1_63' title="bbox 229 4235 1907 4312">
     <span class='ocr_line' id='line_1_63' title="bbox 229 4235 1907 4312; baseline -0.01 -5"><span class='ocrx_word' id='word_1_402' title='bbox 229 4249 710 4307; x_wconf 87' lang='lat' dir='ltr'>meisiracundis</span> <span class='ocrx_word' id='word_1_403' title='bbox 733 4265 745 4302; x_wconf 90' lang='lat'><strong>:</strong></span> <span class='ocrx_word' id='word_1_404' title='bbox 770 4244 922 4301; x_wconf 89' lang='lat' dir='ltr'>Etab</span> <span class='ocrx_word' id='word_1_405' title='bbox 944 4239 1392 4312; x_wconf 86' lang='lat' dir='ltr'>insurgentibus</span> <span class='ocrx_word' id='word_1_406' title='bbox 1412 4235 1473 4294; x_wconf 90' lang='lat' dir='ltr'>in</span> <span class='ocrx_word' id='word_1_407' title='bbox 1495 4253 1591 4293; x_wconf 91' lang='lat' dir='ltr'>me</span> <span class='ocrx_word' id='word_1_408' title='bbox 1608 4236 1907 4293; x_wconf 85' lang='lat' dir='ltr'>exaltabis</span> 
     </span>
    </p>
   </div>
   <div class='ocr_carea' id='block_1_64' title="bbox 226 4332 1222 4407">
    <p class='ocr_par' dir='ltr' id='par_1_64' title="bbox 226 4332 1222 4407">
     <span class='ocr_line' id='line_1_64' title="bbox 226 4332 1222 4407; baseline -0.014 -9"><span class='ocrx_word' id='word_1_409' title='bbox 226 4357 339 4398; x_wconf 88' lang='lat' dir='ltr'>me</span> <span class='ocrx_word' id='word_1_410' title='bbox 365 4356 378 4396; x_wconf 92' lang='lat'>:</span> <span class='ocrx_word' id='word_1_411' title='bbox 409 4356 445 4396; x_wconf 91' lang='lat' dir='ltr'>a</span> <span class='ocrx_word' id='word_1_412' title='bbox 475 4339 599 4394; x_wconf 90' lang='lat' dir='ltr'>viro</span> <span class='ocrx_word' id='word_1_413' title='bbox 626 4336 838 4407; x_wconf 91' lang='lat' dir='ltr'>iniquo</span> <span class='ocrx_word' id='word_1_414' title='bbox 863 4332 1077 4404; x_wconf 88' lang='lat' dir='ltr'>eripies</span> <span class='ocrx_word' id='word_1_415' title='bbox 1106 4347 1222 4386; x_wconf 88' lang='lat' dir='ltr'>me.</span> 
     </span>
    </p>
   </div>
   <div class='ocr_carea' id='block_1_65' title="bbox 305 4412 1910 4501">
    <p class='ocr_par' dir='ltr' id='par_1_65' title="bbox 305 4412 1910 4501">
     <span class='ocr_line' id='line_1_65' title="bbox 305 4412 1910 4501; baseline -0.011 -17"><span class='ocrx_word' id='word_1_416' title='bbox 305 4442 376 4501; x_wconf 64' lang='lat' dir='ltr'>ﬁ.</span> <span class='ocrx_word' id='word_1_417' title='bbox 403 4428 673 4492; x_wconf 90' lang='lat' dir='ltr'>Domine,</span> <span class='ocrx_word' id='word_1_418' title='bbox 701 4423 908 4496; x_wconf 90' lang='lat' dir='ltr'>judica</span> <span class='ocrx_word' id='word_1_419' title='bbox 956 4424 1234 4476; x_wconf 84' lang='lat' dir='ltr'>nocentes</span> <span class='ocrx_word' id='word_1_420' title='bbox 1255 4434 1372 4482; x_wconf 90' lang='lat' dir='ltr'>me,</span> <span class='ocrx_word' id='word_1_421' title='bbox 1403 4419 1460 4472; x_wconf 90' lang='lat' dir='ltr'>et</span> <span class='ocrx_word' id='word_1_422' title='bbox 1491 4430 1775 4488; x_wconf 89' lang='lat' dir='ltr'>expugna</span> <span class='ocrx_word' id='word_1_423' title='bbox 1805 4412 1910 4468; x_wconf 91' lang='lat' dir='ltr'>im-</span> 
     </span>
    </p>
   </div>
   <div class='ocr_carea' id='block_1_66' title="bbox 225 4496 1915 4593">
    <p class='ocr_par' dir='ltr' id='par_1_66' title="bbox 225 4496 1915 4593">
     <span class='ocr_line' id='line_1_66' title="bbox 225 4496 1915 4593; baseline -0.012 -17"><span class='ocrx_word' id='word_1_424' title='bbox 225 4496 588 4593; x_wconf 85' lang='lat' dir='ltr'>pugnantes</span> <span class='ocrx_word' id='word_1_425' title='bbox 618 4530 735 4570; x_wconf 90' lang='lat' dir='ltr'>me.</span> <span class='ocrx_word' id='word_1_426' title='bbox 769 4508 1164 4584; x_wconf 85' lang='lat' dir='ltr'>Apprehende</span> <span class='ocrx_word' id='word_1_427' title='bbox 1196 4523 1389 4576; x_wconf 89' lang='lat' dir='ltr'>arma,</span> <span class='ocrx_word' id='word_1_428' title='bbox 1444 4509 1500 4560; x_wconf 90' lang='lat' dir='ltr'>et</span> <span class='ocrx_word' id='word_1_429' title='bbox 1549 4509 1823 4560; x_wconf 89' lang='lat' dir='ltr'>scutum:</span> <span class='ocrx_word' id='word_1_430' title='bbox 1859 4496 1915 4557; x_wconf 79' lang='lat' dir='ltr'>et</span> 
     </span>
    </p>
   </div>
   <div class='ocr_carea' id='block_1_67' title="bbox 227 4592 1916 4678">
    <p class='ocr_par' dir='ltr' id='par_1_67' title="bbox 227 4592 1916 4678">
     <span class='ocr_line' id='line_1_67' title="bbox 227 4592 1916 4678; baseline -0.013 -12"><span class='ocrx_word' id='word_1_431' title='bbox 227 4592 488 4678; x_wconf 83' lang='lat' dir='ltr'>exurge,</span> <span class='ocrx_word' id='word_1_432' title='bbox 536 4605 691 4660; x_wconf 89' lang='lat' dir='ltr'>Deus</span> <span class='ocrx_word' id='word_1_433' title='bbox 735 4617 929 4667; x_wconf 90' lang='lat' dir='ltr'>meus,</span> <span class='ocrx_word' id='word_1_434' title='bbox 979 4599 1039 4654; x_wconf 90' lang='lat' dir='ltr'>in</span> <span class='ocrx_word' id='word_1_435' title='bbox 1084 4595 1451 4667; x_wconf 88' lang='lat' dir='ltr'>adjutorium</span> <span class='ocrx_word' id='word_1_436' title='bbox 1509 4592 1676 4649; x_wconf 90' lang='lat' dir='ltr'>mihi.</span> <span class='ocrx_word' id='word_1_437' title='bbox 1711 4603 1773 4664; x_wconf 60' lang='lat'>13;.</span> <span class='ocrx_word' id='word_1_438' title='bbox 1812 4593 1916 4645; x_wconf 86' lang='lat' dir='ltr'>Ex-</span> 
     </span>
    </p>
   </div>
   <div class='ocr_carea' id='block_1_68' title="bbox 226 4681 1915 4769">
    <p class='ocr_par' dir='ltr' id='par_1_68' title="bbox 226 4681 1915 4769">
     <span class='ocr_line' id='line_1_68' title="bbox 226 4681 1915 4769; baseline -0.014 -14"><span class='ocrx_word' id='word_1_439' title='bbox 226 4713 413 4769; x_wconf 85' lang='lat' dir='ltr'>urge,</span> <span class='ocrx_word' id='word_1_440' title='bbox 489 4693 758 4754; x_wconf 90' lang='lat' dir='ltr'>Domine,</span> <span class='ocrx_word' id='word_1_441' title='bbox 822 4693 877 4747; x_wconf 90' lang='lat' dir='ltr'>et</span> <span class='ocrx_word' id='word_1_442' title='bbox 956 4685 1197 4744; x_wconf 88' lang='lat' dir='ltr'>intende</span> <span class='ocrx_word' id='word_1_443' title='bbox 1267 4681 1496 4755; x_wconf 91' lang='lat' dir='ltr'>judicio</span> <span class='ocrx_word' id='word_1_444' title='bbox 1554 4696 1723 4746; x_wconf 91' lang='lat' dir='ltr'>meo;</span> <span class='ocrx_word' id='word_1_445' title='bbox 1760 4681 1915 4734; x_wconf 90' lang='lat' dir='ltr'>Deus</span> 
     </span>
    </p>
   </div>
   <div class='ocr_carea' id='block_1_69' title="bbox 226 4769 1909 4851">
    <p class='ocr_par' dir='ltr' id='par_1_69' title="bbox 226 4769 1909 4851">
     <span class='ocr_line' id='line_1_69' title="bbox 226 4769 1909 4851; baseline -0.015 -5"><span class='ocrx_word' id='word_1_446' title='bbox 226 4804 440 4851; x_wconf 87' lang='lat' dir='ltr'>meus,</span> <span class='ocrx_word' id='word_1_447' title='bbox 479 4790 535 4840; x_wconf 90' lang='lat' dir='ltr'>et</span> <span class='ocrx_word' id='word_1_448' title='bbox 567 4781 851 4839; x_wconf 88' lang='lat' dir='ltr'>Dominus</span> <span class='ocrx_word' id='word_1_449' title='bbox 905 4792 1075 4834; x_wconf 84' lang='lat' dir='ltr'>meus</span> <span class='ocrx_word' id='word_1_450' title='bbox 1108 4773 1412 4839; x_wconf 86' lang='lat' dir='ltr'>auxiliare,</span> <span class='ocrx_word' id='word_1_451' title='bbox 1445 4775 1501 4828; x_wconf 92' lang='lat' dir='ltr'>et</span> <span class='ocrx_word' id='word_1_452' title='bbox 1552 4770 1803 4841; x_wconf 90' lang='lat' dir='ltr'>respice.</span> <span class='ocrx_word' id='word_1_453' title='bbox 1845 4769 1909 4822; x_wconf 91' lang='lat' dir='ltr'>P.</span> 
     </span>
    </p>
   </div>
   <div class='ocr_carea' id='block_1_70' title="bbox 228 4871 666 4945">
    <p class='ocr_par' dir='ltr' id='par_1_70' title="bbox 228 4871 666 4945">
     <span class='ocr_line' id='line_1_70' title="bbox 228 4871 666 4945; baseline -0.018 -15"><span class='ocrx_word' id='word_1_454' title='bbox 228 4876 298 4933; x_wconf 87' lang='lat' dir='ltr'>In</span> <span class='ocrx_word' id='word_1_455' title='bbox 339 4873 444 4945; x_wconf 89' lang='lat' dir='ltr'>adj</span> <span class='ocrx_word' id='word_1_456' title='bbox 457 4871 666 4929; x_wconf 89' lang='lat' dir='ltr'>utorio.</span> 
     </span>
    </p>
   </div>
   <div class='ocr_carea' id='block_1_71' title="bbox 309 4946 1902 5023">
    <p class='ocr_par' dir='ltr' id='par_1_71' title="bbox 309 4946 1902 5023">
     <span class='ocr_line' id='line_1_71' title="bbox 309 4946 1902 5023; baseline -0.014 1"><span class='ocrx_word' id='word_1_457' title='bbox 309 4969 544 5023; x_wconf 85' lang='lat' dir='ltr'>Preces.</span> <span class='ocrx_word' id='word_1_458' title='bbox 572 4954 1079 5019; x_wconf 89' lang='lat' dir='ltr'>Subveniatnobis</span> <span class='ocrx_word' id='word_1_459' title='bbox 1092 4952 1338 5011; x_wconf 91' lang='lat' dir='ltr'>Domine</span> <span class='ocrx_word' id='word_1_460' title='bbox 1360 4946 1771 5006; x_wconf 89' lang='lat' dir='ltr'>misericordia</span> <span class='ocrx_word' id='word_1_461' title='bbox 1798 4950 1902 5003; x_wconf 89' lang='lat' dir='ltr'>tua</span> 
     </span>
    </p>
   </div>
   <div class='ocr_carea' id='block_1_72' title="bbox 231 5035 1922 5116">
    <p class='ocr_par' dir='ltr' id='par_1_72' title="bbox 231 5035 1922 5116">
     <span class='ocr_line' id='line_1_72' title="bbox 231 5035 1922 5116; baseline -0.015 -2"><span class='ocrx_word' id='word_1_462' title='bbox 231 5057 295 5113; x_wconf 87' lang='lat' dir='ltr'>P.</span> <span class='ocrx_word' id='word_1_463' title='bbox 328 5054 639 5112; x_wconf 83' lang='lat' dir='ltr'>Velociter.</span> <span class='ocrx_word' id='word_1_464' title='bbox 669 5046 731 5111; x_wconf 52' lang='grc' dir='ltr'>ἢν.</span> <span class='ocrx_word' id='word_1_465' title='bbox 759 5044 1078 5116; x_wconf 85' lang='lat' dir='ltr'>Sanguinis</span> <span class='ocrx_word' id='word_1_466' title='bbox 1113 5040 1200 5102; x_wconf 88' lang='lat' dir='ltr'>tui</span> <span class='ocrx_word' id='word_1_467' title='bbox 1236 5040 1434 5097; x_wconf 90' lang='lat' dir='ltr'>hostia</span> <span class='ocrx_word' id='word_1_468' title='bbox 1493 5053 1604 5094; x_wconf 89' lang='lat' dir='ltr'>nos</span> <span class='ocrx_word' id='word_1_469' title='bbox 1657 5052 1692 5093; x_wconf 88' lang='lat' dir='ltr'>a</span> <span class='ocrx_word' id='word_1_470' title='bbox 1731 5035 1922 5090; x_wconf 80' lang='lat' dir='ltr'>crimi-</span> 
     </span>
    </p>
   </div>
   <div class='ocr_carea' id='block_1_73' title="bbox 229 5131 1897 5204">
    <p class='ocr_par' dir='ltr' id='par_1_73' title="bbox 229 5131 1897 5204">
     <span class='ocr_line' id='line_1_73' title="bbox 229 5131 1897 5204; baseline -0.016 0"><span class='ocrx_word' id='word_1_471' title='bbox 229 5141 428 5204; x_wconf 86' lang='lat' dir='ltr'>nibus</span> <span class='ocrx_word' id='word_1_472' title='bbox 459 5142 654 5199; x_wconf 91' lang='lat' dir='ltr'>libera</span> <span class='ocrx_word' id='word_1_473' title='bbox 701 5139 764 5193; x_wconf 88' lang='lat' dir='ltr'>P.</span> <span class='ocrx_word' id='word_1_474' title='bbox 823 5135 1121 5193; x_wconf 89' lang='lat' dir='ltr'>Velociter.</span> <span class='ocrx_word' id='word_1_475' title='bbox 1166 5131 1228 5192; x_wconf 66' lang='lat' dir='ltr'>i’.</span> <span class='ocrx_word' id='word_1_476' title='bbox 1297 5132 1546 5186; x_wconf 87' lang='lat' dir='ltr'>Crucem</span> <span class='ocrx_word' id='word_1_477' title='bbox 1579 5140 1897 5196; x_wconf 88' lang='lat' dir='ltr'>perpessus</span> 
     </span>
    </p>
   </div>
   <div class='ocr_carea' id='block_1_74' title="bbox 230 5211 1922 5297">
    <p class='ocr_par' dir='ltr' id='par_1_74' title="bbox 230 5211 1922 5297">
     <span class='ocr_line' id='line_1_74' title="bbox 230 5211 1922 5297; baseline -0.015 -5"><span class='ocrx_word' id='word_1_478' title='bbox 230 5235 524 5297; x_wconf 88' lang='lat' dir='ltr'>Domine,</span> <span class='ocrx_word' id='word_1_479' title='bbox 557 5247 594 5287; x_wconf 92' lang='lat' dir='ltr'>a</span> <span class='ocrx_word' id='word_1_480' title='bbox 619 5224 884 5284; x_wconf 89' lang='lat' dir='ltr'>cruciatu</span> <span class='ocrx_word' id='word_1_481' title='bbox 909 5239 1020 5280; x_wconf 88' lang='lat' dir='ltr'>nos</span> <span class='ocrx_word' id='word_1_482' title='bbox 1041 5221 1231 5277; x_wconf 90' lang='lat' dir='ltr'>libera</span> <span class='ocrx_word' id='word_1_483' title='bbox 1253 5222 1312 5274; x_wconf 89' lang='lat' dir='ltr'>P.</span> <span class='ocrx_word' id='word_1_484' title='bbox 1349 5215 1648 5272; x_wconf 89' lang='lat' dir='ltr'>Velociter.</span> <span class='ocrx_word' id='word_1_485' title='bbox 1683 5211 1745 5273; x_wconf 59' lang='lat' dir='ltr'>ii.</span> <span class='ocrx_word' id='word_1_486' title='bbox 1788 5214 1922 5285; x_wconf 66' lang='lat' dir='ltr'>Cruf</span> 
     </span>
    </p>
   </div>
   <div class='ocr_carea' id='block_1_75' title="bbox 228 5301 1917 5394">
    <p class='ocr_par' dir='ltr' id='par_1_75' title="bbox 228 5301 1917 5394">
     <span class='ocr_line' id='line_1_75' title="bbox 228 5301 1917 5394; baseline -0.017 -11"><span class='ocrx_word' id='word_1_487' title='bbox 228 5326 325 5383; x_wconf 87' lang='lat' dir='ltr'>cis</span> <span class='ocrx_word' id='word_1_488' title='bbox 346 5331 468 5382; x_wconf 66' lang='lat' dir='ltr'>tua:</span> <span class='ocrx_word' id='word_1_489' title='bbox 497 5315 784 5394; x_wconf 65' lang='lat' dir='ltr'>praesidio</span> <span class='ocrx_word' id='word_1_490' title='bbox 809 5329 919 5370; x_wconf 92' lang='lat' dir='ltr'>nos</span> <span class='ocrx_word' id='word_1_491' title='bbox 943 5312 1133 5368; x_wconf 88' lang='lat' dir='ltr'>libera</span> <span class='ocrx_word' id='word_1_492' title='bbox 1157 5325 1193 5366; x_wconf 89' lang='lat' dir='ltr'>a</span> <span class='ocrx_word' id='word_1_493' title='bbox 1223 5304 1520 5380; x_wconf 89' lang='lat' dir='ltr'>supplicio</span> <span class='ocrx_word' id='word_1_494' title='bbox 1538 5307 1596 5359; x_wconf 89' lang='lat' dir='ltr'>P.</span> <span class='ocrx_word' id='word_1_495' title='bbox 1617 5301 1917 5371; x_wconf 45' lang='lat' dir='ltr'>Velociter.</span> 
     </span>
    </p>
   </div>
   <div class='ocr_carea' id='block_1_76' title="bbox 227 5394 1922 5476">
    <p class='ocr_par' dir='ltr' id='par_1_76' title="bbox 227 5394 1922 5476">
     <span class='ocr_line' id='line_1_76' title="bbox 227 5394 1922 5476; baseline -0.016 -3"><span class='ocrx_word' id='word_1_496' title='bbox 227 5414 299 5474; x_wconf 62' lang='grc' dir='ltr'>ῒ.</span> <span class='ocrx_word' id='word_1_497' title='bbox 339 5416 493 5471; x_wconf 90' lang='lat' dir='ltr'>Cum</span> <span class='ocrx_word' id='word_1_498' title='bbox 517 5407 754 5466; x_wconf 87' lang='lat' dir='ltr'>veneris</span> <span class='ocrx_word' id='word_1_499' title='bbox 769 5397 959 5476; x_wconf 86' lang='lat' dir='ltr'>judex</span> <span class='ocrx_word' id='word_1_500' title='bbox 991 5399 1268 5457; x_wconf 91' lang='lat' dir='ltr'>omnium</span> <span class='ocrx_word' id='word_1_501' title='bbox 1299 5395 1777 5467; x_wconf 89' lang='lat' dir='ltr'>redemptorum,</span> <span class='ocrx_word' id='word_1_502' title='bbox 1798 5394 1922 5447; x_wconf 86' lang='lat' dir='ltr'>esto</span> 
     </span>
    </p>
   </div>
   <div class='ocr_carea' id='block_1_77' title="bbox 237 5490 990 5572">
    <p class='ocr_par' dir='ltr' id='par_1_77' title="bbox 237 5490 990 5572">
     <span class='ocr_line' id='line_1_77' title="bbox 237 5490 990 5572; baseline -0.015 -16"><span class='ocrx_word' id='word_1_503' title='bbox 237 5500 553 5572; x_wconf 80' lang='lat' dir='ltr'>refugium</span> <span class='ocrx_word' id='word_1_504' title='bbox 594 5497 661 5552; x_wconf 89' lang='lat' dir='ltr'>P.</span> <span class='ocrx_word' id='word_1_505' title='bbox 687 5490 990 5549; x_wconf 87' lang='lat' dir='ltr'>Velociter.</span> 
     </span>
    </p>
   </div>
   <div class='ocr_carea' id='block_1_78' title="bbox 319 5573 1492 5663">
    <p class='ocr_par' dir='ltr' id='par_1_78' title="bbox 319 5573 1492 5663">
     <span class='ocr_line' id='line_1_78' title="bbox 319 5573 1492 5663; baseline -0.014 -17"><span class='ocrx_word' id='word_1_506' title='bbox 319 5587 614 5663; x_wconf 79' lang='lat' dir='ltr'>Hymnus.</span> <span class='ocrx_word' id='word_1_507' title='bbox 649 5585 692 5641; x_wconf 91' lang='grc' dir='ltr'><strong>Ο</strong></span> <span class='ocrx_word' id='word_1_508' title='bbox 720 5583 1036 5648; x_wconf 85' lang='lat' dir='ltr'>Nazarene,</span> <span class='ocrx_word' id='word_1_509' title='bbox 1063 5575 1185 5634; x_wconf 88' lang='lat' dir='ltr'>lux.</span> <span class='ocrx_word' id='word_1_510' title='bbox 1219 5573 1332 5646; x_wconf 78' lang='lat' dir='ltr'>fol.</span> <span class='ocrx_word' id='word_1_511' title='bbox 1375 5573 1492 5630; x_wconf 73' lang='grc'><strong>144.</strong></span> 
     </span>
    </p>
   </div>
   <div class='ocr_carea' id='block_1_79' title="bbox 1987 1917 3631 1989">
    <p class='ocr_par' dir='ltr' id='par_1_79' title="bbox 1987 1917 3631 1989">
     <span class='ocr_line' id='line_1_79' title="bbox 1987 1917 3631 1989; baseline 0.001 -17"><span class='ocrx_word' id='word_1_512' title='bbox 1987 1918 2117 1973; x_wconf 91' lang='lat' dir='ltr'>simi</span> <span class='ocrx_word' id='word_1_513' title='bbox 2141 1917 2298 1972; x_wconf 91' lang='lat' dir='ltr'>enim</span> <span class='ocrx_word' id='word_1_514' title='bbox 2314 1917 2685 1989; x_wconf 90' lang='lat' dir='ltr'>nequissima</span> <span class='ocrx_word' id='word_1_515' title='bbox 2709 1917 2829 1972; x_wconf 88' lang='lat' dir='ltr'>vita</span> <span class='ocrx_word' id='word_1_516' title='bbox 2845 1934 3027 1988; x_wconf 89' lang='lat' dir='ltr'>supra</span> <span class='ocrx_word' id='word_1_517' title='bbox 3043 1925 3294 1972; x_wconf 90' lang='lat' dir='ltr'>mortem</span> <span class='ocrx_word' id='word_1_518' title='bbox 3324 1917 3488 1973; x_wconf 86' lang='lat' dir='ltr'>fatui.</span> <span class='ocrx_word' id='word_1_519' title='bbox 3525 1920 3631 1973; x_wconf 87' lang='lat' dir='ltr'>Lu-</span> 
     </span>
    </p>
   </div>
   <div class='ocr_carea' id='block_1_80' title="bbox 1990 2005 3632 2077">
    <p class='ocr_par' dir='ltr' id='par_1_80' title="bbox 1990 2005 3632 2077">
     <span class='ocr_line' id='line_1_80' title="bbox 1990 2005 3632 2077; baseline 0 -15"><span class='ocrx_word' id='word_1_520' title='bbox 1990 2012 2116 2070; x_wconf 88' lang='lat' dir='ltr'>ctus</span> <span class='ocrx_word' id='word_1_521' title='bbox 2138 2006 2593 2077; x_wconf 89' lang='lat' dir='ltr'>mortuiseptem</span> <span class='ocrx_word' id='word_1_522' title='bbox 2635 2005 2790 2060; x_wconf 88' lang='lat' dir='ltr'>dies:</span> <span class='ocrx_word' id='word_1_523' title='bbox 2813 2005 2958 2061; x_wconf 89' lang='lat' dir='ltr'>fatui</span> <span class='ocrx_word' id='word_1_524' title='bbox 3000 2011 3270 2062; x_wconf 82' lang='lat' dir='ltr'>autemet</span> <span class='ocrx_word' id='word_1_525' title='bbox 3297 2007 3480 2077; x_wconf 89' lang='lat' dir='ltr'>impii,</span> <span class='ocrx_word' id='word_1_526' title='bbox 3503 2023 3632 2062; x_wconf 90' lang='lat' dir='ltr'>om-</span> 
     </span>
    </p>
   </div>
   <div class='ocr_carea' id='block_1_81' title="bbox 1991 2093 3630 2166">
    <p class='ocr_par' dir='ltr' id='par_1_81' title="bbox 1991 2093 3630 2166">
     <span class='ocr_line' id='line_1_81' title="bbox 1991 2093 3630 2166; baseline -0.001 -14"><span class='ocrx_word' id='word_1_527' title='bbox 1991 2111 2096 2152; x_wconf 89' lang='lat' dir='ltr'>nes</span> <span class='ocrx_word' id='word_1_528' title='bbox 2117 2095 2242 2151; x_wconf 91' lang='lat' dir='ltr'>dies</span> <span class='ocrx_word' id='word_1_529' title='bbox 2267 2094 2400 2150; x_wconf 63' lang='lat' dir='ltr'>vitae</span> <span class='ocrx_word' id='word_1_530' title='bbox 2416 2093 2673 2150; x_wconf 91' lang='lat' dir='ltr'>illorum.</span> <span class='ocrx_word' id='word_1_531' title='bbox 2708 2096 2852 2148; x_wconf 88' lang='lat' dir='ltr'>Cum</span> <span class='ocrx_word' id='word_1_532' title='bbox 2872 2093 3048 2149; x_wconf 87' lang='lat' dir='ltr'>stulto</span> <span class='ocrx_word' id='word_1_533' title='bbox 3062 2110 3134 2149; x_wconf 91' lang='lat' dir='ltr'>ne</span> <span class='ocrx_word' id='word_1_534' title='bbox 3157 2095 3408 2151; x_wconf 90' lang='lat' dir='ltr'>multum</span> <span class='ocrx_word' id='word_1_535' title='bbox 3429 2095 3630 2166; x_wconf 88' lang='lat' dir='ltr'>loqua-</span> 
     </span>
    </p>
   </div>
   <div class='ocr_carea' id='block_1_82' title="bbox 1991 2182 3636 2252">
    <p class='ocr_par' dir='ltr' id='par_1_82' title="bbox 1991 2182 3636 2252">
     <span class='ocr_line' id='line_1_82' title="bbox 1991 2182 3636 2252; baseline -0.001 -11"><span class='ocrx_word' id='word_1_536' title='bbox 1991 2185 2094 2252; x_wconf 92' lang='lat' dir='ltr'>ris,</span> <span class='ocrx_word' id='word_1_537' title='bbox 2119 2188 2326 2240; x_wconf 91' lang='lat' dir='ltr'>etcum</span> <span class='ocrx_word' id='word_1_538' title='bbox 2357 2184 2658 2238; x_wconf 89' lang='lat' dir='ltr'>insensato</span> <span class='ocrx_word' id='word_1_539' title='bbox 2681 2198 2752 2238; x_wconf 91' lang='lat' dir='ltr'>ne</span> <span class='ocrx_word' id='word_1_540' title='bbox 2767 2182 3005 2237; x_wconf 89' lang='lat' dir='ltr'>abieris.</span> <span class='ocrx_word' id='word_1_541' title='bbox 3033 2185 3212 2238; x_wconf 91' lang='lat' dir='ltr'>Serva</span> <span class='ocrx_word' id='word_1_542' title='bbox 3246 2190 3301 2239; x_wconf 89' lang='lat' dir='ltr'>te</span> <span class='ocrx_word' id='word_1_543' title='bbox 3323 2184 3401 2239; x_wconf 91' lang='lat' dir='ltr'>ab</span> <span class='ocrx_word' id='word_1_544' title='bbox 3421 2183 3539 2250; x_wconf 85' lang='lat' dir='ltr'>illo,</span> <span class='ocrx_word' id='word_1_545' title='bbox 3575 2186 3636 2239; x_wconf 91' lang='lat' dir='ltr'>ut</span> 
     </span>
    </p>
   </div>
   <div class='ocr_carea' id='block_1_83' title="bbox 1993 2270 3638 2348">
    <p class='ocr_par' dir='ltr' id='par_1_83' title="bbox 1993 2270 3638 2348">
     <span class='ocr_line' id='line_1_83' title="bbox 1993 2270 3638 2348; baseline -0.001 -19"><span class='ocrx_word' id='word_1_546' title='bbox 1993 2289 2113 2348; x_wconf 88' lang='lat' dir='ltr'>non</span> <span class='ocrx_word' id='word_1_547' title='bbox 2127 2271 2461 2328; x_wconf 87' lang='lat' dir='ltr'>molestiam</span> <span class='ocrx_word' id='word_1_548' title='bbox 2475 2271 2784 2339; x_wconf 87' lang='lat' dir='ltr'>habeas,et</span> <span class='ocrx_word' id='word_1_549' title='bbox 2801 2286 2920 2325; x_wconf 91' lang='lat' dir='ltr'>non</span> <span class='ocrx_word' id='word_1_550' title='bbox 2933 2270 3414 2342; x_wconf 88' lang='lat' dir='ltr'>coinquinaberis</span> <span class='ocrx_word' id='word_1_551' title='bbox 3433 2272 3491 2326; x_wconf 90' lang='lat' dir='ltr'>in</span> <span class='ocrx_word' id='word_1_552' title='bbox 3505 2287 3638 2344; x_wconf 91' lang='lat' dir='ltr'>pec-</span> 
     </span>
    </p>
   </div>
   <div class='ocr_carea' id='block_1_84' title="bbox 1994 2358 3640 2432">
    <p class='ocr_par' dir='ltr' id='par_1_84' title="bbox 1994 2358 3640 2432">
     <span class='ocr_line' id='line_1_84' title="bbox 1994 2358 3640 2432; baseline -0.001 -14"><span class='ocrx_word' id='word_1_553' title='bbox 1994 2367 2125 2418; x_wconf 91' lang='lat' dir='ltr'>cato</span> <span class='ocrx_word' id='word_1_554' title='bbox 2144 2358 2574 2416; x_wconf 89' lang='lat' dir='ltr'>illius.Deﬂecte</span> <span class='ocrx_word' id='word_1_555' title='bbox 2599 2360 2674 2415; x_wconf 89' lang='lat' dir='ltr'>ab</span> <span class='ocrx_word' id='word_1_556' title='bbox 2701 2359 2820 2422; x_wconf 91' lang='lat' dir='ltr'>illo,</span> <span class='ocrx_word' id='word_1_557' title='bbox 2845 2359 3221 2415; x_wconf 89' lang='lat' dir='ltr'>etiuveniens</span> <span class='ocrx_word' id='word_1_558' title='bbox 3263 2361 3549 2432; x_wconf 90' lang='lat' dir='ltr'>requiem,</span> <span class='ocrx_word' id='word_1_559' title='bbox 3582 2362 3640 2416; x_wconf 91' lang='lat' dir='ltr'>et</span> 
     </span>
    </p>
   </div>
   <div class='ocr_carea' id='block_1_85' title="bbox 1995 2447 3641 2522">
    <p class='ocr_par' dir='ltr' id='par_1_85' title="bbox 1995 2447 3641 2522">
     <span class='ocr_line' id='line_1_85' title="bbox 1995 2447 3641 2522; baseline -0.001 -16"><span class='ocrx_word' id='word_1_560' title='bbox 1995 2466 2116 2506; x_wconf 89' lang='lat' dir='ltr'>non</span> <span class='ocrx_word' id='word_1_561' title='bbox 2148 2448 2536 2507; x_wconf 89' lang='lat' dir='ltr'>accidiaberis</span> <span class='ocrx_word' id='word_1_562' title='bbox 2579 2450 2638 2503; x_wconf 89' lang='lat' dir='ltr'>in</span> <span class='ocrx_word' id='word_1_563' title='bbox 2672 2447 2980 2503; x_wconf 89' lang='lat' dir='ltr'>stultitiam</span> <span class='ocrx_word' id='word_1_564' title='bbox 3014 2448 3190 2502; x_wconf 89' lang='lat' dir='ltr'>illius.</span> <span class='ocrx_word' id='word_1_565' title='bbox 3229 2451 3416 2522; x_wconf 90' lang='lat' dir='ltr'>Super</span> <span class='ocrx_word' id='word_1_566' title='bbox 3448 2449 3641 2521; x_wconf 90' lang='lat' dir='ltr'>plum-</span> 
     </span>
    </p>
   </div>
   <div class='ocr_carea' id='block_1_86' title="bbox 1995 2536 3642 2610">
    <p class='ocr_par' dir='ltr' id='par_1_86' title="bbox 1995 2536 3642 2610">
     <span class='ocr_line' id='line_1_86' title="bbox 1995 2536 3642 2610; baseline 0 -16"><span class='ocrx_word' id='word_1_567' title='bbox 1995 2540 2143 2595; x_wconf 88' lang='lat' dir='ltr'>bum</span> <span class='ocrx_word' id='word_1_568' title='bbox 2157 2538 2299 2609; x_wconf 90' lang='lat' dir='ltr'>quid</span> <span class='ocrx_word' id='word_1_569' title='bbox 2314 2537 2749 2606; x_wconf 87' lang='lat' dir='ltr'>gravabitur?ct</span> <span class='ocrx_word' id='word_1_570' title='bbox 2768 2536 2930 2607; x_wconf 90' lang='lat' dir='ltr'>quod</span> <span class='ocrx_word' id='word_1_571' title='bbox 2949 2537 3028 2590; x_wconf 87' lang='lat' dir='ltr'>illi</span> <span class='ocrx_word' id='word_1_572' title='bbox 3049 2537 3206 2591; x_wconf 87' lang='lat' dir='ltr'>aliud</span> <span class='ocrx_word' id='word_1_573' title='bbox 3223 2554 3436 2593; x_wconf 86' lang='lat' dir='ltr'>nomen</span> <span class='ocrx_word' id='word_1_574' title='bbox 3455 2554 3642 2610; x_wconf 92' lang='lat' dir='ltr'>quam</span> 
     </span>
    </p>
   </div>
   <div class='ocr_carea' id='block_1_87' title="bbox 1997 2624 3641 2690">
    <p class='ocr_par' dir='ltr' id='par_1_87' title="bbox 1997 2624 3641 2690">
     <span class='ocr_line' id='line_1_87' title="bbox 1997 2624 3641 2690; baseline -0.001 -8"><span class='ocrx_word' id='word_1_575' title='bbox 1997 2625 2238 2682; x_wconf 85' lang='lat' dir='ltr'>fatuus?</span> <span class='ocrx_word' id='word_1_576' title='bbox 2253 2630 2528 2689; x_wconf 81' lang='lat' dir='ltr'>Arenam,</span> <span class='ocrx_word' id='word_1_577' title='bbox 2557 2629 2613 2678; x_wconf 91' lang='lat' dir='ltr'>et</span> <span class='ocrx_word' id='word_1_578' title='bbox 2645 2624 2854 2690; x_wconf 89' lang='lat' dir='ltr'>salem,</span> <span class='ocrx_word' id='word_1_579' title='bbox 2879 2628 2934 2677; x_wconf 88' lang='lat' dir='ltr'>et</span> <span class='ocrx_word' id='word_1_580' title='bbox 2961 2641 3226 2678; x_wconf 88' lang='lat' dir='ltr'>massam</span> <span class='ocrx_word' id='word_1_581' title='bbox 3252 2626 3388 2680; x_wconf 86' lang='lat' dir='ltr'>ferri</span> <span class='ocrx_word' id='word_1_582' title='bbox 3412 2626 3641 2682; x_wconf 87' lang='lat' dir='ltr'>facilius</span> 
     </span>
    </p>
   </div>
   <div class='ocr_carea' id='block_1_88' title="bbox 1998 2711 3640 2783">
    <p class='ocr_par' dir='ltr' id='par_1_88' title="bbox 1998 2711 3640 2783">
     <span class='ocr_line' id='line_1_88' title="bbox 1998 2711 3640 2783; baseline -0.002 -13"><span class='ocrx_word' id='word_1_583' title='bbox 1998 2721 2084 2771; x_wconf 88' lang='lat' dir='ltr'>est</span> <span class='ocrx_word' id='word_1_584' title='bbox 2097 2718 2536 2783; x_wconf 89' lang='lat' dir='ltr'>portare,quam</span> <span class='ocrx_word' id='word_1_585' title='bbox 2554 2711 2857 2766; x_wconf 87' lang='lat' dir='ltr'>hominem</span> <span class='ocrx_word' id='word_1_586' title='bbox 2873 2711 3640 2780; x_wconf 87' lang='lat' dir='ltr'>imprudentem,etfatuum,</span> 
     </span>
    </p>
   </div>
   <div class='ocr_carea' id='block_1_89' title="bbox 2000 2799 3644 2873">
    <p class='ocr_par' dir='ltr' id='par_1_89' title="bbox 2000 2799 3644 2873">
     <span class='ocr_line' id='line_1_89' title="bbox 2000 2799 3644 2873; baseline -0.003 -14"><span class='ocrx_word' id='word_1_587' title='bbox 2000 2801 2502 2873; x_wconf 87' lang='lat' dir='ltr'>etimpium.Sicut</span> <span class='ocrx_word' id='word_1_588' title='bbox 2516 2799 2914 2855; x_wconf 90' lang='lat' dir='ltr'>loramentum</span> <span class='ocrx_word' id='word_1_589' title='bbox 2931 2799 3185 2864; x_wconf 89' lang='lat' dir='ltr'>ligneum</span> <span class='ocrx_word' id='word_1_590' title='bbox 3205 2799 3568 2868; x_wconf 88' lang='lat' dir='ltr'>conligatum</span> <span class='ocrx_word' id='word_1_591' title='bbox 3586 2802 3644 2854; x_wconf 90' lang='lat' dir='ltr'>in</span> 
     </span>
    </p>
   </div>
   <div class='ocr_carea' id='block_1_90' title="bbox 1999 2885 3648 2948">
    <p class='ocr_par' dir='ltr' id='par_1_90' title="bbox 1999 2885 3648 2948">
     <span class='ocr_line' id='line_1_90' title="bbox 1999 2885 3648 2948; baseline -0.002 0"><span class='ocrx_word' id='word_1_592' title='bbox 1999 2890 2456 2948; x_wconf 87' lang='lat' dir='ltr'>fundamentum</span> <span class='ocrx_word' id='word_1_593' title='bbox 2502 2887 2737 2942; x_wconf 67' lang='lat' dir='ltr'>aedificii</span> <span class='ocrx_word' id='word_1_594' title='bbox 2774 2902 2895 2941; x_wconf 89' lang='lat' dir='ltr'>non</span> <span class='ocrx_word' id='word_1_595' title='bbox 2941 2885 3420 2942; x_wconf 89' lang='lat' dir='ltr'>dissolvitur:sic</span> <span class='ocrx_word' id='word_1_596' title='bbox 3467 2891 3522 2943; x_wconf 91' lang='lat' dir='ltr'>et</span> <span class='ocrx_word' id='word_1_597' title='bbox 3547 2903 3648 2944; x_wconf 88' lang='lat' dir='ltr'>cor</span> 
     </span>
    </p>
   </div>
   <div class='ocr_carea' id='block_1_91' title="bbox 2002 2975 3646 3049">
    <p class='ocr_par' dir='ltr' id='par_1_91' title="bbox 2002 2975 3646 3049">
     <span class='ocr_line' id='line_1_91' title="bbox 2002 2975 3646 3049; baseline -0.002 -13"><span class='ocrx_word' id='word_1_598' title='bbox 2002 2979 2425 3036; x_wconf 84' lang='lat' dir='ltr'>confirmatum</span> <span class='ocrx_word' id='word_1_599' title='bbox 2451 2977 2510 3032; x_wconf 93' lang='lat' dir='ltr'>in</span> <span class='ocrx_word' id='word_1_600' title='bbox 2532 2975 2887 3046; x_wconf 87' lang='lat' dir='ltr'>cogitatione</span> <span class='ocrx_word' id='word_1_601' title='bbox 2909 2975 3159 3030; x_wconf 91' lang='lat' dir='ltr'>consilii.</span> <span class='ocrx_word' id='word_1_602' title='bbox 3189 2977 3435 3032; x_wconf 90' lang='lat' dir='ltr'>Domine</span> <span class='ocrx_word' id='word_1_603' title='bbox 3459 2981 3646 3049; x_wconf 89' lang='lat' dir='ltr'>pater,</span> 
     </span>
    </p>
   </div>
   <div class='ocr_carea' id='block_1_92' title="bbox 2005 3063 3651 3135">
    <p class='ocr_par' dir='ltr' id='par_1_92' title="bbox 2005 3063 3651 3135">
     <span class='ocr_line' id='line_1_92' title="bbox 2005 3063 3651 3135; baseline -0.002 -11"><span class='ocrx_word' id='word_1_604' title='bbox 2005 3074 2060 3124; x_wconf 91' lang='lat' dir='ltr'>et</span> <span class='ocrx_word' id='word_1_605' title='bbox 2087 3071 2239 3124; x_wconf 90' lang='lat' dir='ltr'>Deus</span> <span class='ocrx_word' id='word_1_606' title='bbox 2268 3067 2400 3122; x_wconf 65' lang='lat' dir='ltr'>vitae</span> <span class='ocrx_word' id='word_1_607' title='bbox 2421 3082 2591 3132; x_wconf 77' lang='lat' dir='ltr'>meae,</span> <span class='ocrx_word' id='word_1_608' title='bbox 2624 3080 2696 3120; x_wconf 91' lang='lat' dir='ltr'>ne</span> <span class='ocrx_word' id='word_1_609' title='bbox 2749 3063 3132 3135; x_wconf 89' lang='lat' dir='ltr'>derelinquas</span> <span class='ocrx_word' id='word_1_610' title='bbox 3176 3081 3271 3120; x_wconf 91' lang='lat' dir='ltr'>me</span> <span class='ocrx_word' id='word_1_611' title='bbox 3301 3065 3361 3120; x_wconf 92' lang='lat' dir='ltr'>in</span> <span class='ocrx_word' id='word_1_612' title='bbox 3393 3065 3651 3135; x_wconf 87' lang='lat' dir='ltr'>cogitatu</span> 
     </span>
    </p>
   </div>
   <div class='ocr_carea' id='block_1_93' title="bbox 2005 3151 3654 3229">
    <p class='ocr_par' dir='ltr' id='par_1_93' title="bbox 2005 3151 3654 3229">
     <span class='ocr_line' id='line_1_93' title="bbox 2005 3151 3654 3229; baseline -0.002 -17"><span class='ocrx_word' id='word_1_613' title='bbox 2005 3157 2349 3229; x_wconf 91' lang='lat' dir='ltr'>impiorum.</span> <span class='ocrx_word' id='word_1_614' title='bbox 2361 3153 2770 3211; x_wconf 88' lang='lat' dir='ltr'>Extollentiam</span> <span class='ocrx_word' id='word_1_615' title='bbox 2782 3151 3094 3209; x_wconf 90' lang='lat' dir='ltr'>oculorum</span> <span class='ocrx_word' id='word_1_616' title='bbox 3111 3169 3379 3210; x_wconf 91' lang='lat' dir='ltr'>meorum</span> <span class='ocrx_word' id='word_1_617' title='bbox 3393 3170 3467 3210; x_wconf 90' lang='lat' dir='ltr'>ne</span> <span class='ocrx_word' id='word_1_618' title='bbox 3480 3152 3654 3210; x_wconf 88' lang='lat' dir='ltr'>dede-</span> 
     </span>
    </p>
   </div>
   <div class='ocr_carea' id='block_1_94' title="bbox 2006 3242 3644 3315">
    <p class='ocr_par' dir='ltr' id='par_1_94' title="bbox 2006 3242 3644 3315">
     <span class='ocr_line' id='line_1_94' title="bbox 2006 3242 3644 3315; baseline -0.002 -13"><span class='ocrx_word' id='word_1_619' title='bbox 2006 3245 2088 3304; x_wconf 90' lang='lat' dir='ltr'>ris</span> <span class='ocrx_word' id='word_1_620' title='bbox 2110 3245 2276 3315; x_wconf 89' lang='lat' dir='ltr'>mihi,</span> <span class='ocrx_word' id='word_1_621' title='bbox 2303 3250 2358 3300; x_wconf 91' lang='lat' dir='ltr'>et</span> <span class='ocrx_word' id='word_1_622' title='bbox 2382 3260 2560 3300; x_wconf 91' lang='lat' dir='ltr'>omne</span> <span class='ocrx_word' id='word_1_623' title='bbox 2591 3242 2950 3298; x_wconf 90' lang='lat' dir='ltr'>desiderium</span> <span class='ocrx_word' id='word_1_624' title='bbox 2983 3258 3233 3312; x_wconf 88' lang='lat' dir='ltr'>pravum</span> <span class='ocrx_word' id='word_1_625' title='bbox 3268 3243 3435 3298; x_wconf 89' lang='lat' dir='ltr'>aufer</span> <span class='ocrx_word' id='word_1_626' title='bbox 3461 3259 3497 3298; x_wconf 90' lang='lat' dir='ltr'>a</span> <span class='ocrx_word' id='word_1_627' title='bbox 3523 3259 3644 3298; x_wconf 91' lang='lat' dir='ltr'>me.</span> 
     </span>
    </p>
   </div>
   <div class='ocr_carea' id='block_1_95' title="bbox 2010 3330 3656 3403">
    <p class='ocr_par' dir='ltr' id='par_1_95' title="bbox 2010 3330 3656 3403">
     <span class='ocr_line' id='line_1_95' title="bbox 2010 3330 3656 3403; baseline -0.002 -12"><span class='ocrx_word' id='word_1_628' title='bbox 2010 3336 2255 3392; x_wconf 91' lang='lat' dir='ltr'>Domine</span> <span class='ocrx_word' id='word_1_629' title='bbox 2281 3334 2360 3390; x_wconf 90' lang='lat' dir='ltr'>da</span> <span class='ocrx_word' id='word_1_630' title='bbox 2385 3334 2472 3388; x_wconf 91' lang='lat' dir='ltr'>ori</span> <span class='ocrx_word' id='word_1_631' title='bbox 2500 3348 2635 3388; x_wconf 85' lang='lat' dir='ltr'>meo</span> <span class='ocrx_word' id='word_1_632' title='bbox 2658 3333 3014 3398; x_wconf 89' lang='lat' dir='ltr'>custodiam,</span> <span class='ocrx_word' id='word_1_633' title='bbox 3047 3336 3102 3387; x_wconf 91' lang='lat' dir='ltr'>et</span> <span class='ocrx_word' id='word_1_634' title='bbox 3124 3346 3302 3403; x_wconf 87' lang='lat' dir='ltr'>super</span> <span class='ocrx_word' id='word_1_635' title='bbox 3338 3330 3498 3386; x_wconf 87' lang='lat' dir='ltr'>labia</span> <span class='ocrx_word' id='word_1_636' title='bbox 3521 3346 3656 3387; x_wconf 88' lang='lat' dir='ltr'>mea</span> 
     </span>
    </p>
   </div>
   <div class='ocr_carea' id='block_1_96' title="bbox 2010 3423 3000 3497">
    <p class='ocr_par' dir='ltr' id='par_1_96' title="bbox 2010 3423 3000 3497">
     <span class='ocr_line' id='line_1_96' title="bbox 2010 3423 3000 3497; baseline -0.005 -16"><span class='ocrx_word' id='word_1_637' title='bbox 2010 3423 2388 3497; x_wconf 89' lang='lat' dir='ltr'>signaculum</span> <span class='ocrx_word' id='word_1_638' title='bbox 2418 3426 2666 3478; x_wconf 88' lang='lat' dir='ltr'>certum.</span> <span class='ocrx_word' id='word_1_639' title='bbox 2696 3433 2757 3490; x_wconf 58' lang='lat' dir='ltr'>Bg.</span> <span class='ocrx_word' id='word_1_640' title='bbox 2791 3426 3000 3477; x_wconf 81' lang='lat' dir='ltr'>Amen.</span> 
     </span>
    </p>
   </div>
   <div class='ocr_carea' id='block_1_97' title="bbox 2078 3509 3585 3580">
    <p class='ocr_par' dir='ltr' id='par_1_97' title="bbox 2078 3509 3585 3580">
     <span class='ocr_line' id='line_1_97' title="bbox 2078 3509 3585 3580; baseline -0.005 -9"><span class='ocrx_word' id='word_1_641' title='bbox 2078 3516 2276 3571; x_wconf 79' lang='lat' dir='ltr'>Lectio</span> <span class='ocrx_word' id='word_1_642' title='bbox 2329 3513 2466 3568; x_wconf 86' lang='lat' dir='ltr'>libri</span> <span class='ocrx_word' id='word_1_643' title='bbox 2505 3511 2802 3568; x_wconf 84' lang='lat' dir='ltr'>Samuelis</span> <span class='ocrx_word' id='word_1_644' title='bbox 2822 3511 3010 3566; x_wconf 79' lang='lat' dir='ltr'>Primi</span> <span class='ocrx_word' id='word_1_645' title='bbox 3048 3509 3210 3580; x_wconf 88' lang='lat' dir='ltr'>(Reg.</span> <span class='ocrx_word' id='word_1_646' title='bbox 3243 3523 3374 3578; x_wconf 87' lang='lat' dir='ltr'>cap.</span> <span class='ocrx_word' id='word_1_647' title='bbox 3403 3509 3585 3579; x_wconf 69' lang='lat' dir='ltr'>xxxx).</span> 
     </span>
    </p>
   </div>
   <div class='ocr_carea' id='block_1_98' title="bbox 2080 3601 2564 3674">
    <p class='ocr_par' dir='ltr' id='par_1_98' title="bbox 2080 3601 2564 3674">
     <span class='ocr_line' id='line_1_98' title="bbox 2080 3601 2564 3674; baseline -0.01 -15"><span class='ocrx_word' id='word_1_648' title='bbox 2080 3615 2142 3674; x_wconf 63' lang='lat' dir='ltr'>Bt.</span> <span class='ocrx_word' id='word_1_649' title='bbox 2171 3604 2289 3658; x_wconf 91' lang='lat' dir='ltr'>Deo</span> <span class='ocrx_word' id='word_1_650' title='bbox 2321 3601 2564 3670; x_wconf 87' lang='lat' dir='ltr'>gratias.</span> 
     </span>
    </p>
   </div>
   <div class='ocr_carea' id='block_1_99' title="bbox 2081 3685 3660 3759">
    <p class='ocr_par' dir='ltr' id='par_1_99' title="bbox 2081 3685 3660 3759">
     <span class='ocr_line' id='line_1_99' title="bbox 2081 3685 3660 3759; baseline -0.005 -13"><span class='ocrx_word' id='word_1_651' title='bbox 2081 3696 2145 3748; x_wconf 83' lang='lat' dir='ltr'>In</span> <span class='ocrx_word' id='word_1_652' title='bbox 2174 3690 2290 3746; x_wconf 90' lang='lat' dir='ltr'>illis</span> <span class='ocrx_word' id='word_1_653' title='bbox 2320 3689 2562 3745; x_wconf 87' lang='lat' dir='ltr'>diebus:</span> <span class='ocrx_word' id='word_1_654' title='bbox 2585 3687 2940 3743; x_wconf 84' lang='lat' dir='ltr'>Philisthiim</span> <span class='ocrx_word' id='word_1_655' title='bbox 2971 3685 3327 3759; x_wconf 87' lang='lat' dir='ltr'>pugnabant</span> <span class='ocrx_word' id='word_1_656' title='bbox 3372 3686 3660 3741; x_wconf 87' lang='lat' dir='ltr'>adversus</span> 
     </span>
    </p>
   </div>
   <div class='ocr_carea' id='block_1_100' title="bbox 2013 3774 3658 3849">
    <p class='ocr_par' dir='ltr' id='par_1_100' title="bbox 2013 3774 3658 3849">
     <span class='ocr_line' id='line_1_100' title="bbox 2013 3774 3658 3849; baseline -0.005 -12"><span class='ocrx_word' id='word_1_657' title='bbox 2013 3777 2609 3849; x_wconf 82' lang='lat' dir='ltr'>Israelzetfugierunt</span> <span class='ocrx_word' id='word_1_658' title='bbox 2653 3775 2964 3832; x_wconf 90' lang='lat' dir='ltr'>virilsrael</span> <span class='ocrx_word' id='word_1_659' title='bbox 3020 3779 3156 3832; x_wconf 90' lang='lat' dir='ltr'>ante</span> <span class='ocrx_word' id='word_1_660' title='bbox 3205 3774 3417 3830; x_wconf 87' lang='lat' dir='ltr'>faciem</span> <span class='ocrx_word' id='word_1_661' title='bbox 3462 3774 3658 3829; x_wconf 87' lang='lat' dir='ltr'>Philis-</span> 
     </span>
    </p>
   </div>
   <div class='ocr_carea' id='block_1_101' title="bbox 2012 3861 3663 3931">
    <p class='ocr_par' dir='ltr' id='par_1_101' title="bbox 2012 3861 3663 3931">
     <span class='ocr_line' id='line_1_101' title="bbox 2012 3861 3663 3931; baseline -0.006 -5"><span class='ocrx_word' id='word_1_662' title='bbox 2012 3870 2200 3931; x_wconf 88' lang='lat' dir='ltr'>thiim,</span> <span class='ocrx_word' id='word_1_663' title='bbox 2235 3871 2292 3924; x_wconf 90' lang='lat' dir='ltr'>et</span> <span class='ocrx_word' id='word_1_664' title='bbox 2317 3865 2657 3922; x_wconf 87' lang='lat' dir='ltr'>ceciderunt</span> <span class='ocrx_word' id='word_1_665' title='bbox 2682 3863 2969 3921; x_wconf 87' lang='lat' dir='ltr'>interfecti</span> <span class='ocrx_word' id='word_1_666' title='bbox 2995 3864 3056 3920; x_wconf 90' lang='lat' dir='ltr'>in</span> <span class='ocrx_word' id='word_1_667' title='bbox 3082 3867 3314 3919; x_wconf 91' lang='lat' dir='ltr'>montes</span> <span class='ocrx_word' id='word_1_668' title='bbox 3333 3861 3566 3919; x_wconf 90' lang='lat' dir='ltr'>Gelboe.</span> <span class='ocrx_word' id='word_1_669' title='bbox 3588 3864 3663 3916; x_wconf 88' lang='lat' dir='ltr'>[r-</span> 
     </span>
    </p>
   </div>
   <div class='ocr_carea' id='block_1_102' title="bbox 2013 3953 3663 4028">
    <p class='ocr_par' dir='ltr' id='par_1_102' title="bbox 2013 3953 3663 4028">
     <span class='ocr_line' id='line_1_102' title="bbox 2013 3953 3663 4028; baseline -0.005 -12"><span class='ocrx_word' id='word_1_670' title='bbox 2013 3962 2376 4028; x_wconf 84' lang='lat' dir='ltr'>rueruntque</span> <span class='ocrx_word' id='word_1_671' title='bbox 2406 3954 2760 4010; x_wconf 87' lang='lat' dir='ltr'>Philisthiim</span> <span class='ocrx_word' id='word_1_672' title='bbox 2777 3954 2838 4009; x_wconf 89' lang='lat' dir='ltr'>in</span> <span class='ocrx_word' id='word_1_673' title='bbox 2858 3953 3018 4018; x_wconf 90' lang='lat' dir='ltr'>Saul,</span> <span class='ocrx_word' id='word_1_674' title='bbox 3057 3953 3276 4009; x_wconf 86' lang='lat' dir='ltr'>etﬁlios</span> <span class='ocrx_word' id='word_1_675' title='bbox 3289 3953 3435 4024; x_wconf 92' lang='lat' dir='ltr'>ejus,</span> <span class='ocrx_word' id='word_1_676' title='bbox 3466 3957 3663 4023; x_wconf 87' lang='lat' dir='ltr'>etper-</span> 
     </span>
    </p>
   </div>
   <div class='ocr_carea' id='block_1_103' title="bbox 2016 4041 3662 4113">
    <p class='ocr_par' dir='ltr' id='par_1_103' title="bbox 2016 4041 3662 4113">
     <span class='ocr_line' id='line_1_103' title="bbox 2016 4041 3662 4113; baseline -0.005 -7"><span class='ocrx_word' id='word_1_677' title='bbox 2016 4051 2328 4106; x_wconf 88' lang='lat' dir='ltr'>cusserunt</span> <span class='ocrx_word' id='word_1_678' title='bbox 2346 4043 2686 4113; x_wconf 81' lang='lat' dir='ltr'>Jonatham,</span> <span class='ocrx_word' id='word_1_679' title='bbox 2731 4049 2787 4099; x_wconf 89' lang='lat' dir='ltr'>et</span> <span class='ocrx_word' id='word_1_680' title='bbox 2834 4042 3172 4112; x_wconf 83' lang='lat' dir='ltr'>Abinadab,</span> <span class='ocrx_word' id='word_1_681' title='bbox 3232 4047 3287 4097; x_wconf 90' lang='lat' dir='ltr'>et</span> <span class='ocrx_word' id='word_1_682' title='bbox 3329 4041 3662 4108; x_wconf 82' lang='lat' dir='ltr'>Melchisue,</span> 
     </span>
    </p>
   </div>
   <div class='ocr_carea' id='block_1_104' title="bbox 2016 4128 3666 4204">
    <p class='ocr_par' dir='ltr' id='par_1_104' title="bbox 2016 4128 3666 4204">
     <span class='ocr_line' id='line_1_104' title="bbox 2016 4128 3666 4204; baseline -0.005 -12"><span class='ocrx_word' id='word_1_683' title='bbox 2016 4136 2170 4192; x_wconf 88' lang='lat' dir='ltr'>ﬁlios</span> <span class='ocrx_word' id='word_1_684' title='bbox 2200 4133 2356 4203; x_wconf 86' lang='lat' dir='ltr'>Saul,</span> <span class='ocrx_word' id='word_1_685' title='bbox 2388 4138 2696 4204; x_wconf 90' lang='lat' dir='ltr'>totumque</span> <span class='ocrx_word' id='word_1_686' title='bbox 2710 4130 2948 4203; x_wconf 91' lang='lat' dir='ltr'>pondus</span> <span class='ocrx_word' id='word_1_687' title='bbox 2982 4129 3172 4202; x_wconf 73' lang='lat' dir='ltr'>praelii</span> <span class='ocrx_word' id='word_1_688' title='bbox 3201 4145 3440 4185; x_wconf 90' lang='lat' dir='ltr'>versum</span> <span class='ocrx_word' id='word_1_689' title='bbox 3493 4133 3582 4184; x_wconf 90' lang='lat' dir='ltr'>est</span> <span class='ocrx_word' id='word_1_690' title='bbox 3605 4128 3666 4184; x_wconf 91' lang='lat' dir='ltr'>in</span> 
     </span>
    </p>
   </div>
   <div class='ocr_carea' id='block_1_105' title="bbox 2022 4215 3669 4288">
    <p class='ocr_par' dir='ltr' id='par_1_105' title="bbox 2022 4215 3669 4288">
     <span class='ocr_line' id='line_1_105' title="bbox 2022 4215 3669 4288; baseline -0.005 -7"><span class='ocrx_word' id='word_1_691' title='bbox 2022 4223 2162 4282; x_wconf 91' lang='lat' dir='ltr'>Saul</span> <span class='ocrx_word' id='word_1_692' title='bbox 2188 4241 2200 4278; x_wconf 90' lang='lat'><strong>:</strong></span> <span class='ocrx_word' id='word_1_693' title='bbox 2223 4228 2278 4279; x_wconf 90' lang='lat' dir='ltr'>et</span> <span class='ocrx_word' id='word_1_694' title='bbox 2299 4221 2600 4278; x_wconf 88' lang='lat' dir='ltr'>consecuti</span> <span class='ocrx_word' id='word_1_695' title='bbox 2622 4225 2761 4276; x_wconf 90' lang='lat' dir='ltr'>sunt</span> <span class='ocrx_word' id='word_1_696' title='bbox 2789 4236 2926 4275; x_wconf 91' lang='lat' dir='ltr'>eum</span> <span class='ocrx_word' id='word_1_697' title='bbox 2957 4219 3067 4274; x_wconf 84' lang='lat' dir='ltr'>viri</span> <span class='ocrx_word' id='word_1_698' title='bbox 3092 4217 3404 4288; x_wconf 89' lang='lat' dir='ltr'>sagittarii,</span> <span class='ocrx_word' id='word_1_699' title='bbox 3446 4223 3500 4274; x_wconf 90' lang='lat' dir='ltr'>et</span> <span class='ocrx_word' id='word_1_700' title='bbox 3547 4215 3669 4272; x_wconf 88' lang='lat' dir='ltr'>vul-</span> 
     </span>
    </p>
   </div>
   <div class='ocr_carea' id='block_1_106' title="bbox 2022 4305 3671 4379">
    <p class='ocr_par' dir='ltr' id='par_1_106' title="bbox 2022 4305 3671 4379">
     <span class='ocr_line' id='line_1_106' title="bbox 2022 4305 3671 4379; baseline -0.005 -9"><span class='ocrx_word' id='word_1_701' title='bbox 2022 4317 2262 4370; x_wconf 87' lang='lat' dir='ltr'>neratus</span> <span class='ocrx_word' id='word_1_702' title='bbox 2285 4316 2371 4368; x_wconf 91' lang='lat' dir='ltr'>est</span> <span class='ocrx_word' id='word_1_703' title='bbox 2396 4311 2778 4367; x_wconf 87' lang='lat' dir='ltr'>vehementer</span> <span class='ocrx_word' id='word_1_704' title='bbox 2807 4325 2842 4365; x_wconf 89' lang='lat' dir='ltr'>a</span> <span class='ocrx_word' id='word_1_705' title='bbox 2871 4308 3211 4379; x_wconf 88' lang='lat' dir='ltr'>sagittariis.</span> <span class='ocrx_word' id='word_1_706' title='bbox 3230 4309 3500 4379; x_wconf 88' lang='lat' dir='ltr'>Dixitque</span> <span class='ocrx_word' id='word_1_707' title='bbox 3532 4305 3671 4362; x_wconf 88' lang='lat' dir='ltr'>Saul</span> 
     </span>
    </p>
   </div>
   <div class='ocr_carea' id='block_1_107' title="bbox 2022 4396 3672 4472">
    <p class='ocr_par' dir='ltr' id='par_1_107' title="bbox 2022 4396 3672 4472">
     <span class='ocr_line' id='line_1_107' title="bbox 2022 4396 3672 4472; baseline -0.007 -12"><span class='ocrx_word' id='word_1_708' title='bbox 2022 4403 2102 4460; x_wconf 88' lang='lat' dir='ltr'>ad</span> <span class='ocrx_word' id='word_1_709' title='bbox 2129 4403 2492 4472; x_wconf 89' lang='lat' dir='ltr'>armigerum</span> <span class='ocrx_word' id='word_1_710' title='bbox 2515 4416 2722 4456; x_wconf 91' lang='lat' dir='ltr'>suum:</span> <span class='ocrx_word' id='word_1_711' title='bbox 2759 4399 3019 4468; x_wconf 88' lang='lat' dir='ltr'>Evagina</span> <span class='ocrx_word' id='word_1_712' title='bbox 3069 4396 3337 4467; x_wconf 89' lang='lat' dir='ltr'>gladium</span> <span class='ocrx_word' id='word_1_713' title='bbox 3387 4402 3576 4462; x_wconf 90' lang='lat' dir='ltr'>tuum,</span> <span class='ocrx_word' id='word_1_714' title='bbox 3616 4399 3672 4449; x_wconf 93' lang='lat' dir='ltr'>et</span> 
     </span>
    </p>
   </div>
   <div class='ocr_carea' id='block_1_108' title="bbox 2023 4484 3673 4565">
    <p class='ocr_par' dir='ltr' id='par_1_108' title="bbox 2023 4484 3673 4565">
     <span class='ocr_line' id='line_1_108' title="bbox 2023 4484 3673 4565; baseline -0.007 -17"><span class='ocrx_word' id='word_1_715' title='bbox 2023 4496 2263 4565; x_wconf 89' lang='lat' dir='ltr'>percute</span> <span class='ocrx_word' id='word_1_716' title='bbox 2293 4506 2421 4548; x_wconf 87' lang='lat' dir='ltr'>me:</span> <span class='ocrx_word' id='word_1_717' title='bbox 2447 4505 2520 4544; x_wconf 89' lang='lat' dir='ltr'>ne</span> <span class='ocrx_word' id='word_1_718' title='bbox 2536 4489 2685 4544; x_wconf 85' lang='lat' dir='ltr'>forte</span> <span class='ocrx_word' id='word_1_719' title='bbox 2709 4487 2950 4543; x_wconf 90' lang='lat' dir='ltr'>veniant</span> <span class='ocrx_word' id='word_1_720' title='bbox 2985 4485 3383 4541; x_wconf 88' lang='lat' dir='ltr'>incircumcisi</span> <span class='ocrx_word' id='word_1_721' title='bbox 3440 4484 3554 4548; x_wconf 90' lang='lat' dir='ltr'>isti,</span> <span class='ocrx_word' id='word_1_722' title='bbox 3616 4486 3673 4538; x_wconf 91' lang='lat' dir='ltr'>et</span> 
     </span>
    </p>
   </div>
   <div class='ocr_carea' id='block_1_109' title="bbox 1948 4564 3674 4642">
    <p class='ocr_par' dir='ltr' id='par_1_109' title="bbox 1948 4564 3674 4642">
     <span class='ocr_line' id='line_1_109' title="bbox 1948 4564 3674 4642; baseline -0.008 -5"><span class='ocrx_word' id='word_1_723' title='bbox 1948 4564 1992 4618; x_wconf 83' lang='lat' dir='ltr'>D</span> <span class='ocrx_word' id='word_1_724' title='bbox 2024 4564 2377 4638; x_wconf 85' lang='lat' dir='ltr'>interﬁciant</span> <span class='ocrx_word' id='word_1_725' title='bbox 2406 4594 2520 4642; x_wconf 90' lang='lat' dir='ltr'>me,</span> <span class='ocrx_word' id='word_1_726' title='bbox 2543 4576 2877 4632; x_wconf 86' lang='lat' dir='ltr'>inludentes</span> <span class='ocrx_word' id='word_1_727' title='bbox 2903 4575 3068 4630; x_wconf 86' lang='lat' dir='ltr'>mihi.</span> <span class='ocrx_word' id='word_1_728' title='bbox 3098 4578 3162 4630; x_wconf 88' lang='lat' dir='ltr'>Et</span> <span class='ocrx_word' id='word_1_729' title='bbox 3192 4574 3378 4631; x_wconf 90' lang='lat' dir='ltr'>noluit</span> <span class='ocrx_word' id='word_1_730' title='bbox 3417 4571 3674 4640; x_wconf 87' lang='lat' dir='ltr'>armiger</span> 
     </span>
    </p>
   </div>
   <div class='ocr_carea' id='block_1_110' title="bbox 2028 4657 3675 4742">
    <p class='ocr_par' dir='ltr' id='par_1_110' title="bbox 2028 4657 3675 4742">
     <span class='ocr_line' id='line_1_110' title="bbox 2028 4657 3675 4742; baseline -0.009 -16"><span class='ocrx_word' id='word_1_731' title='bbox 2028 4671 2183 4742; x_wconf 89' lang='lat' dir='ltr'>ejus:</span> <span class='ocrx_word' id='word_1_732' title='bbox 2203 4667 2566 4725; x_wconf 86' lang='lat' dir='ltr'>fueratenim</span> <span class='ocrx_word' id='word_1_733' title='bbox 2591 4664 2776 4721; x_wconf 90' lang='lat' dir='ltr'>nimio</span> <span class='ocrx_word' id='word_1_734' title='bbox 2805 4666 3012 4720; x_wconf 87' lang='lat' dir='ltr'>timore</span> <span class='ocrx_word' id='word_1_735' title='bbox 3031 4664 3395 4736; x_wconf 89' lang='lat' dir='ltr'>perterritus.</span> <span class='ocrx_word' id='word_1_736' title='bbox 3418 4657 3675 4728; x_wconf 87' lang='lat' dir='ltr'>Arripuit</span> 
     </span>
    </p>
   </div>
   <div class='ocr_carea' id='block_1_111' title="bbox 2030 4745 3674 4831">
    <p class='ocr_par' dir='ltr' id='par_1_111' title="bbox 2030 4745 3674 4831">
     <span class='ocr_line' id='line_1_111' title="bbox 2030 4745 3674 4831; baseline -0.009 -17"><span class='ocrx_word' id='word_1_737' title='bbox 2030 4760 2232 4831; x_wconf 90' lang='lat' dir='ltr'>itaque</span> <span class='ocrx_word' id='word_1_738' title='bbox 2255 4756 2394 4814; x_wconf 90' lang='lat' dir='ltr'>Saul</span> <span class='ocrx_word' id='word_1_739' title='bbox 2417 4755 2769 4827; x_wconf 84' lang='lat' dir='ltr'>gladium,et</span> <span class='ocrx_word' id='word_1_740' title='bbox 2785 4753 2963 4809; x_wconf 90' lang='lat' dir='ltr'>inruit</span> <span class='ocrx_word' id='word_1_741' title='bbox 2985 4768 3164 4824; x_wconf 91' lang='lat' dir='ltr'>super</span> <span class='ocrx_word' id='word_1_742' title='bbox 3185 4745 3674 4812; x_wconf 88' lang='lat' dir='ltr'>eum.Quodcum</span> 
     </span>
    </p>
   </div>
   <div class='ocr_carea' id='block_1_112' title="bbox 2031 4838 3678 4916">
    <p class='ocr_par' dir='ltr' id='par_1_112' title="bbox 2031 4838 3678 4916">
     <span class='ocr_line' id='line_1_112' title="bbox 2031 4838 3678 4916; baseline -0.008 -12"><span class='ocrx_word' id='word_1_743' title='bbox 2031 4847 2280 4904; x_wconf 89' lang='lat' dir='ltr'>vidisset</span> <span class='ocrx_word' id='word_1_744' title='bbox 2306 4845 2563 4916; x_wconf 87' lang='lat' dir='ltr'>armiger</span> <span class='ocrx_word' id='word_1_745' title='bbox 2587 4844 2735 4914; x_wconf 87' lang='lat' dir='ltr'>ejus,</span> <span class='ocrx_word' id='word_1_746' title='bbox 2754 4842 3026 4898; x_wconf 88' lang='lat' dir='ltr'>videlicet</span> <span class='ocrx_word' id='word_1_747' title='bbox 3049 4838 3216 4912; x_wconf 88' lang='lat' dir='ltr'>quod</span> <span class='ocrx_word' id='word_1_748' title='bbox 3233 4843 3504 4892; x_wconf 88' lang='lat' dir='ltr'>mortuus</span> <span class='ocrx_word' id='word_1_749' title='bbox 3525 4839 3678 4891; x_wconf 90' lang='lat' dir='ltr'>esset</span> 
     </span>
    </p>
   </div>
   <div class='ocr_carea' id='block_1_113' title="bbox 2035 4927 3677 5003">
    <p class='ocr_par' dir='ltr' id='par_1_113' title="bbox 2035 4927 3677 5003">
     <span class='ocr_line' id='line_1_113' title="bbox 2035 4927 3677 5003; baseline -0.008 -10"><span class='ocrx_word' id='word_1_750' title='bbox 2035 4934 2382 5003; x_wconf 90' lang='lat' dir='ltr'>Saul,inruit</span> <span class='ocrx_word' id='word_1_751' title='bbox 2409 4931 2726 5002; x_wconf 90' lang='lat' dir='ltr'>etiamipse</span> <span class='ocrx_word' id='word_1_752' title='bbox 2750 4945 2928 5002; x_wconf 89' lang='lat' dir='ltr'>super</span> <span class='ocrx_word' id='word_1_753' title='bbox 2949 4927 3218 4999; x_wconf 88' lang='lat' dir='ltr'>gladium</span> <span class='ocrx_word' id='word_1_754' title='bbox 3243 4931 3677 4995; x_wconf 85' lang='lat' dir='ltr'>suum,etmor-</span> 
     </span>
    </p>
   </div>
   <div class='ocr_carea' id='block_1_114' title="bbox 2033 5013 3680 5088">
    <p class='ocr_par' dir='ltr' id='par_1_114' title="bbox 2033 5013 3680 5088">
     <span class='ocr_line' id='line_1_114' title="bbox 2033 5013 3680 5088; baseline -0.009 -7"><span class='ocrx_word' id='word_1_755' title='bbox 2033 5030 2168 5081; x_wconf 91' lang='lat' dir='ltr'>tuus</span> <span class='ocrx_word' id='word_1_756' title='bbox 2197 5027 2285 5080; x_wconf 90' lang='lat' dir='ltr'>est</span> <span class='ocrx_word' id='word_1_757' title='bbox 2305 5039 2442 5078; x_wconf 91' lang='lat' dir='ltr'>cum</span> <span class='ocrx_word' id='word_1_758' title='bbox 2469 5023 2826 5077; x_wconf 84' lang='lat' dir='ltr'>eo.Mortuus</span> <span class='ocrx_word' id='word_1_759' title='bbox 2858 5023 2946 5074; x_wconf 91' lang='lat' dir='ltr'>est</span> <span class='ocrx_word' id='word_1_760' title='bbox 2968 5032 3107 5088; x_wconf 90' lang='lat' dir='ltr'>ergo</span> <span class='ocrx_word' id='word_1_761' title='bbox 3140 5016 3298 5082; x_wconf 85' lang='lat' dir='ltr'>Saul,</span> <span class='ocrx_word' id='word_1_762' title='bbox 3333 5021 3389 5073; x_wconf 91' lang='lat' dir='ltr'>et</span> <span class='ocrx_word' id='word_1_763' title='bbox 3412 5021 3524 5074; x_wconf 90' lang='lat' dir='ltr'>tres</span> <span class='ocrx_word' id='word_1_764' title='bbox 3574 5013 3680 5070; x_wconf 82' lang='lat' dir='ltr'>ﬁlii</span> 
     </span>
    </p>
   </div>
   <div class='ocr_carea' id='block_1_115' title="bbox 2034 5103 3681 5185">
    <p class='ocr_par' dir='ltr' id='par_1_115' title="bbox 2034 5103 3681 5185">
     <span class='ocr_line' id='line_1_115' title="bbox 2034 5103 3681 5185; baseline -0.007 -15"><span class='ocrx_word' id='word_1_765' title='bbox 2034 5115 2181 5185; x_wconf 91' lang='lat' dir='ltr'>ejus,</span> <span class='ocrx_word' id='word_1_766' title='bbox 2207 5117 2262 5168; x_wconf 90' lang='lat' dir='ltr'>et</span> <span class='ocrx_word' id='word_1_767' title='bbox 2283 5110 2537 5180; x_wconf 89' lang='lat' dir='ltr'>armiger</span> <span class='ocrx_word' id='word_1_768' title='bbox 2565 5106 3082 5173; x_wconf 89' lang='lat' dir='ltr'>illius,etuniversi</span> <span class='ocrx_word' id='word_1_769' title='bbox 3105 5105 3213 5161; x_wconf 87' lang='lat' dir='ltr'>viri</span> <span class='ocrx_word' id='word_1_770' title='bbox 3262 5107 3389 5177; x_wconf 92' lang='lat' dir='ltr'>ejus</span> <span class='ocrx_word' id='word_1_771' title='bbox 3412 5105 3586 5176; x_wconf 73' lang='lat'><strong>302</strong></span> <span class='ocrx_word' id='word_1_772' title='bbox 3618 5103 3681 5158; x_wconf 89' lang='lat' dir='ltr'>in</span> 
     </span>
    </p>
   </div>
   <div class='ocr_carea' id='block_1_116' title="bbox 2033 5193 3682 5270">
    <p class='ocr_par' dir='ltr' id='par_1_116' title="bbox 2033 5193 3682 5270">
     <span class='ocr_line' id='line_1_116' title="bbox 2033 5193 3682 5270; baseline -0.007 -13"><span class='ocrx_word' id='word_1_773' title='bbox 2033 5202 2128 5258; x_wconf 91' lang='lat' dir='ltr'>die</span> <span class='ocrx_word' id='word_1_774' title='bbox 2150 5200 2250 5256; x_wconf 89' lang='lat' dir='ltr'>illa</span> <span class='ocrx_word' id='word_1_775' title='bbox 2271 5198 2791 5270; x_wconf 84' lang='lat' dir='ltr'>pariter.Videntes</span> <span class='ocrx_word' id='word_1_776' title='bbox 2805 5203 3005 5254; x_wconf 89' lang='lat' dir='ltr'>autem</span> <span class='ocrx_word' id='word_1_777' title='bbox 3023 5196 3130 5252; x_wconf 91' lang='lat' dir='ltr'>viri</span> <span class='ocrx_word' id='word_1_778' title='bbox 3165 5195 3360 5260; x_wconf 89' lang='lat' dir='ltr'>Israel,</span> <span class='ocrx_word' id='word_1_779' title='bbox 3390 5193 3493 5264; x_wconf 90' lang='lat' dir='ltr'>qui</span> <span class='ocrx_word' id='word_1_780' title='bbox 3517 5195 3682 5246; x_wconf 91' lang='lat' dir='ltr'>erant</span> 
     </span>
    </p>
   </div>
   <div class='ocr_carea' id='block_1_117' title="bbox 2032 5279 3686 5356">
    <p class='ocr_par' dir='ltr' id='par_1_117' title="bbox 2032 5279 3686 5356">
     <span class='ocr_line' id='line_1_117' title="bbox 2032 5279 3686 5356; baseline -0.009 -9"><span class='ocrx_word' id='word_1_781' title='bbox 2032 5296 2197 5347; x_wconf 91' lang='lat' dir='ltr'>trans</span> <span class='ocrx_word' id='word_1_782' title='bbox 2222 5287 2523 5352; x_wconf 88' lang='lat' dir='ltr'>vallem,et</span> <span class='ocrx_word' id='word_1_783' title='bbox 2544 5294 2705 5343; x_wconf 88' lang='lat' dir='ltr'>trans</span> <span class='ocrx_word' id='word_1_784' title='bbox 2724 5288 3065 5351; x_wconf 72' lang='lat' dir='ltr'>Iordanem,</span> <span class='ocrx_word' id='word_1_785' title='bbox 3086 5284 3249 5356; x_wconf 89' lang='lat' dir='ltr'>quod</span> <span class='ocrx_word' id='word_1_786' title='bbox 3270 5283 3559 5350; x_wconf 88' lang='lat' dir='ltr'>fugissent</span> <span class='ocrx_word' id='word_1_787' title='bbox 3575 5279 3686 5339; x_wconf 87' lang='lat' dir='ltr'>viri</span> 
     </span>
    </p>
   </div>
   <div class='ocr_carea' id='block_1_118' title="bbox 2033 5368 3682 5450">
    <p class='ocr_par' dir='ltr' id='par_1_118' title="bbox 2033 5368 3682 5450">
     <span class='ocr_line' id='line_1_118' title="bbox 2033 5368 3682 5450; baseline -0.007 -15"><span class='ocrx_word' id='word_1_788' title='bbox 2033 5378 2392 5444; x_wconf 74' lang='lat' dir='ltr'>Israelitee,et</span> <span class='ocrx_word' id='word_1_789' title='bbox 2410 5377 2576 5450; x_wconf 90' lang='lat' dir='ltr'>quod</span> <span class='ocrx_word' id='word_1_790' title='bbox 2602 5383 2873 5433; x_wconf 87' lang='lat' dir='ltr'>mortuus</span> <span class='ocrx_word' id='word_1_791' title='bbox 2903 5379 3058 5430; x_wconf 84' lang='lat' dir='ltr'>esset</span> <span class='ocrx_word' id='word_1_792' title='bbox 3085 5372 3241 5434; x_wconf 89' lang='lat' dir='ltr'>Saul,</span> <span class='ocrx_word' id='word_1_793' title='bbox 3289 5374 3344 5424; x_wconf 90' lang='lat' dir='ltr'>et</span> <span class='ocrx_word' id='word_1_794' title='bbox 3370 5368 3475 5422; x_wconf 81' lang='lat' dir='ltr'>filii</span> <span class='ocrx_word' id='word_1_795' title='bbox 3531 5369 3682 5439; x_wconf 89' lang='lat' dir='ltr'>ejus,</span> 
     </span>
    </p>
   </div>
   <div class='ocr_carea' id='block_1_119' title="bbox 2031 5462 3686 5541">
    <p class='ocr_par' dir='ltr' id='par_1_119' title="bbox 2031 5462 3686 5541">
     <span class='ocr_line' id='line_1_119' title="bbox 2031 5462 3686 5541; baseline -0.007 -15"><span class='ocrx_word' id='word_1_796' title='bbox 2031 5469 2396 5541; x_wconf 87' lang='lat' dir='ltr'>reliquerunt</span> <span class='ocrx_word' id='word_1_797' title='bbox 2417 5468 2681 5524; x_wconf 88' lang='lat' dir='ltr'>civitates</span> <span class='ocrx_word' id='word_1_798' title='bbox 2704 5463 3234 5532; x_wconf 88' lang='lat' dir='ltr'>suas,etfugierunt</span> <span class='ocrx_word' id='word_1_799' title='bbox 3251 5478 3262 5514; x_wconf 92' lang='lat'>:</span> <span class='ocrx_word' id='word_1_800' title='bbox 3281 5462 3686 5531; x_wconf 87' lang='lat' dir='ltr'>veneruntque</span> 
     </span>
    </p>
   </div>
   <div class='ocr_carea' id='block_1_120' title="bbox 2033 5547 3685 5632">
    <p class='ocr_par' dir='ltr' id='par_1_120' title="bbox 2033 5547 3685 5632">
     <span class='ocr_line' id='line_1_120' title="bbox 2033 5547 3685 5632; baseline -0.004 -17"><span class='ocrx_word' id='word_1_801' title='bbox 2033 5558 2479 5632; x_wconf 84' lang='lat' dir='ltr'>Philisthiim,et</span> <span class='ocrx_word' id='word_1_802' title='bbox 2497 5557 2916 5617; x_wconf 85' lang='lat' dir='ltr'>habitaverunt</span> <span class='ocrx_word' id='word_1_803' title='bbox 2933 5550 3222 5610; x_wconf 81' lang='lat' dir='ltr'>ibi.Facta</span> <span class='ocrx_word' id='word_1_804' title='bbox 3245 5550 3444 5608; x_wconf 84' lang='lat' dir='ltr'>autem</span> <span class='ocrx_word' id='word_1_805' title='bbox 3462 5548 3558 5610; x_wconf 87' lang='lat' dir='ltr'>die</span> <span class='ocrx_word' id='word_1_806' title='bbox 3605 5547 3685 5609; x_wconf 78' lang='lat' dir='ltr'>al-</span> 
     </span>
    </p>
   </div>
  </div>
