4094 6164
250 269 345 324 417

1403 278 1447 334 D
1472 275 1779 335 OMINICA
1806 268 1853 331 ν
1894 266 2498 342 QUADRAGESIMIE.

3551 278 3657 334 418

306 394 1537 475 Antiphon03.0bprobriuminsipientium
1550 402 1895 459 dedistime.
1940 398 1984 453 A
2015 397 2253 453 soletur.
2285 398 2346 457 ἲν.
2381 400 2622 463 Omnes,
2655 395 2759 469 qui
2790 396 3201 466 gloriﬁcabant
3218 414 3334 467 me,
3358 402 3661 473 inspreve-

244 482 542 550 Obmutui,
565 488 621 541 et
643 502 766 542 non
789 488 997 560 aperui
1026 506 1094 545 os
1120 508 1344 559 meum,
1373 493 1664 565 quoniam
1687 496 1747 548 tu
1766 490 1903 547 feci-

245 572 309 628 sti
340 590 352 626 :
388 589 608 630 amove
642 591 678 630 a
708 592 802 631 me
842 576 1081 647 ﬂagella
1110 585 1235 637 tua.
1264 580 1324 641 it.
1361 582 1524 637 Dixi:
1561 581 1901 638 Custodiam

245 660 366 715 vias
397 678 569 716 meas
611 669 701 719 :et
728 680 848 719 non
878 665 1226 739 delinquam
1251 669 1313 724 in
1335 670 1539 740 lingua
1560 687 1703 725 mea.
1730 668 1904 725 Posui

247 749 334 804 ori
364 766 499 805 meo
517 751 879 818 custodiam,
928 754 1075 812 dum
1104 758 1371 815 consistit
1401 765 1676 830 peccator
1696 758 1897 815 adver

250 854 383 893 sum
413 856 530 894 me.

312 927 611 997 Hymnus.
640 930 685 985 Ο
718 932 1033 987 Nazarene.
1063 932 1175 1001 fol.
1212 933 1332 989 144.

308 1015 538 1073 Oratio.
568 1017 797 1075 Christe
830 1020 931 1076 Dei
976 1021 1173 1087 Filius,
1206 1025 1310 1095 qui
1340 1023 1738 1097 obprobrium
1764 1024 1900 1081 insi-

232 1102 532 1177 pientium
572 1105 766 1163 factus
792 1125 874 1178 es,
907 1125 1121 1166 amove
1146 1127 1182 1167 a
1211 1112 1386 1168 nobis
1418 1112 1656 1184 ﬂagella
1687 1118 1821 1180 tua;
1846 1116 1901 1169 et

222 1188 628 1263 languoribus
655 1196 875 1253 nostris
898 1200 1132 1269 porrige
1151 1201 1511 1259 medicinam
1536 1220 1547 1257 :
1584 1208 1645 1259 ut
1670 1219 1705 1258 a
1735 1207 1788 1258 te
1813 1217 1898 1257 re-

226 1282 439 1353 specti,
478 1299 606 1338 non
635 1281 902 1341 feramur
922 1288 1212 1360 praecipiti
1231 1289 1320 1347 ira
1349 1290 1725 1347 damnabiles
1750 1308 1763 1356 ;
1791 1289 1896 1344 sed

222 1369 511 1442 exemplo
544 1376 661 1427 tum
689 1373 990 1445 passionis
1027 1375 1354 1434 reddamur
1375 1381 1451 1436 ad
1469 1378 1673 1436 omnia
1698 1376 1894 1435 mites.

299 1458 478 1514 Pater
504 1467 723 1517 noster.

832 1552 920 1608 Ad
956 1554 1288 1624 Vesperam.

298 1636 524 1693 Lauda.
550 1640 634 1694 Tu
647 1637 956 1697 illuminas
982 1643 1290 1700 lucernam
1308 1661 1507 1701 meam
1534 1645 1797 1703 Domine.
1833 1645 1895 1707 ἴ.

221 1727 537 1782 Auxilium
560 1744 768 1783 meum
800 1746 832 1783 a
856 1732 1132 1798 Domino,
1162 1736 1433 1791 Psalmus
1454 1752 1582 1791 cxx.

304 1815 771 1884 Antiphona.Ab
785 1818 1056 1875 omnibus
1072 1823 1895 1894 persequentibuthrDomine

226 1905 397 1958 Deus
417 1920 583 1959 meus
619 1906 682 1961 in
714 1911 768 1961 te
790 1910 1023 1979 speravi
1055 1927 1068 1965 :
1106 1911 1343 1967 salvum
1377 1929 1470 1967 me
1504 1912 1594 1969 fac
1612 1929 1678 1969 ex
1706 1914 1898 1970 omni-

219 1989 350 2048 bus
384 1995 879 2066 persequentibus
910 2014 1025 2070 me,
1055 2004 1112 2055 et
1141 2000 1300 2073 eripe
1324 2017 1439 2058 me.

292 2082 606 2151 Hymnus.
648 2084 912 2142 Verbum
941 2087 1144 2144 Patris.
1175 2092 1284 2160 fol.
1316 2095 1437 2146 252.

291 2170 609 2239 Capitula.
639 2172 924 2247 Gloriose,
960 2182 1197 2249 potens.
1224 2180 1339 2248 fol.
1367 2182 1491 2237 264.

296 2259 541 2317 Lauda.
578 2261 920 2320 Exclamavi
950 2265 1008 2320 in
1036 2270 1179 2323 toto.
1208 2268 1318 2336 fol.
1344 2273 1469 2325 293.

871 2371 1030 2409 FERIA
1056 2371 1249 2411 TERTIA
1262 2399 1272 2409 .

808 2441 907 2497 Ad
924 2442 1313 2500 Matutinum.

293 2528 678 2598 Antiphonti.
725 2528 879 2587 Voce
909 2549 1045 2589 mea
1074 2533 1171 2588 ad.
1204 2536 1473 2590 Psalmus
1494 2551 1571 2591 Ill.

284 2617 371 2673 Et
396 2617 627 2673 Oratio.
664 2619 889 2676 Exaudi
917 2637 1026 2677 nos
1058 2622 1325 2690 Domine,
1345 2623 1457 2691 fol.
1480 2627 1603 2679 275.

283 2707 653 2778 Antiphona
672 2708 698 2761 l
713 2751 726 2765 .
744 2712 1055 2782 Tanquam
1071 2712 1368 2781 lugens,et
1384 2713 1765 2769 contristatus
1785 2712 1893 2768 hu-

214 2794 538 2851 miliabar.
570 2797 635 2851 Et
664 2796 987 2854 adversum
1023 2816 1116 2856 me
1148 2800 1326 2856 laetati
1359 2807 1577 2868 sunt,et
1607 2817 1894 2857 convene-

211 2889 380 2939 runt.
418 2883 803 2954 Congregata
823 2892 964 2943 sunt
990 2891 1049 2943 in
1080 2904 1176 2943 me
1207 2888 1464 2960 ﬂagella,
1496 2896 1551 2945 et
1579 2890 1893 2960 ignorave-

212 2978 362 3028 runt
392 2986 404 3025 ξ
440 2972 506 3033 ῒ.
560 2976 960 3032 Tentaverunt
1000 2993 1117 3041 me,
1173 2982 1229 3034 et
1279 2978 1614 3036 deriserunt
1640 2978 1841 3034 derisu
1877 2993 1888 3031 :

219 3061 577 3118 stridebant
604 3062 665 3117 in
695 3080 791 3119 me
808 3063 1087 3121 dentibus
1120 3065 1263 3124 suis.

290 3148 520 3207 Oratio.
553 3149 767 3206 Libera
816 3167 927 3207 nos
953 3152 1201 3209 Domine
1245 3154 1318 3210 de
1351 3154 1793 3211 contristatione
1836 3160 1891 3213 et

214 3238 292 3294 de
328 3239 591 3311 ﬂagellis
615 3246 999 3311 peccatorum
1012 3248 1381 3304 nostrorum:
1404 3250 1465 3300 ut
1486 3260 1605 3301 non
1622 3244 1892 3301 humilia-

221 3345 371 3385 mur
402 3329 761 3386 abinimicis
781 3331 1049 3389 Eecelsim
1082 3338 1229 3389 ture:
1260 3334 1363 3389 sed
1385 3340 1605 3405 praesta
1626 3334 1896 3403 nobis,ut

213 3424 423 3475 tecum
462 3424 603 3491 post
645 3420 959 3477 transitum
985 3421 1216 3478 inﬁnito
1252 3421 1445 3494 jubilo
1470 3421 1891 3494 jocundemur.

224 3517 293 3573 ἢ.
330 3512 551 3564 Amen.

290 3596 675 3666 Antiphona.
710 3596 815 3663 Qui
836 3597 1233 3655 tribulantme
1253 3599 1480 3655 inimici
1503 3600 1639 3666 mei,
1670 3601 1781 3673 ipsi
1812 3602 1897 3658 in-

218 3682 449 3741 ﬁrmati
476 3690 635 3750 sunt,
670 3690 725 3741 et
751 3685 1111 3743 ceciderunt.
1144 3684 1207 3748 V.
1233 3688 1517 3743 Dominus
1541 3688 1895 3746 illuminatio

218 3778 445 3842 mea,et
467 3773 636 3829 salus
660 3790 1003 3847 mea,quem
1023 3775 1282 3831 timebo?
1310 3777 1593 3832 Dominus
1620 3778 1896 3834 defensor

224 3862 365 3918 vita:
399 3878 581 3932 meae,
615 3878 651 3919 a
675 3880 797 3936 quo
827 3865 1161 3937 trepidabo.

294 3952 530 4007 Oratio.
558 3951 668 4016 Qui
690 3952 1114 4024 tribulantnos,
1143 3953 1413 4020 Domine,
1438 3954 1811 4011 inﬁrmentur
1841 3961 1897 4013 et

224 4046 940 4111 pereant;cognoscentes
954 4048 1129 4114 poten
1140 4042 1279 4098 tiam
1294 4048 1459 4099 tuam
1475 4049 1791 4107 retrorsum
1804 4061 1893 4100 re-

218 4124 414 4180 deant
444 4140 460 4178 ε
490 4134 551 4182 ut
582 4128 841 4185 Ecclesia
889 4135 1011 4200 tua,
1033 4147 1167 4203 quae
1216 4136 1304 4187 est
1330 4132 1389 4187 in
1418 4131 1698 4187 omnibus
1724 4136 1893 4190 terrm

214 4211 459 4269 ﬁnibus
470 4213 1079 4288 dilatata,magniﬁcet
1096 4235 1319 4275 nomen
1340 4224 1531 4285 tuum;
1547 4237 1686 4276 cum
1704 4222 1892 4278 mani.

217 4302 452 4360 festata
474 4303 647 4361 fuerit
666 4306 858 4377 gloria
894 4313 1012 4364 tua.
1041 4307 1102 4368 ἰν.
1135 4312 1345 4366 Amen.

289 4392 644 4463 Antiphona
674 4399 728 4451 3.
759 4396 852 4451 Ab
871 4396 1114 4452 homine
1144 4398 1355 4470 iniquo
1382 4403 1438 4455 et
1470 4396 1681 4455 doloso
1706 4398 1892 4456 libera

209 4497 331 4549 me,
372 4482 652 4538 Domine.
678 4484 829 4549 Quia
876 4488 939 4540 tu
986 4502 1047 4541 es
1079 4487 1233 4542 Deus
1262 4504 1451 4551 meus,
1511 4493 1565 4542 et
1608 4487 1889 4544 fortitudo

208 4588 370 4628 mea.
436 4571 500 4631 ἴ.
545 4572 755 4629 Judica
803 4590 899 4629 me
964 4575 1139 4639 Deus,
1196 4581 1251 4631 et
1299 4576 1571 4631 discerne
1643 4593 1889 4634 causam

210 4677 421 4718 meam
456 4660 537 4716 de
578 4666 752 4730 gente
792 4678 916 4719 non
943 4670 1149 4721 sancta
1179 4683 1192 4718 :
1220 4664 1298 4721 ah
1335 4665 1579 4721 homine
1600 4665 1804 4738 iniquo
1836 4670 1893 4723 et

229 4746 423 4807 doloso
458 4750 657 4806 libera
693 4768 810 4807 me.

284 4842 527 4899 Oratio.
559 4843 643 4896 Tu
659 4840 813 4897 Deus
824 4846 1023 4899 noster
1041 4842 1229 4901 libera
1242 4860 1351 4902 nos
1373 4844 1450 4901 ab
1473 4843 1756 4901 omnibus
1778 4844 1888 4901 ini-

230 4932 335 4997 qUis
351 4935 413 4988 et
438 4928 676 4986 dolosis
703 4948 715 4980 :
745 4940 804 4986 ut
828 4930 1007 5003 plena
1030 4933 1277 4989 sanitate
1300 4933 1611 4990 habitante
1632 4933 1692 4989 in
1716 4949 1889 4991 carne

224 5025 438 5085 nostra,
475 5018 557 5075 ad
596 5034 885 5076 coronam
920 5036 1260 5079 mereamur
1276 5024 1608 5095 pertingere
1636 5022 1890 5079 destina-

223 5104 364 5167 lam.
402 5120 467 5175 av.
497 5110 713 5163 Amen.

273 5210 343 5265 ἢ.
380 5196 547 5252 Multi
568 5198 821 5253 Domine
844 5198 1098 5267 gemitus
1130 5199 1267 5268 mei,
1296 5204 1351 5256 et
1383 5215 1485 5255 cor
1513 5214 1716 5253 meum
1746 5214 1888 5253 moe-

202 5288 367 5343 rens.
398 5285 585 5359 304
602 5286 903 5352 Quoniam
946 5288 1249 5345 adduxisti
1280 5289 1439 5345 diem
1459 5288 1884 5344 consolationis

195 5364 323 5431 thas
348 5391 537 5447 super
560 5374 1255 5433 me.Audieruntinimici
1277 5379 1391 5432 mei
1411 5377 1637 5433 malum
1660 5393 1883 5443 meum,

186 5450 349 5519 Plit
384 5462 793 5534 congratulati
820 5466 961 5519 sunt
984 5484 995 5521 :
1029 5464 1333 5522 vindemia
1361 5482 1482 5538 eos,
1504 5467 1656 5523 sicut
1675 5463 1884 5520 vinde-

179 5550 420 5612 lhiasti
444 5569 563 5611 me.
586 5553 1113 5625 Quiaingemisco,
1134 5558 1191 5613 et
1214 5571 1336 5614 non
1362 5559 1451 5614 est
1488 5555 1592 5628 qui
1612 5571 1708 5612 me
1739 5569 1882 5629 con-_

2014 489 2151 541 runt
2193 501 2287 541 me
2311 505 2322 542 :
2348 486 2621 543 viderunt
2643 485 2801 542 enim
2828 485 2886 541 in
2905 486 3288 556 ignominiam
3327 506 3548 549 meam.
3572 493 3649 551 P.

2015 575 2079 630 Et
2098 575 2513 644 congratulati.

2123 664 2346 719 Oratio.
2376 663 2551 728 Deus,
2572 663 2745 735 quiin
2768 663 3185 720 exercitatione
3222 670 3428 723 nostra
3450 670 3660 726 contri-

2013 752 2152 807 stari
2166 768 2275 807 nos
2292 751 2571 824 inspicis;
2595 753 2673 808 da
2686 752 2857 808 nobis
2870 753 3351 824 potentissimum
3373 756 3660 814 auxilium

2010 839 2072 895 in
2092 841 2337 896 victoria
2358 846 2582 896 sancta:
2604 841 2803 897 Crucis
2824 859 2841 894 :
2864 842 3051 914 utqui
3074 842 3350 914 exemplo
3373 848 3474 900 tuo
3491 860 3659 902 mun-

2012 927 2156 983 dum
2172 929 2544 985 decertamus
2570 929 2857 1000 evincere,
2884 930 3066 987 caelos
3090 946 3431 988 mereamur
3453 936 3507 989 et
3526 935 3665 1005 post

2010 1017 2326 1073 transitum
2358 1018 2681 1088 possidere.
2716 1030 2779 1088 Ba
2808 1024 3019 1076 Amen.

2082 1106 2683 1175 Antiphona.Auditui
2696 1122 2821 1163 meo
2834 1108 2997 1163 dona
3009 1107 3297 1178 gaudium
3314 1108 3657 1179 etlaetitiam,

2008 1193 2255 1248 Domine
2290 1210 2302 1247 :
2338 1197 2399 1249 ut
2428 1194 2685 1251 exultent
2714 1212 2851 1251 ossa
2878 1196 3215 1253 humiliata.
3237 1198 3504 1253 Psalmus
3532 1213 3583 1252 ι..

2081 1283 2307 1339 Oratio.
2341 1282 2682 1339 Clamamus
2714 1285 2791 1340 ad
2836 1289 2911 1350 te,
2948 1286 3225 1354 Domine;
3256 1285 3535 1343 miserere
3553 1301 3660 1343 no-

2006 1368 2099 1426 bis
2129 1390 2140 1429 :
2167 1386 2315 1426 sana
2358 1371 2591 1427 animas
2630 1376 2863 1428 nostras
2883 1389 2901 1443 ;
2926 1373 3069 1445 quia
3095 1374 3475 1445 peccavimus
3504 1375 3609 1431 tibi
3639 1390 3651 1430 :

2008 1462 2175 1514 tuum
2200 1464 2287 1514 est
2316 1459 2496 1525 enim,
2551 1460 2739 1516 nostri
2769 1460 3053 1531 misereri,
3086 1477 3409 1533 prorogare
3435 1463 3660 1519 miseri-

2007 1547 2275 1604 cordiam
2305 1561 2319 1601 :
2352 1552 2518 1604 tuum
2544 1553 2648 1613 est,
2701 1549 2917 1605 animae
2943 1549 3288 1606 vulneribus
3314 1550 3659 1622 impendere

2008 1652 2232 1703 curam,
2261 1642 2315 1693 et
2344 1638 2403 1692 in
2429 1638 2736 1707 patefactis
2766 1637 3087 1694 sceleribus
3134 1639 3397 1695 debitam
3420 1655 3541 1695 non
3564 1655 3659 1695 ex-

1933 1747 1977 1802 B
2009 1740 2199 1781 serere
2237 1725 2578 1793 vindictam,
2612 1742 2722 1781 nec
2758 1726 3122 1797 condignam
3151 1728 3543 1800 imposterum
3571 1744 3656 1784 re-

2007 1814 2266 1887 pendere
2299 1830 2541 1885 poenam
2575 1832 2587 1869 :
2615 1814 2695 1871 da
2718 1814 3137 1883 humilitatem,
3168 1832 3353 1889 quam
3386 1817 3655 1888 placatus

2005 1902 2312 1974 inspicias,
2337 1904 2605 1976 etaccipe
2644 1903 3171 1972 confessionem,ut
3191 1910 3438 1979 peccata
3459 1905 3657 1962 dimit-

2006 1992 2114 2044 tas.
2148 2000 2214 2059 BI.
2242 1991 2451 2047 Amen.

2073 2078 2429 2149 Antiphone.
2478 2082 2685 2137 Factus
2716 2096 2854 2138 sum
2896 2082 2958 2138 in
2989 2081 3253 2139 derisum
3290 2085 3413 2140 tota
3450 2082 3567 2149 die,
3600 2084 3655 2140 et

2002 2180 2213 2222 omnes
2236 2167 2610 2225 subsannant
2639 2185 2754 2226 me.

2076 2257 2409 2313 Canticum.
2436 2258 2729 2315 Seduxisti
2760 2275 2855 2315 me
2878 2259 3147 2317 Domine.
3174 2260 3282 2331 fol.
3312 2260 3439 2317 276.

2076 2344 2296 2403 Oratio.
2329 2349 2440 2402 Fac
2491 2363 2625 2411 nos,
2658 2348 2907 2405 Domine
2938 2352 3091 2405 Deus
3127 2348 3345 2415 noster,
3375 2353 3441 2407 ut
3463 2364 3573 2406 nec
3592 2348 3654 2407 in

2003 2431 2201 2487 derisu
2228 2432 2610 2490 inimicorum
2631 2441 2995 2504 nostrorum,
3039 2454 3145 2494 uec
3177 2436 3653 2494 subsannatione

2004 2522 2451 2578 adversantium
2473 2540 2584 2579 nos
2601 2525 2916 2596 fatigamur
2936 2545 2949 2584 :
2969 2526 3069 2581 sed
3092 2526 3283 2598 tu,qui
3302 2542 3365 2581 es
3386 2526 3656 2584 defensio

2002 2614 2226 2676 nostra,
2283 2625 2319 2665 a
2346 2612 2812 2669 contradictione
2860 2614 3274 2685 improborum
3302 2631 3414 2671 nos
3441 2616 3653 2686 libera,

2004 2708 2071 2767 ἢ.
2104 2701 2311 2753 Amen.

2075 2787 2717 2855 Antiphona.Auditam
2731 2788 2824 2844 fac
2842 2788 2988 2843 mihi
3006 2805 3183 2845 mane
3196 2789 3654 2847 misericordiam

2003 2878 2168 2930 tuam
2196 2891 2208 2928 :
2232 2877 2522 2946 quoniam
2554 2875 2615 2931 in
2648 2882 2700 2933 te
2742 2877 2975 2949 speravi
3006 2877 3276 2935 Domine.
3308 2878 3373 2935 P.
3402 2882 3657 2936 Demon-

2005 2968 2125 3020 stra
2152 2964 2319 3030 mihi,
2360 2966 2541 3031 viam,
2570 2979 2675 3037 per
2703 2982 2888 3037 quam
2939 2965 3245 3023 ambulem
3274 2984 3286 3022 :
3319 2968 3462 3040 quia
3492 2968 3571 3025 ad
3600 2972 3655 3026 te

2004 3051 2273 3117 Domine,
2302 3052 2491 3109 levavi
2522 3052 2791 3109 animam
2822 3070 3040 3110 meam.
3072 3054 3133 3116 ῒ.
3180 3058 3245 3111 ln
3277 3060 3590 3129 tympano,
3623 3072 3656 3113 e

2005 3141 2188 3198 choro
2213 3141 2451 3198 laudate
2483 3142 2837 3202 Dominum:
2866 3143 2928 3199 in
2950 3144 3189 3201 chordis
3212 3148 3507 3218 etorgano
3530 3146 3659 3203 lau-

2005 3230 2143 3285 date
2173 3246 2331 3287 eum.

2270 3320 2461 3377 Lectio
2479 3319 2621 3376 libri
2648 3320 2927 3377 Samuelis
2948 3323 3045 3393 (II
3061 3322 3283 3391 Regum
3304 3323 3389 3394 ιι).

2076 3420 2139 3480 Bt.
2175 3409 2295 3466 Deo
2324 3410 2567 3476 gratias.

2079 3497 2141 3551 In
2174 3496 2290 3552 illis
2317 3496 2563 3555 diebus:
2587 3496 2787 3552 Abner
2804 3495 2962 3552 ﬁlius
2998 3499 3127 3564 Ner,
3146 3497 3418 3569 princeps
3440 3497 3657 3554 exerci-

2008 3588 2101 3641 tus
2120 3583 2699 3646 Saul,tu1itlsboseth
2710 3584 2889 3639 ﬁlium
2906 3584 3512 3641 Sauletcircumdnxit
3525 3600 3658 3641 eum

2005 3689 2112 3745 per
2123 3680 2667 3744 castra,regemque
2680 3673 2977 3729 constituit
2989 3689 3169 3746 super
3179 3673 3403 3730 Galaad
3415 3678 3472 3730 et
3484 3686 3659 3746 super

2008 3762 2265 3826 Gessuri,
2287 3766 2343 3817 et
2364 3760 2851 3833 superlezrael,et
2869 3777 3049 3833 super
3071 3762 3372 3834 Ephraim,
3392 3767 3449 3818 et
3478 3777 3659 3835 super

2007 3852 2388 3924 Benjamin,et
2399 3865 2572 3923 super
2584 3850 2605 3904 Ι
2611 3850 2761 3906 srael
2775 3850 3544 3922 universum.Quadraginta
3554 3866 3658 3909 an-

2005 3956 2211 3997 norum
2225 3945 2350 3996 erat
2365 3937 2624 3995 Isboseth
2640 3938 2799 3994 ﬁlius
2814 3939 3106 4005 Saul,cum
3120 3956 3371 4011 regnare
3385 3940 3658 4012 coepisset

2007 4048 2185 4104 super
2205 4030 2405 4096 Israel,
2448 4034 2505 4085 et
2528 4028 2765 4085 duobus
2791 4029 2964 4085 annis
2987 4032 3281 4099 regnavit:
3299 4030 3425 4087 sola
3454 4035 3658 4087 autem

2004 4122 2147 4176 dom
2157 4122 2256 4175 usJ
2267 4116 2772 4190 uda,sequebatur
2794 4118 3073 4175 David.Et
3094 4118 3204 4175 fuit
3224 4134 3512 4176 numerus
3531 4119 3652 4176 die-

2000 4224 2319 4281 rum,quos
2332 4211 2719 4264 commoratus
2731 4212 2817 4264 est
2836 4207 3023 4263 David
3038 4209 3333 4280 imperans
3345 4210 3403 4265 in
3416 4209 3657 4265 Hebron

2003 4316 2181 4373 super
2192 4300 2422 4355 domum
2440 4301 2465 4355 J
2472 4299 2585 4355 uda
2599 4303 2828 4370 septem
2841 4305 3213 4367 annorum,et
3224 4316 3325 4357 sex
3340 4301 3651 4356 mensium.

2002 4394 2405 4461 Egressusque
2430 4391 2518 4444 est
2546 4386 2743 4443 Abner
2763 4387 2919 4444 ﬁlius
2950 4392 3079 4454 Ner,
3108 4394 3164 4445 et
3196 4390 3366 4461 pueri
3387 4389 3654 4445 Isboseth

2000 4480 2105 4534 ﬁlii
2133 4478 2271 4536 Saul
2297 4478 2369 4534 de
2400 4477 2606 4533 castris
2632 4477 2806 4547 juxta
2836 4477 3127 4549 piscinam
3175 4478 3441 4534 Gabaon.
3474 4480 3654 4533 Porro

2000 4568 2150 4625 Joab
2176 4568 2333 4624 ﬁlius
2360 4567 2600 4636 Sarviaa,
2659 4570 2715 4622 et
2744 4566 2911 4638 pueri
2949 4566 3135 4622 David
3176 4568 3394 4638 egressi
3441 4569 3654 4621 suntet

2000 4661 2384 4714 occurrerunt
2406 4655 2491 4711 eis
2523 4655 2694 4726 juxta
2720 4653 3009 4725 piscinam
3039 4655 3307 4712 Gabaon.
3334 4657 3399 4709 Et
3428 4668 3563 4707 cum
3590 4652 3653 4707 in

2000 4761 2191 4803 unum
2213 4744 2655 4808 convenissent,
2690 4759 2719 4797 e
2746 4743 2987 4812 regione
3012 4743 3291 4798 sederunt
3317 4759 3330 4797 :
3361 4741 3421 4796 hi
3443 4755 3515 4795 ex
3530 4755 3653 4797 una

2000 4841 2167 4909 parte
2204 4833 2471 4908 piscinae,
2504 4838 2560 4888 et
2590 4831 2671 4887 illi
2701 4847 2773 4887 ex
2803 4831 3007 4887 altera.
3037 4832 3310 4903 Dixitque
3348 4828 3545 4885 Abner
3574 4827 3653 4886 ad

1999 4925 2184 4981 Joab:
2211 4926 2468 4993 Surgunt
2494 4921 2686 4994 pueri,
2707 4925 2764 4976 et
2791 4920 3001 4976 ludant
3017 4936 3220 4976 coram
3243 4918 3439 4976 nobis.
3465 4921 3531 4976 Et
3568 4935 3657 4976 reo

2001 5013 2244 5087 spondit
2258 5012 2423 5070 Joab:
2436 5013 2709 5080 Surgant.
2732 5012 3121 5066 Surrexerunt
3149 5024 3315 5080 ergo,
3338 5013 3395 5066 et
3409 5010 3655 5066 transie—

1997 5110 2136 5160 runt
2148 5117 2388 5158 numero
2406 5100 2704 5155 duodecim
2716 5100 2790 5154 de
2808 5099 3202 5169 Benjamin,ex
3216 5105 3377 5172 parte
3392 5098 3652 5154 Isboseth

1997 5192 2100 5248 ﬁlii
2129 5191 2287 5259 Saul,
2310 5194 2365 5245 et
2389 5187 2704 5244 duodecim
2746 5188 2819 5243 de
2839 5189 3039 5260 pueris
3064 5190 3269 5245 David.
3307 5188 3650 5261 Apprehen—

1999 5295 2183 5351 soque
2201 5278 2609 5349 unusquisque
2626 5278 2818 5349 capite
2842 5278 3143 5348 comparis
3171 5278 3280 5341 sui,
3308 5276 3510 5331 deﬁxit
3530 5273 3651 5342 gla-

1997 5370 2167 5425 dium
2194 5368 2255 5423 in
2278 5366 2435 5423 latus
2457 5365 2756 5433 contrarii,
2786 5371 2843 5422 et
2866 5365 3209 5421 ceciderunt
3233 5362 3409 5418 simul
3434 5379 3446 5415 :
3472 5376 3652 5417 voca-

1999 5465 2245 5531 tumque
2272 5462 2360 5514 est
2386 5472 2598 5513 nomen
2615 5456 2729 5513 loci
2759 5455 2914 5511 illius
2949 5475 2962 5514 :
2992 5459 3145 5523 Ager
3162 5450 3648 5518 robustorum,in

2001 5547 2342 5607 Gabaon.Et
2362 5553 2561 5606 ortum
2582 5550 2671 5604 est
2688 5544 2911 5603 bellum
2927 5543 3149 5600 durum
3164 5540 3309 5602 satis
3333 5538 3397 5599 in
3415 5538 3645 5600 dicina:
