4094 6164
237 182 317 237 521
1385 197 1736 255 DOMINICA
1776 200 1826 253 V
1865 201 2471 270 QUADRAGESIME.

3511 233 3619 288 522

237 307 395 366 viris:
451 313 508 365 et
581 311 716 368 fecit
782 315 969 372 David
1030 317 1248 387 Abner,
1302 326 1356 376 et
1400 323 1537 379 viris
1585 325 1712 396 ejus
1759 328 1936 399 quiA
1974 330 2312 388 exardescet
2363 333 2540 404 ignis.
2604 336 2857 394 Locutus
2908 356 3040 399 sum
3078 345 3139 402 in
3192 346 3398 421 lingua
3440 370 3605 414 mea.

231 403 494 455 venerant
515 417 655 457 cum
680 418 768 471 eo,
793 406 1220 465 convivium.Et
1250 410 1394 466 dixit
1429 413 1625 470 Abner
1653 417 1731 472 ad
1758 420 1864 474 Da-

229 486 338 541 vid:
371 489 718 559 Surgam,ut
743 509 1103 566 congregem
1122 497 1200 553 ad
1240 503 1290 555 te
1312 501 1630 559 Dominum
1661 521 1862 564 meum

227 590 408 645 regem
434 593 681 636 omnem
710 583 905 651 Israel,
967 590 1022 641 et
1045 587 1234 642 ineam
1289 593 1486 646 tecum
1536 593 1750 659 foedus,
1807 600 1862 652 et

223 663 465 736 imperes
495 669 800 738 omnibus,
835 672 984 729 sicut
1014 674 1312 733 desiderat
1337 679 1542 735 anima
1570 683 1689 740 tua.
1715 685 1858 743 Cum

220 769 353 824 ergo
390 753 734 812 deduxisset
759 760 946 815 David
967 760 1185 830 Abner,
1209 768 1265 820 et
1310 766 1402 821 ille
1453 768 1559 824 iret
1598 769 1658 824 in
1691 787 1856 842 pace,

216 843 409 898 statim
426 848 892 918 veneruntpueri
925 851 1129 916 David,
1150 856 1207 908 et
1229 854 1376 910 Joab
1417 856 1585 911 caesis
1619 857 1855 915 latroni-

208 929 337 996 bus,
383 947 522 987 cum
542 933 750 1004 praeda
781 951 1006 1006 magna
1036 939 1213 995 nimis
1247 959 1259 995 :
1285 942 1484 999 Abner
1505 950 1706 1001 autem
1736 963 1858 1004 non

203 1022 326 1074 erat
353 1035 494 1074 cum
525 1020 714 1076 David
736 1022 796 1077 in
821 1024 1230 1099 Hebron,quia
1244 1028 1369 1099 jam
1385 1030 1679 1090 dimiserat
1698 1050 1858 1106 eum,

200 1113 252 1163 et
271 1107 582 1179 profectus
603 1110 794 1167 fuerat
823 1113 885 1168 in
909 1129 1077 1184 pace.
1109 1117 1361 1188 EtJoab,
1392 1122 1662 1177 etomnis
1697 1139 1854 1178 exer-

194 1198 343 1254 citus
367 1199 667 1269 quierant
687 1217 825 1256 cum
852 1217 922 1258 eo
947 1208 1158 1275 postea
1174 1214 1460 1264 venerunt
1482 1228 1493 1265 :
1519 1211 1858 1269 nuntiatum

193 1293 282 1342 est
313 1287 524 1358 itaque
544 1288 698 1343 Joab
727 1305 763 1345 a
792 1293 1178 1348 narrantibus
1212 1313 1223 1352 :
1260 1295 1426 1352 Venit
1465 1298 1663 1354 Abner
1700 1300 1858 1355 ﬁlius

189 1378 302 1430 Ner
321 1375 406 1430 ad
437 1392 656 1446 regem,
690 1382 747 1433 et
778 1378 997 1435 dimisit
1028 1396 1187 1446 eum,
1211 1389 1267 1439 et
1299 1384 1442 1440 abiit
1469 1386 1529 1441 in
1557 1403 1726 1458 pace.
1794 1391 1859 1444 Et

188 1465 512 1533 ingressus
541 1470 628 1520 est
647 1466 796 1522 Joab
823 1467 900 1523 ad
930 1483 1153 1538 regem,
1207 1475 1263 1526 et
1292 1472 1409 1528 ait:
1438 1475 1588 1539 Quid
1619 1476 1801 1531 fecisti
1831 1477 1858 1531 ?

187 1551 337 1607 Ecce
356 1552 529 1607 venit
543 1551 741 1608 Abner
757 1554 835 1610 ad
867 1563 919 1611 te
940 1573 952 1610 :
980 1572 1168 1628 quare
1188 1558 1462 1616 dimisisti
1482 1563 1859 1630 eum,etabiit

2043 430 2104 487 Βι.
2140 421 2409 489 Domine,
2451 423 2554 495 qui
2579 425 2914 483 consoletur
2935 445 3030 486 me
3055 447 3174 490 non
3199 443 3305 497 est.
3326 441 3610 501 Inimicus

1968 505 2027 560 in
2045 509 2283 565 ossibus
2309 511 2458 567 meis
2508 529 2758 570 manum
2784 531 2960 574 suam
2976 525 3312 595 extendit,P:
3344 532 3411 585 Ut
3432 532 3611 589 tribu-

1965 593 2042 650 let
2073 599 2340 655 me.Vide
2373 615 2514 672 ergo
2545 602 2793 660 Domine
2850 593 3243 668 afﬂictionem»
3278 631 3492 675 meam.
3545 621 3608 682 ir.

1965 684 2196 756 Audite,
2219 687 2492 757 obsecro,
2521 701 2813 760 omnes,et
2833 694 3022 752 videte
3053 697 3321 760 dolorem
3363 721 3564 765 meum
3591 727 3605 765 :

1967 773 2066 844 qui
2090 780 2317 831 erectus
2352 783 2440 832 est
2464 778 3386 852 inimicus,etconvertitmanum
3415 810 3606 864 suam,

1966 860 2021 914 P.
2056 864 2122 918 Ut
2142 863 2377 921 tribulet
2398 881 2517 922 me.

2035 960 2263 1017 Preces.
2297 963 2576 1020 Dicamus
2615 981 2825 1024 omnes
2855 985 2866 1021 :
2892 970 3234 1030 Misericors
3257 975 3606 1045 Domine,P.

1965 1046 2251 1104 Miserere.
2271 1049 2333 1110 ὴ.
2368 1052 2478 1116 Qui
2509 1052 2740 1110 salvare
2769 1058 3066 1116 mundum
3087 1062 3413 1131 veniens,in
3429 1080 3609 1123 carne

1963 1140 2163 1192 nostra
2194 1153 2440 1209 poenam
2495 1140 2659 1196 subis
2689 1141 3038 1210 indebitam,
3087 1149 3166 1204 P.
3208 1150 3498 1211 Miserere.
3541 1154 3603 1214 ἵ.

1965 1223 2149 1294 Hujus
2179 1231 2368 1282 morte
2389 1231 2547 1284 terra
2576 1231 2836 1300 tremuit,
2861 1235 3118 1290 mundus
3152 1240 3388 1309 expavit
3439 1241 3607 1297 infer.

1963 1325 2077 1366 nus
2107 1313 2304 1368 omnis
2341 1317 2620 1373 exorruit.
2657 1317 2722 1372 P.
2766 1319 3050 1377 Miserere.
3106 1323 3166 1384 ἰν.
3202 1327 3381 1396 Cujus
3429 1331 3608 1402 caput

1965 1400 2285 1456 exaltatum
2310 1402 2372 1458 in
2389 1411 2644 1470 cruce,et
2663 1405 2851 1463 effuso
2873 1409 3263 1482 triumphavit
3294 1400 3603 1485 sanguine.

1963 1487 2032 1542 P.
2074 1489 2355 1546 Miserere.
2387 1490 2448 1552 ὴ.
2481 1495 2563 1547 Tu
2614 1509 2725 1550 nos
2753 1496 2913 1551 cruci
2943 1502 3070 1554 tuae
3102 1500 3374 1571 applica;
3419 1506 3483 1559 ut
3543 1504 3609 1560 in

1965 1591 2137 1632 cruce
2159 1579 2536 1636 coronandos
2563 1581 2879 1650 gloriﬁces,
2911 1583 2974 1639 P.
2996 1585 3290 1644 Miserere.

184 1645 243 1748 et
263 1641 522 1738 recessit
552 1641 580 1696 ?
602 1644 851 1748 Ignoras
878 1643 1076 1700 Abner
1105 1646 1293 1744 filium
1315 1651 1738 1722 Ner,quoniam
1778 1652 1854 1708 ad
1885 1670 1926 1725 Β
2038 1673 2336 1742 Hymnus.
2366 1677 2408 1731 ο
2431 1641 2746 1742 Νᾶκξτθηε,
2767 1641 2888 1735 lux:
2918 1680 3027 1748 fol.
3060 1641 3180 1739 144.

180 1729 301 1784 hoc
328 1730 513 1796 venit,
549 1736 613 1785 ut
641 1732 928 1803 deciperet
950 1738 1024 1803 te,
1055 1739 1110 1790 et
1141 1735 1313 1792 sciret
1349 1739 1572 1794 exitum
1604 1744 1858 1803 tuum,et

178 1818 506 1874 introitum
531 1823 726 1884 tuum,
745 1825 800 1875 et
831 1825 1030 1878 nosset
1058 1824 1422 1896 omniajquae
1450 1828 1619 1896 agis?
1650 1831 1855 1898 Egres-

185 1923 300 1961 sus
337 1906 540 1978 itaque
560 1907 714 1963 Joab
746 1908 950 1975 David,
995 1911 1156 1966 misit
1182 1915 1420 1970 nuntios
1452 1922 1585 1986 post
1637 1917 1852 1986 Abner,

179 2001 242 2054 et
264 1997 512 2053 reduxit
537 2014 678 2053 eum
695 1997 772 2054 ad
798 2000 1118 2058 cisternam
1155 2002 1618 2075 Sira,ignorante
1649 2007 1851 2064 David.

181 2088 468 2160 Cumque
505 2087 743 2144 rediiset
769 2089 965 2145 Abner
989 2091 1049 2146 in
1113 2093 1368 2163 Hebron,
1423 2112 1691 2151 seorsum
1750 2097 1852 2154 ad-

178 2176 368 2232 duxit
400 2190 550 2234 enm
576 2177 724 2232 Joab
750 2177 829 2233 ad
854 2178 1118 2234 medium
1142 2188 1348 2252 portae,
1383 2189 1447 2239 ut
1496 2184 1770 2256 loquetur
1805 2186 1857 2242 ei

182 2265 244 2320 in
273 2265 467 2321 dolo:
513 2267 880 2337 etpercussit
905 2267 1062 2322 illum
1103 2269 1182 2324 ibi
1220 2270 1280 2324 in
1303 2271 1570 2342 inguine,
1628 2280 1679 2329 et
1709 2291 1859 2331 mor-

182 2361 328 2410 tuus
367 2359 460 2410 est
491 2354 553 2410 in
593 2355 873 2411 ultionem
918 2358 1228 2428 sanguinis
1279 2360 1453 2416 Asael
1475 2361 1673 2418 fratris
1703 2364 1851 2435 ejus.

184 2444 367 2509 Quod
392 2459 540 2499 cum
565 2444 830 2501 audisset
879 2445 1064 2501 David
1088 2463 1218 2503 rem
1259 2448 1386 2518 jam
1427 2455 1678 2523 gestam,
1735 2455 1852 2510 ait:

182 2532 456 2589 Mundus
483 2547 598 2602 ego
621 2549 775 2597 sum,
803 2539 857 2590 et
877 2550 1131 2607 regnum
1165 2553 1388 2608 meum,
1429 2541 1597 2611 apud
1650 2545 1854 2599 Deum.

185 2638 392 2694 usque
431 2621 496 2676 in
521 2622 981 2694 sempiternum.
1024 2623 1088 2684 it.
1121 2629 1310 2682 Amen

257 2711 627 2781 Antiphonti
655 2712 704 2765 l.
741 2713 1144 2771 Susurrabant
1180 2715 1495 2772 adversum
1527 2734 1623 2773 me
1651 2734 1860 2777 omnes

190 2801 428 2857 inimici
456 2800 579 2856 mei
616 2818 628 2854 :
665 2800 985 2858 adversum
1018 2819 1111 2859 me
1137 2805 1485 2875 cogitabant
1507 2808 1669 2863 mala
1690 2809 1857 2864 mihi.

192 2891 468 2945 Verbum
501 2889 780 2961 iniquum
811 2891 1246 2950 mandaverunt
1267 2895 1588 2952 adversum
1644 2914 1760 2954 me.
1796 2897 1859 2957 il.

197 2980 440 3034 Etenim
459 2979 647 3034 homo
661 2979 827 3050 pacis
848 2981 1082 3048 meae,in
1097 2999 1217 3054 quo
1240 2985 1496 3056 speravi:
1519 2987 1622 3058 qui
1651 2987 1863 3043 edebat
1897 3018 1934 3073 ρ

193 3083 392 3139 panes
427 3067 936 3139 meos,ampliavit
962 3071 1286 3128 adversum
1309 3090 1403 3129 me
1427 3075 1862 3146 supplantatio-

195 3171 364 3211 nem.

273 3244 512 3303 Oratio.
553 3244 770 3300 Christe
790 3244 896 3308 ,Dei
925 3245 1043 3312 Fili,
1067 3248 1350 3304 adversus
1385 3266 1563 3322 quem
1585 3255 1639 3306 et
1670 3267 1867 3307 susur-

197 3334 468 3390 rantium
514 3332 897 3389 inimicorum
946 3335 1106 3392 labia
1148 3341 1306 3393 mota
1356 3343 1513 3393 sunt.
1546 3345 1600 3396 et
1663 3346 1868 3397 contra

198 3440 379 3494 quem
409 3422 965 3494 verbuminiquum
1012 3424 1178 3480 falsis
1205 3426 1544 3483 ﬁctionibus
1578 3429 1868 3486 formave-

197 3519 338 3568 runt
372 3530 386 3578 ;
417 3516 482 3567 tu
510 3527 622 3567 nos
649 3511 728 3567 ab
743 3513 902 3568 omni
933 3514 1326 3572 tentationum
1349 3531 1585 3586 genere,
1639 3522 1866 3589 protec-

199 3603 383 3658 tionis
405 3608 526 3657 tua:
542 3601 874 3657 munimine
901 3607 1047 3672 tege:
1073 3607 1135 3660 ut
1156 3620 1261 3675 per
1278 3611 1329 3661 te
1348 3607 1601 3662 susurris
1618 3622 1738 3662 non
1751 3621 1868 3663 cae-

197 3690 425 3747 damus
448 3690 720 3746 adversis
754 3707 768 3756 ;
791 3691 897 3763 qui
921 3709 1156 3764 semper
1179 3695 1367 3750 vincis
1390 3695 1450 3752 in
1482 3713 1592 3753 nos
1605 3697 1868 3769 potentia

196 3779 462 3837 Deitatis.
494 3791 560 3850 Rt.
585 3780 800 3835 Amen.

269 3872 376 3925 Per
394 3868 902 3924 misericordiam.

269 3957 620 4029 Antiphona
646 3962 700 4011 2.
736 3958 887 4015 Ecce
912 3961 1140 4014 veteres
1153 3961 1404 4031 posuisti
1424 3961 1549 4018 dies
1563 3965 1867 4028 meos,Do—

193 4046 368 4100 mine
393 4063 406 4100 :
428 4050 485 4100 et
509 4045 847 4101 substantia
873 4059 1008 4103 mea
1034 4052 1309 4119 tanquam
1341 4051 1485 4105 nihil
1522 4058 1658 4107 ante
1679 4055 1732 4107 te
1759 4055 1864 4106 est.

203 4134 618 4205 Opprobrium
648 4135 955 4207 insipienti
987 4136 1201 4192 dedisti
1223 4155 1338 4193 me.
1371 4139 1431 4198 Y.
1467 4140 1590 4194 Dixi
1621 4159 1632 4198 :
1670 4141 1867 4196 Custo-

199 4222 380 4278 diam
403 4223 529 4278 vias
551 4240 721 4280 meas
747 4241 759 4280 :
791 4229 854 4280 ut
878 4240 999 4281 non
1023 4225 1370 4300 delinquam
1397 4233 1460 4284 in
1484 4228 1690 4299 lingua
1709 4245 1864 4285 mea.

189 4313 384 4369 Posui
415 4313 501 4368 ori
534 4329 670 4370 meo
701 4313 1060 4386 custodiam,
1107 4316 1248 4372 dum
1284 4319 1549 4374 consistit
1601 4325 1871 4391 peccator

190 4402 532 4459 adversum
562 4420 678 4459 me.

269 4492 511 4548 Oratio.
546 4495 708 4556 Ecce,
748 4493 1012 4560 Domine,
1044 4499 1270 4550 veteres
1319 4503 1460 4553 sunt
1521 4497 1692 4569 positi
1743 4498 1868 4551 dies

207 4583 442 4648 nostri;
498 4583 643 4654 quia
687 4584 745 4637 in
818 4587 1008 4638 vetere
1051 4585 1249 4640 adhuc
1297 4587 1538 4642 homine
1594 4587 1870 4642 ambula-

207 4684 357 4736 mus,
431 4670 587 4726 dum
644 4671 967 4727 novitatem
1017 4672 1148 4728 vitae
1246 4692 1675 4748 usquequaque
1748 4690 1868 4730 non

209 4762 528 4833 capiamus
556 4779 567 4815 :
590 4775 842 4832 operum
859 4777 1000 4832 ergo
1026 4761 1346 4833 dignorum
1368 4765 1726 4820 exhibitione
1760 4776 1870 4816 nos

209 4850 430 4922 amplia
459 4865 472 4914 ;
489 4850 598 4921 qui
610 4849 750 4905 ﬁdei
768 4855 882 4905 ture
895 4850 1071 4906 nobis
1087 4853 1386 4908 contulisti
1404 4853 1644 4909 vexilla:
1667 4855 1729 4907 ut
1747 4865 1870 4904 non

210 4943 428 4996 veteres
459 4940 654 4994 simus
681 4939 740 4994 in
769 4938 997 4994 actibus
1015 4941 1451 5014 pravitatis,qui
1475 4948 1587 4998 tuae
1608 4955 1729 4996 non
1746 4952 1868 4992 cre-

207 5027 755 5085 dimusinnovatos
787 5028 978 5097 gloria
995 5030 1320 5101 passionis.
1353 5042 1416 5096 ἢ.
1446 5035 1655 5086 Amen.

271 5119 407 5174 Per.

273 5207 636 5278 Antiphona
665 5211 714 5263 3.
746 5207 895 5261 Dum
929 5208 1192 5264 consistit
1242 5216 1521 5281 peccator
1550 5208 1872 5264 adversum

204 5312 319 5366 me,
357 5297 670 5358 obmutui,
707 5301 762 5352 et
793 5297 1137 5353 humiliatus
1170 5315 1328 5365 sum,
1360 5304 1413 5354 et
1441 5299 1571 5353 silui
1594 5297 1866 5367 abonis;

203 5390 258 5442 et
290 5387 469 5444 dolor
495 5401 678 5442 meus
709 5389 915 5442 contra
933 5402 1028 5443 me
1055 5391 1143 5443 est
1165 5403 1418 5460 semper.
1450 5387 1511 5448 Ψ.
1570 5389 1876 5446 Concaluit

204 5492 310 5536 cor
362 5493 580 5536 meum
625 5479 831 5532 contra
873 5492 1022 5533 me:
1076 5481 1131 5534 et
1162 5478 1224 5533 in
1283 5477 1664 5536 meditatione
1743 5494 1877 5536 mea

507 5567 757 5621 PATROL.
801 5565 1090 5622 LXXXVI.

2038 1777 2260 1836 Oratio.
2283 1781 2462 1847 Educ,
2499 1785 2762 1850 Domine,
2793 1786 3059 1842 animam
3076 1795 3342 1846 nostram
3362 1790 3440 1846 ab
3458 1790 3607 1847 infe-

1962 1867 2042 1922 ris
2076 1874 2162 1935 ;et
2187 1884 2223 1924 a
2252 1869 2838 1928 descendentibusin
2858 1874 3058 1930 lacum
3084 1890 3194 1932 nos
3215 1892 3386 1934 erue:
3421 1879 3608 1951 et,qui

1963 1956 2171 2012 virtute
2187 1961 2288 2014 tua
2309 1959 2690 2016 inenarrabili
2721 1963 3003 2018 Mundum
3044 1964 3480 2037 redempturus,
3503 1966 3608 2022 de-

1966 2045 2254 2100 scendens
2268 2061 2303 2100 a
2317 2048 2826 2118 supernis,inferni
2842 2050 3213 2121 confregistis
3231 2068 3498 2108 recessus
3514 2067 3608 2109 :ne

1963 2139 2206 2204 peccato
2227 2134 2399 2201 duce,
2421 2135 2557 2191 illuc
2588 2136 2978 2205 deducamur,
3008 2139 3238 2196 custodi
3269 2141 3560 2212 propitius
3589 2157 3604 2198 :

1963 2226 2019 2277 et
2066 2227 2310 2295 praesta,
2359 2229 2423 2281 ut
2468 2241 2606 2282 cum
2667 2226 2779 2294 his,
2830 2228 2934 2299 qui
2968 2228 3046 2284 ad
3089 2230 3271 2286 vitam
3320 2233 3608 2287 aeternam

1963 2311 2291 2384 praescripti
2315 2318 2470 2379 sunt,
2514 2314 2620 2370 tibi
2679 2315 2925 2372 modulo
2951 2317 3182 2388 pietatis
3241 2317 3600 2389 psallamus:

1964 2403 2140 2471 atque
2162 2401 2220 2456 in
2234 2400 2721 2460 delectationibus
2739 2405 2850 2464 tuis
2867 2405 3228 2462 consortium
3241 2405 3615 2464 beatitudinis

1967 2503 2326 2545 mereamur.

2038 2576 2210 2633 Pater
2234 2583 2455 2634 noster.

2639 2686 2736 2740 Ad
2763 2686 3025 2742 Sextam.

2144 2789 2335 2847 Lectio
2367 2790 2507 2845 libri
2529 2785 2840 2848 Hieremiae
2865 2790 3344 2863 Prophetmwap.
3373 2803 3431 2860 ιι)

2043 2911 2108 2969 ἢ.
2131 2900 2246 2954 Deo
2283 2897 2522 2968 gratias.

2045 2990 2176 3042 Haec
2205 2986 2347 3042 dicit
2378 2983 2686 3041 Dominus.
2734 2984 2944 3041 Audite
2973 2983 3220 3041 verbum
3249 2984 3484 3041 Domini
3512 2984 3608 3042 do-

1975 3094 2110 3133 mus
2137 3075 2342 3142 Jacob,
2383 3080 2439 3130 et
2466 3089 2677 3130 omnes
2724 3074 3107 3144 cognationes
3128 3074 3345 3130 domus
3393 3073 3610 3130 Israel:

1973 3167 2100 3222 haec
2132 3165 2270 3222 dicit
2290 3165 2574 3221 Dominus
2604 3181 2615 3218 :
2642 3163 2793 3228 Quid
2831 3164 3185 3220 invenerunt
3213 3168 3407 3235 patres
3435 3162 3614 3219 vestri

1973 3257 2034 3311 in
2075 3272 2167 3311 me
2189 3253 2531 3326 iniquitatis,
2556 3252 3144 3324 quiaelongaverunt
3182 3268 3218 3307 a
3250 3268 3354 3320 me,
3412 3256 3466 3306 et
3491 3266 3615 3306 am-

1972 3345 2476 3415 bulaveruntpost
2501 3342 2840 3407 vanitatem,
2897 3345 2952 3396 et
2976 3341 3116 3396 vani
3146 3340 3282 3396 facti
3313 3341 3493 3394 sunt?
3549 3341 3615 3394 Et

1972 3450 2095 3490 non
2117 3433 2388 3489 dixerunt
2413 3450 2425 3483 :
2457 3430 2562 3486 Ubi
2590 3435 2676 3485 est
2700 3428 3008 3492 Dominus,
3040 3427 3143 3498 qui
3168 3425 3485 3482 ascendere
3502 3440 3614 3481 nos

1973 3523 2107 3578 fecit
2131 3522 2204 3578 de
2225 3526 2379 3578 terra
2407 3517 2671 3589 Egypti:
2703 3516 2806 3589 qui
2839 3514 3097 3571 traduxit
3121 3529 3231 3569 nos
3252 3528 3357 3586 per
3408 3513 3612 3569 deser-

1975 3619 2118 3682 tum,
2146 3626 2246 3681 per
2271 3613 2490 3664 terram
2523 3603 2971 3661 inhabitabilem
2987 3604 3157 3674 307
3183 3607 3239 3658 et
3262 3602 3617 3673 inviam,per

1973 3705 2193 3756 terram
2219 3697 2363 3761 sitis,
2389 3702 2444 3752 et
2462 3695 2788 3763 imaginem
2815 3692 3046 3757 mortis,
3079 3696 3135 3747 et
3165 3705 3271 3762 per
3301 3697 3538 3759 terram,
3555 3691 3616 3744 in

1972 3805 2094 3862 qua
2123 3801 2246 3842 non
2284 3783 2610 3841 ambulavit
2629 3782 2731 3847 vir,
2762 3795 2956 3853 neque
2980 3779 3265 3836 habitavit
3293 3779 3517 3835 homo?
3552 3781 3618 3834 Et

1973 3875 2181 3932 induxi
2206 3890 2313 3930 vos
2343 3888 2446 3945 per
2473 3877 2689 3928 terram
2704 3868 2972 3933 Carmeli,
3008 3872 3071 3925 ut
3101 3867 3488 3926 comederetis
3501 3866 3621 3925 fru-

1975 3971 2136 4022 ctum
2161 3964 2307 4034 ejus,
2337 3966 2394 4017 et
2410 3961 2573 4017 bona
2597 3958 2791 4014 illius:
2830 3963 2886 4013 et
2911 3956 3164 4028 ingressi
3181 3956 3620 4012 contaminastis

1975 4059 2194 4112 terram
2223 4066 2443 4118 meam,
2477 4056 2531 4106 et
2559 4046 2944 4104 hereditatem
2982 4061 3182 4102 meam
3224 4044 3511 4117 posuistis
3559 4044 3619 4099 in

1977 4142 2504 4200 abominationem.
2535 4136 2881 4194 Sacerdotes
2904 4150 3026 4191 non
3049 4133 3321 4189 dixerunt
3348 4152 3360 4189 :
3404 4132 3513 4188 Ubi
3535 4139 3621 4187 est

1977 4230 2263 4287 Dominus
2291 4229 2318 4283 ?
2344 4232 2400 4283 et
2429 4232 2692 4282 tenentes
2715 4224 2907 4294 legem
2921 4223 3257 4279 nescierunt
3281 4237 3397 4290 me,
3439 4227 3493 4276 et
3518 4236 3621 4293 pa-

1979 4326 2166 4376 stores
2195 4316 2561 4390 prtevaricati
2596 4319 2736 4369 sunt
2758 4314 2818 4368 in
2847 4328 2940 4367 me
2961 4329 2973 4367 :
2994 4312 3364 4384 etprophetae
3378 4309 3623 4382 prophe-

1977 4412 2244 4464 taverunt
2272 4407 2331 4461 in
2370 4403 2597 4473 Baal,et
2624 4401 2979 4458 idolasecuti
3010 4401 3500 4470 sunt.Propterea
3516 4398 3621 4455 ad-

1979 4499 2089 4553 hoc
2114 4496 2334 4568 judicio
2365 4493 2725 4549 contendam
2762 4490 3097 4556 vobiscum,
3119 4491 3200 4545 ait
3232 4489 3534 4551 Dominus,
3569 4491 3626 4542 et

1979 4603 2115 4642 cum
2147 4585 2282 4640 tiliis
2304 4583 2517 4640 vestris
2549 4579 2912 4652 disceptado.
2947 4578 3212 4634 Transite
3279 4577 3358 4633 ad
3395 4575 3624 4632 insulas

1980 4673 2506 4744 Cethim,etvidete
2544 4689 2555 4727 :
2589 4677 2644 4726 et
2673 4671 2733 4725 in
2762 4668 2947 4724 Cedar
2978 4667 3216 4734 mittite,
3239 4672 3294 4722 et
3351 4663 3624 4720 conside-

1977 4769 2102 4821 rate
2130 4764 2510 4820 vehementer
2544 4779 2556 4813 :
2589 4763 2645 4814 et
2677 4758 2869 4814 videte
2911 4757 2959 4812 si
2987 4757 3210 4813 factum
3250 4758 3335 4809 est
3353 4752 3625 4822 hujusce-

1979 4853 2163 4910 modi.
2193 4852 2245 4910 Si
2270 4851 2521 4907 mutavit
2549 4863 2695 4919 gens
2713 4847 2856 4904 deos
2888 4863 3048 4908 suos,
3076 4850 3132 4901 et
3158 4848 3311 4899 certe
3372 4840 3488 4913 ipsi
3503 4855 3627 4897 non

1980 4947 2111 4999 sunt
2139 4940 2215 4996 dii
2243 4956 2265 4997 .·
2296 4938 2554 5012 populus
2580 4951 2719 4992 vero
2759 4951 2929 4992 meus
2962 4932 3211 4990 mutavit
3231 4930 3423 5002 gloria
3454 4945 3629 4987 suam

1977 5033 2036 5088 in
2064 5031 2316 5087 idolum.
2358 5024 2762 5098 Obstupescite
2788 5025 2916 5080 cceli
2982 5038 3159 5094 super
3218 5022 3414 5088 hoc,et
3446 5024 3631 5093 portas

1979 5122 2108 5191 ejus
2121 5117 2466 5175 desolamini
2481 5111 3019 5176 vehementer,dicit
3035 5110 3468 5166 Dominus.Duo
3481 5109 3631 5165 enim

1982 5210 2142 5265 mala
2173 5208 2307 5263 fecit
2332 5205 2585 5277 pOpulus
2622 5220 2816 5258 meus:
2845 5206 2926 5258 Me
2950 5201 3390 5272 dereliquerunt
3412 5201 3632 5254 fontem

1984 5315 2156 5370 aquae
2177 5297 2404 5362 vivae,et
2425 5292 2699 5349 foderunt
2715 5292 2827 5347 sibi
2848 5291 3133 5347 cisternas
3150 5289 3632 5358 dissipatas,qua=.

1985 5387 2286 5445 continere
2325 5398 2447 5439 non
2463 5382 2662 5439 valent
2675 5397 2877 5453 aquas.
2899 5377 3202 5451 Numquid
3219 5389 3426 5432 servus
3451 5377 3538 5428 est
3551 5372 3633 5428 Is-

1987 5476 2128 5542 rael,
2163 5481 2264 5532 aut
2288 5471 2643 5534 vernaculus
2673 5472 2701 5527 ?
2729 5485 2916 5543 quare
2945 5482 3085 5537 ergo
3101 5466 3290 5522 factus
3305 5462 3462 5606 estin
3489 5475 3636 5533 prte-
