4094 6164
541 197 648 266 529

1801 174 2255 258 BREVIARIUM
2295 185 2686 254 GOTHICUM.

3809 181 3898 243 524

539 333 683 388 dam
705 333 735 388 ?
763 333 950 405 Super
967 347 1106 390 eum
1126 328 1660 400 rugieruntleones,
1690 330 1746 382 et
1767 323 2063 382 dederunt
2076 339 2181 379 vo—
2208 324 2254 377 Α
2293 319 2600 376 concludas
2621 319 2682 374 in
2701 315 2982 373 manibus
3008 309 3382 405 adversantis
3414 327 3427 364 :
3462 309 3562 405 sed
3575 308 3914 405 respice‘hu-

538 435 668 477 oem
701 437 898 492 suam,
925 425 1252 493 posuerunt
1277 423 1494 474 terram
1515 418 1644 487 ejus
1687 416 1749 471 in
1793 413 2180 470 solitudinem

539 509 798 566 civitates
835 511 964 580 ejus
1005 513 1224 564 exustae
1288 513 1443 569 sunt,
1477 513 1530 560 et
1566 522 1686 561 non
1726 509 1812 560 est
1873 504 1972 574 qui
2001 501 2183 556 habet

539 599 599 651 in
619 598 718 650 eis.
739 597 855 651 Filii
875 613 1112 666 quoque
1136 597 1460 667 Mempheq
1483 599 1532 646 et
1549 593 2181 661 Tnphnesconstuma-

539 690 747 738 verunt
773 691 821 737 te
851 701 1036 755 Usque
1067 685 1141 737 ad
1177 685 1471 736 verticem.
1519 680 1812 750 Numquid
1864 696 1980 731 non
2025 676 2180 730 istud

538 771 758 825 factum
785 776 870 824 est
891 771 1014 832 tibi,
1069 771 1211 842 quia
1241 769 1596 840 dereliquisti
1623 768 1938 822 Dominum
1995 765 2180 818 Deum

539 861 707 911 tuum
721 873 790 912 eo
803 862 1087 928 tempore,
1111 873 1232 928 quo
1253 856 1508 912 ducebat
1522 861 1572 910 te
1592 871 1696 925 per
1714 854 1876 908 viam
1905 857 1934 906 ?
1948 852 2180 906 Etnunc

537 944 644 1015 q’ui
663 943 766 998 tibi
785 944 872 998 vis
907 945 969 999 in
1007 944 1105 999 via
1128 944 1375 1015 Egypti,
1405 947 1470 998 ut
1506 942 1682 997 bibas
1720 956 1944 1012 aquam
2000 937 2182 993 turbi-

536 1030 682 1085 dam
711 1032 740 1086 7
769 1035 825 1085 et
840 1031 988 1102 quid
1012 1031 1114 1087 tibi
1133 1047 1270 1086 cum
1315 1031 1413 1086 via
1465 1029 1852 1094 Assiriorum,
1893 1031 1960 1083 ut
2007 1027 2182 1082 bibas

537 1129 761 1187 aquam
784 1116 1048 1172 ﬂuminis
1083 1119 1112 1173 ?
1129 1123 1347 1188 Arguet
1376 1124 1430 1171 te
1465 1117 1690 1174 malitia
1712 1122 1832 1186 tua,
1866 1121 1922 1171 et
1950 1113 2181 1171 aversio

535 1207 639 1258 tua
663 1204 994 1277 increpabit
1018 1213 1090 1261 te.
1124 1206 1524 1274 Scito,etvide,
1549 1205 1694 1278 quia
1708 1205 1934 1260 malum
1955 1208 2186 1258 etama-

530 1305 669 1346 rum
688 1297 780 1347 est
803 1293 1113 1364 reliquisse
1142 1299 1196 1348 te
1219 1294 1536 1348 Dominum
1557 1296 1740 1347 Deum
1760 1299 1946 1361 tuum,
1979 1297 2036 1346 et
2060 1305 2182 1345 non

533 1394 662 1435 esse
683 1379 957 1436 timorem
970 1382 1098 1450 ejus
1117 1382 1282 1454 apud
1307 1381 1526 1450 te,dicit
1550 1382 1836 1436 Dominus
1855 1383 2007 1434 Deus
2021 1393 2184 1433 exer-

534 1467 777 1522 cituum.
812 1473 858 1522 Α
897 1469 1115 1524 saeculo
1140 1468 1479 1539 confregisti
1508 1469 1723 1539 jugum
1747 1465 2181 1537 meum,rupisti

531 1553 774 1610 vincula
792 1569 945 1620 mea,
969 1561 1025 1610 et
1052 1553 1250 1611 dixisti
1276 1574 1288 1610 :
1321 1560 1444 1611 Non
1461 1558 1734 1612 serviam.
1770 1555 2180 1611 lnomnienim

2290 408 2590 464 militatem
2613 410 2903 468 nostram,
2937 406 2994 458 et
3023 402 3083 456 in
3115 399 3249 455 loco
3266 413 3378 454 nos
3398 397 3628 453 munito
3650 395 3913 461 salviﬁca,

2290 495 2390 566 qui
2422 494 2678 548 moriens
2708 489 2968 546 devicisti
3016 488 3247 543 inferna
3281 505 3293 541 :
3337 493 3399 540 ut
3420 485 3684 540 confusis
3743 484 3915 539 consi-

2289 582 2374 636 liis
2417 581 2912 650 persequentium.
2946 577 3067 630 sine
3095 591 3316 646 pavore
3347 575 3405 627 in
3431 575 3660 627 civitate
3694 573 3918 626 sanctis-

2290 672 2437 723 sima
2471 680 2586 724 tua.
2623 668 2860 722 feliciori
2895 669 3187 736 proventu
3205 662 3500 716 caelestem
3516 661 3771 730 gloriam
3789 677 3919 714 con-

2289 773 2632 826 sequamur.

2356 846 2529 900 Pater
2550 851 2766 899 noster.

2955 929 3049 984 Ad
3062 929 3298 984 Nonam

2462 1021 2602 1076 Jesu
2622 1021 2744 1088 ﬁlii
2791 1017 3000 1074 Sirach
3023 1015 3456 1086 (Ecclesiastici
3485 1031 3601 1086 cap.
3643 1015 3725 1084 ιι).

2359 1109 2563 1165 Omnis
2589 1111 2925 1179 potentatur
2944 1104 3143 1160 brevis
3182 1105 3323 1160 vita.
3354 1106 3629 1173 Languor
3659 1101 3928 1174 prolixior

2289 1201 2494 1266 gravat
2507 1196 2805 1251 medicum
2820 1239 2833 1252 .
2847 1197 3090 1249 Brevem
3101 1193 3454 1263 languorem
3479 1190 3934 1264 praeclditmedi-

2288 1301 2392 1339 cus
2422 1302 2434 1338 :
2467 1284 2547 1338 sic
2569 1289 2626 1339 et
2655 1299 2759 1338 rex
2804 1281 2982 1337 hodie
3008 1285 3112 1350 est,
3165 1286 3220 1335 et
3256 1294 3389 1335 eras
3414 1279 3733 1336 morietur.
3801 1277 3934 1334 Cum

2288 1371 2448 1426 enim
2474 1372 2759 1426 morietur
2783 1371 2983 1437 homo,
3013 1366 3371 1424 hereditabit
3397 1371 3726 1438 serpentes,
3764 1368 3827 1421 et
3853 1366 3937 1421 be-

2289 1461 2451 1523 stias,
2487 1463 2540 1513 et
2567 1474 2816 1514 vermes.
2849 1457 3086 1512 Initium
3109 1454 3939 1527 superbirehominis,aposta-

2288 1553 2410 1601 tare
2437 1563 2471 1601 a
2496 1546 2617 1601 Deo
2643 1563 2656 1600 :
2690 1546 2980 1618 quoniam
3018 1544 3096 1599 ab
3125 1559 3216 1608 eo,
3249 1543 3353 1614 qui
3381 1542 3518 1598 fecit
3544 1540 3737 1604 illum,
3758 1542 3933 1612 308

531 1640 678 1695 colle
709 1641 1033 1706 sublimi,et
1050 1643 1165 1698 sub
1187 1645 1352 1700 omni
1377 1643 1542 1714 ligno
1556 1644 1835 1700 frondoso
1852 1648 1912 1699 tu
1926 1650 2180 1715 proster-
2215 1651 2260 1706 Β
2289 1635 2535 1688 recessu
2559 1649 2661 1689 001'
2690 1635 2819 1704 ejus
2862 1649 2875 1688 ε
2908 1631 3195 1704 quoniam
3227 1631 3458 1685 initium
3487 1630 3686 1684 omnis
3708 1631 3932 1701 Ρθεοειιί

527 1727 768 1786 nebaris
795 1730 1222 1802 meretrix.Ego
1235 1738 1433 1788 autem
1460 1732 1720 1803 plantavi
1749 1738 1801 1788 te
1822 1732 2178 1789 vineamele-

525 1822 704 1883 ctam,
733 1831 912 1874 omne
953 1832 1157 1874 semen
1181 1835 1411 1875 verum.
1439 1831 1503 1890 ne.
1529 1824 1742 1876 Amen.

596 1903 926 1978 An’tiphona
971 1910 1017 1961 1.
1049 1909 1176 1962 Νοιι
1196 1906 1550 1966 erubescant
1577 1908 1637 1963 in
1654 1922 1750 1963 me
1779 1907 1884 1980 qui
1923 1915 1974 1963 te
2002 1921 2178 1978 expe-

527 1993 706 2058 ctant,
735 1992 979 2049 Domine
996 1994 1297 2052 virtutum.
1327 1997 1455 2053 Non
1469 2000 1847 2052 revereantur
1865 2011 2046 2066 super
2056 2010 2174 2058 me,

525 2077 629 2152 qui
675 2083 730 2135 te
755 2081 1116 2153 requierunt,
1147 2084 1304 2139 Deus
1361 2083 1564 2142 Israel.
1601 2084 1662 2144 V.
1715 2085 2008 2149 Quoniam
2042 2099 2178 2154 pro-

521 2171 652 2236 pter
683 2170 738 2222 te
759 2169 1013 2225 sustinui
1069 2170 1464 2243 opprobrium
1495 2188 1508 2224 :
1547 2173 1777 2242 operuit
1817 2171 2173 2228 confusione

521 2252 740 2311 faciem
773 2271 1007 2314 meam.

593 2342 823 2404 Oratio.
836 2347 964 2403 Non
984 2345 1412 2404 erubescantin
1439 2346 1612 2404 nobis
1637 2348 1883 2406 Domine
1896 2347 2052 2403 Deus
2064 2349 2176 2406 vir-

521 2432 713 2484 tutum
724 2432 843 2503 ,qui
865 2436 919 2487 te
931 2437 1242 2503 expectant
1254 2433 1328 2489 de
1350 2434 1630 2490 humanis
1645 2436 1876 2490 actibus
1883 2436 1905 2506 j
1917 2435 2172 2492 udicium

517 2531 647 2572 esse
676 2516 973 2574 facturum
1004 2539 1021 2573 ε
1049 2523 1114 2574 ut
1138 2520 1342 2575 Crucis
1365 2527 1480 2576 tuae
1506 2522 1773 2592 potentia
1815 2529 1872 2578 et
1920 2522 2170 2593 placitos

512 2618 626 2659 nos
653 2604 758 2660 tibi
794 2606 1097 2676 operarios
1115 2605 1320 2661 salutis
1345 2607 1640 2676 exhibeat,
1681 2614 1736 2664 et
1767 2609 2022 2664 ccelestis
2060 2610 2169 2666 mi-

511 2686 648 2743 litias
677 2689 906 2746 curiam
935 2691 1230 2748 denostris
1246 2693 1476 2749 actibus
1490 2696 1819 2752 contristari
1836 2711 1958 2752 non
1989 2699 2164 2754 sinat.

511 2783 578 2841 Βι.
609 2775 819 2832 Amen.

580 2861 708 2918 Per.

575 2950 922 3044 {Antiphone
937 2954 1261 3011 2.Miserere
1284 2956 1430 3013 mihi
1453 2958 1698 3015 Domine
1711 2961 2000 3033 quoniam
2021 2977 2158 3018 con-
2188 2988 2231 3044 ς

510 3035 764 3094 culcavit
782 3055 878 3094 me
895 3040 1117 3098 homo:
1152 3046 1271 3098 tota
1301 3045 1390 3100 die
1433 3045 1662 3101 bellans
1691 3048 1989 3104 tribulavit
2026 3067 2148 3111 me.

507 3125 575 3186 ἵ.
617 3127 1122 3186 Conculcaverunt
1149 3146 1245 3187 me
1277 3132 1501 3189 inimici
1520 3135 1633 3190 mei
1655 3141 1776 3193 tota
1807 3138 1895 3193 die
1930 3155 1944 3192 :
1979 3139 2156 3196 abal-

507 3212 756 3269 titudine
773 3215 914 3271 diei.

579 3299 1076 3360 0ratio.Miserere
1105 3309 1295 3364 nostri
1325 3310 1572 3367 Domine
1598 3328 1609 3364 :
1643 3316 1699 3366 et
1721 3327 1796 3368 ne
1821 3315 2156 3370 conculcari

505 3403 618 3444 nos
643 3388 723 3444 ab
751 3390 992 3448 inimico
1014 3393 1258 3450 homine
1283 3399 1549 3468 patiaris,
1587 3399 1686 3470 qui
1719 3402 2017 3459 redemisti
2047 3419 2160 3459 nos

502 3477 692 3548 pretio
714 3480 940 3536 Crucis:
973 3486 1038 3537 ut
1059 3481 1277 3540 infecto
1306 3485 1650 3544 adversario
1680 3498 1882 3545 nostro
1909 3496 1966 3546 tu
1994 3491 2160 3547 solus

502 3580 610 3636 pro
639 3566 815 3622 nobis
847 3568 1120 3637 obsistas,
1150 3572 1254 3643 qui
1289 3578 1711 3648 perstrepentis
1723 3579 1932 3634 mundi
1953 3579 2158 3636 devin-

505 3653 592 3706 cis
620 3654 931 3726 procellas.
959 3667 1026 3727 ﬁ.
1049 3662 1256 3714 Amen.

577 3743 704 3798 Per.

570 3831 918 3902 Antiphone
948 3837 1002 3889 3.
1038 3834 1524 3894 Praevaricatione
1559 3841 1951 3912 praevaricata
1974 3847 2064 3899 est
2091 3845 2155 3900 in

501 3932 600 3974 me
623 3919 844 3976 domus
863 3921 893 3974 J
901 3923 1033 3989 uda,
1060 3923 1204 3980 dicit
1227 3925 1532 3982 Dominus.
1560 3931 1936 3999 Negaverunt
1965 3947 2080 3998 me,
2099 3940 2155 3988 et

501 4007 805 4067 dixerunt:
831 4013 958 4066 Non
986 4016 1075 4065 est
1111 4013 1262 4082 ipse.
1289 4012 1352 4072 il.
1392 4014 1710 4072 Effundam
1739 4019 1800 4072 in
1829 4028 2154 4091 conspectu

502 4091 635 4162 ejus
661 4093 992 4149 orationem
1022 4110 1248 4153 meam.
1287 4097 1735 4156 tribulationem
1773 4118 1977 4158 meam
2013 4109 2150 4160 ante

500 4178 723 4250 ipsum,
750 4181 1178 4252 pronuntiabo.

568 4279 634 4339 Βι.
689 4269 932 4326 Vindica
1009 4286 1258 4328 causam
1305 4288 1506 4329 meam
1559 4274 1827 4342 Domine,
1872 4279 2151 4338 defensor

497 4372 660 4413 meus
677 4376 690 4415 :
707 4359 1430 4430 tunosti.P.Cogitationes
1451 4377 1661 4420 eorum
1680 4366 2002 4424 adversum
2017 4386 2112 4425 me
2126 4391 2144 4426 :

495 4445 772 4516 defende,
816 4451 876 4502 et
897 4447 1127 4518 judice.
1153 4447 1217 4510 )7.
1248 4449 1382 4505 Sine
1416 4451 1726 4524 iniquitate
1773 4459 2022 4524 cucurri,
2093 4466 2148 4515 et

495 4533 697 4590 direxi.
733 4535 1037 4605 Exurgein
1055 4551 1379 4594 occursum
1408 4538 1570 4610 mihi,
1602 4547 1659 4598 et
1678 4543 1833 4600 vide.
1861 4546 1924 4600 P.
1981 4548 2148 4617 Cogi-

493 4622 766 4682 tationes.

557 4712 792 4774 Preces.
820 4713 1145 4774 Misericors
1163 4714 1431 4786 Domine,
1455 4719 1676 4775 exaudi
1728 4721 2046 4793 supplices.
2075 4723 2137 4780 P.

487 4796 558 4860 Et
577 4804 877 4862 miserere.
905 4804 968 4865 iit.
1001 4805 1112 4872 Qui
1143 4807 1344 4862 Crucis
1368 4809 1654 4879 mysterio
1679 4809 1927 4866 salvasti
1958 4827 2145 4869 saecu-

485 4892 652 4949 lum:
683 4893 790 4964 qui
816 4897 995 4965 sputa
1018 4894 1082 4950 in
1101 4894 1317 4961 facem,
1348 4903 1404 4952 et
1424 4895 1618 4967 proba
1648 4896 1920 4960 sustines,
1951 4901 2010 4953 P.
2051 4902 2138 4956 Et.

485 4982 548 5042 ἵ.
580 4982 688 5047 Qui
704 4982 916 5040 lancea
940 4983 1128 5041 latera
1154 4985 1466 5041 confossus
1495 5001 1561 5040 es
1591 4983 1803 5051 valide,
1840 4986 1898 5040 P.
1929 4986 2016 5043 Et.
2071 4989 2137 5048 v.

485 5070 598 5136 Qui
623 5069 941 5142 sepulchro
965 5072 1238 5144 cluderis,
1263 5081 1317 5130 et
1349 5080 1485 5145 post
1523 5072 1787 5130 triduum
1813 5076 2035 5146 surgis,
2070 5081 2134 5133 P.

481 5161 550 5215 Et
577 5161 880 5217 miserere.

547 5250 830 5322 Hymnus.
854 5252 900 5307 Ο
930 5253 1246 5317 Nazarene,
1264 5251 1387 5307 lux.
1408 5253 1517 5322 fol.
1561 5254 1680 5312 144.

549 5340 774 5398 Oratio.
795 5341 970 5397 Salva
1002 5340 1250 5396 Domine
1282 5340 1357 5396 de
1396 5343 1842 5400 necessitatibus
1895 5344 2136 5404 animas

473 5427 841 5487 famulorum
865 5433 1135 5487 tuorum:
1176 5433 1235 5485 et
1257 5428 1322 5485 in
1345 5433 1451 5486 tua
1470 5430 1702 5500 justitia
1716 5439 2024 5504 sperantes
2051 5449 2136 5492 ne

2288 1722 2669 1793 estsuperbia
2690 1724 2819 1794 :qui
2839 1719 3285 1782 tenueritillam,
3303 1717 3732 1789 adimplebitur
3752 1717 3936 1773 male-

2286 1809 2544 1875 dictis,et
2565 1811 3013 1866 subverteteum
3033 1812 3094 1863 in
3117 1806 3322 1862 ﬁnem.
3338 1809 3655 1877 Propterea
3673 1807 3936 1861 exhono-

2282 1901 2431 1956 ravit
2461 1901 2742 1956 Dominus
2774 1903 3103 1955 conventus
3125 1895 3820 1964 malorum,etdestruxit
3846 1911 3934 1950 eos

2284 2004 2472 2060 usque
2494 1989 2553 2043 in
2584 1988 2979 2045 ﬂnem.Sedes
2996 1987 3221 2042 ducum
3234 1985 3628 2057 superborum
3643 1983 3936 2040 destruxit

2283 2077 2458 2140 Deus,
2492 2081 2550 2131 et
2578 2076 2781 2131 sedere
2802 2075 2938 2130 fecit
2964 2075 3136 2130 mites
3153 2089 3262 2146 pro
3283 2072 3388 2128 eis.
3407 2073 3658 2128 Radices
3671 2073 3937 2141 gentium

2285 2165 2680 2235 superbarum
2704 2163 2938 2220 arefecit
2964 2163 3220 2226 Deus,et
3246 2161 3530 2233 plantavit
3559 2160 3841 2215 humiles
3879 2175 3938 2215 ex

2281 2252 2433 2323 ipsis
2457 2252 2754 2323 gentibus.
2782 2255 2988 2308 Terras
3027 2251 3296 2320 gentium
3331 2249 3537 2305 evertit
3555 2249 3936 2313 Dominus,et

2282 2339 2539 2411 perdidit
2565 2355 2668 2395 eas
2690 2355 2879 2412 usque
2905 2341 2966 2394 in
2996 2338 3475 2394 fundamentum:
3507 2336 3758 2392 arefeoit
3791 2337 3940 2392 Deus

2283 2444 2355 2483 ex
2375 2428 2538 2499 ipsis,
2569 2436 2624 2483 et
2644 2427 3000 2499 disperdidit
3023 2441 3146 2491 eos,
3189 2430 3247 2482 et
3283 2441 3516 2482 cessare
3548 2424 3693 2480 fecit
3711 2440 3940 2481 memo-

2279 2517 2431 2572 riam
2460 2532 2668 2572 eorum
2698 2532 2735 2572 a
2765 2523 2936 2571 terra.
2967 2515 3310 2570 Memoriam
3323 2513 3732 2584 superborum
3747 2513 3938 2585 perdi-

2277 2605 2362 2660 dit
2395 2605 2571 2669 Deus,
2599 2610 2656 2660 et
2680 2604 2916 2676 reliquit
2947 2604 3305 2659 memoriam
3346 2603 3675 2660 humilium
3733 2617 3936 2657 sensu.

2275 2703 2339 2760 R.
2395 2698 2603 2748 Amen.

2420 2782 2614 2836 Lectio
2645 2781 2790 2836 libri
2826 2781 3124 2837 Samuelis
3153 2781 3240 2846 (II
3286 2781 3509 2852 Regum
3549 2796 3686 2850 cap.
3721 2783 3832 2840 ιιι).

2343 2879 2407 2938 ἢ.
2434 2870 2552 2923 Deo
2585 2869 2834 2938 gratias.

2345 2961 2408 3012 In
2438 2957 2551 3012 illis
2579 2957 2819 3026 diebus,
2847 2957 2995 3014 dixit
3019 2958 3206 3014 David
3233 2977 3244 3016 :
3279 2957 3535 3013 Mundus
3556 2973 3674 3027 ego
3701 2963 3934 3024 sum,et

2266 3059 2524 3114 regnum
2540 3061 2763 3111 meum,
2785 3045 2949 3118 apud
2965 3049 3360 3118 Deum,usque
3381 3046 3441 3101 in
3463 3046 3926 3118 sempiternum,

2267 3149 2303 3188 a
2343 3133 2634 3202 sanguine
2663 3134 2862 3188 Abuer
2885 3134 2992 3188 ﬁlii
3017 3136 3166 3189 .‘Ier:
3204 3139 3260 3188 et
3287 3134 3483 3188 veniat
3517 3150 3703 3205 super
3743 3142 3931 3207 caput

2267 3220 2440 3283 Joab,
2473 3226 2530 3276 et
2558 3236 2739 3292 super
2757 3237 3001 3277 omnem
3031 3222 3283 3277 domum
3305 3221 3486 3292 patris
3500 3220 3668 3291 ejus:
3697 3239 3814 3278 nec
3837 3225 3930 3279 de-

2266 3309 2427 3365 ﬁciat
2465 3309 2537 3364 de
2567 3309 2751 3365 domo
2777 3309 2927 3366 Joab
2953 3309 3177 3365 ﬂuxum
3219 3309 3463 3366 seminis
3509 3312 3854 3372 sustinens.
3881 3317 3936 3367 et

2266 3397 2559 3468 leprosus,
2589 3402 2646 3452 et
2673 3404 2880 3452 tenens
2911 3398 3200 3467 fusum,et
3222 3399 3439 3455 cadens
3465 3397 3755 3467 gladio,et
3778 3400 3929 3456 indi-

2268 3501 2416 3556 gens
2437 3502 2617 3557 pane.
2653 3486 2829 3557 Igitur
2851 3485 3004 3543 Joab
3022 3494 3079 3542 et
3107 3485 3306 3541 Abisai
3335 3486 3514 3541 frater
3538 3486 3675 3556 ejus
3693 3489 3935 3544 interfe-

2268 3580 2476 3630 cerunt
2498 3573 2715 3638 Abner,
2746 3590 2818 3630 eo
2863 3575 3030 3647 quod
3081 3575 3393 3630 occidisset
3421 3574 3607 3631 Asael
3673 3575 3924 3633 fratrem

2268 3677 2478 3718 eorum
2507 3661 2568 3718 in
2592 3662 2932 3727 Gabaon,in
2955 3663 3180 3736 praelio.
3207 3663 3358 3719 Dixit
3385 3670 3586 3718 autem
3613 3665 3813 3720 David
3853 3665 3929 3721 ad

2265 3750 2438 3815 Joab,
2470 3755 2526 3806 et
2555 3751 2633 3805 ad
2663 3767 2908 3806 omnem
2953 3751 3270 3822 populum,
3324 3751 3425 3821 qui
3462 3757 3594 3807 erat
3623 3767 3768 3809 cum
3809 3770 3921 3809 eo:

2264 3839 2517 3894 Scindite
2551 3845 2924 3894 vestamenta
2948 3844 3165 3903 vestra,
3181 3839 3634 3910 etaccingimini
3649 3842 3922 3903 saccis,et

2263 3928 2528 4000 plangite
2556 3933 2692 3984 ante
2721 3927 3005 4000 exequias
3024 3927 3220 3983 Abner
3251 3945 3264 3982 :
3301 3944 3479 4000 porro
3492 3945 3598 3983 rex
3614 3928 3798 3984 David
3820 3945 3915 3984 se-

2261 4016 2559 4087 quebatur
2581 4017 2882 4072 feretrum.
2905 4016 3177 4087 Cumque
3253 4015 3615 4087 sepelissent
3639 4016 3917 4072 Abnerin

2261 4104 2516 4169 Hebron,
2547 4105 2762 4160 levavit
2777 4119 2878 4159 rex
2901 4104 3087 4159 David
3112 4119 3323 4159 vocem
3336 4111 3607 4167 suam,et
3644 4105 3804 4161 ﬂevit
3823 4122 3921 4162 su-

2260 4208 2368 4264 per
2385 4193 2682 4248 tumulum
2695 4192 2913 4248 Abner:
2937 4190 3099 4248 ﬂevit
3111 4197 3311 4247 autem
3333 4197 3389 4247 et
3417 4192 3617 4247 omnis
3632 4195 3917 4265 populus.

2259 4280 2670 4352 Plangensque
2693 4296 2795 4335 rex
2824 4286 2879 4333 et
2915 4277 3125 4348 lugens
3146 4277 3448 4349 Abner,ait
3479 4280 3915 4354 :Nequaquam

2259 4372 2323 4421 ut
2353 4365 2501 4420 mori
2538 4364 2729 4419 solent
2758 4365 2984 4435 ignavi,
3023 4372 3294 4422 mortuus
3324 4372 3412 4422 est
3453 4367 3682 4426 Abner.
3714 4372 3920 4426 Manus

2258 4459 2376 4510 tute
2403 4453 2598 4522 ligatas
2628 4469 2747 4508 non
2786 4459 2944 4517 sunt,
2969 4461 3024 4508 et
3053 4454 3236 4525 pedes
3262 4455 3346 4510 tui
3374 4470 3495 4511 non
3517 4463 3662 4512 sunt
3678 4473 3916 4530 compe-

2259 4541 2431 4599 dibus
2458 4541 2792 4611 aggravati:
2823 4541 2931 4596 sed
2947 4543 3096 4598 sicut
3111 4542 3526 4600 solentcadere
3555 4545 3916 4603 coramﬁliis

2257 4631 2605 4704 iniquitatis,
2623 4631 2705 4686 sic
2720 4631 3798 4704 corruisti.Congem1nansqueomnis
3813 4651 3918 4706 po-

2257 4721 2440 4793 pulus
2470 4720 2632 4776 ﬂevit
2657 4735 2830 4791 super
2855 4735 3013 4776 eum.
3047 4722 3313 4792 tlumque
3338 4720 3604 4777 venisset
3631 4724 3911 4780 universa

2258 4809 2579 4866 multitudo
2601 4808 2804 4864 cibum
2823 4824 3036 4880 capere
3054 4825 3192 4866 cum
3205 4809 3581 4876 David,elara
3598 4812 3910 4872 adhucdie

2253 4899 2475 4970 juravit
2505 4897 2710 4963 David,
2749 4897 2996 4954 dicens:
3036 4900 3167 4954 Haec
3215 4897 3393 4956 faciat
3431 4899 3578 4956 mihi
3619 4903 3797 4966 Deus,
3851 4907 3912 4957 et

2259 4989 2389 5044 haec
2419 4987 2624 5052 addat,
2640 4986 2688 5042 si
2713 4992 2849 5042 ante
2875 5001 3157 5042 occasum
3184 4986 3321 5044 solis
3341 4993 3663 5056 gustavero
3689 5005 3910 5062 panem

2259 5077 2353 5131 vel
2381 5075 2545 5131 aliud
2575 5076 2922 5147 quicquam.
2949 5075 3272 5146 Omnisque
3307 5074 3557 5146 populus
3584 5078 3825 5146 audivit,
3849 5081 3908 5130 et

2255 5165 2609 5235 placuerunt
2638 5164 2720 5219 eis
2748 5169 2960 5218 cuncta
2993 5179 3128 5234 quae
3151 5162 3285 5218 fecit
3312 5178 3416 5218 rex
3453 5163 3515 5219 in
3584 5170 3904 5236 conspectu

2255 5259 2451 5309 omnis
2476 5252 3058 5324 populi.Etcognovit
3078 5267 3255 5307 omne
3267 5251 3480 5321 vulgus
3507 5259 3566 5310 et
3584 5253 3904 5310 universus

2253 5341 2432 5400 lsrael
2458 5342 2521 5396 in
2541 5342 2635 5398 die
2660 5341 3076 5412 illa,quoniam
3098 5355 3218 5396 non
3239 5345 3442 5398 actum
3461 5339 3679 5398 fuisset
3693 5355 3900 5410 arcte.

2254 5435 2320 5487 ut
2339 5428 2706 5487 occideretur
2731 5428 2925 5486 Abner
2949 5427 3106 5486 ﬁlius
3138 5431 3268 5486 Ner.
3295 5428 3446 5486 Dixit
3491 5445 3742 5506 quoque
3790 5441 3900 5506 re;
