4094 6164
101 324 203 375 5‘25

1282 320 1627 373 DOMINICA
1669 320 1712 372 v
1754 280 2357 386 QUADRAGESIMzE.

3406 334 3512 386 526

104 446 180 500 ad
202 460 409 500 servos
432 460 608 499 suos:
636 446 785 499 Num
820 444 1100 513 ignoratis
1132 444 1422 513 quoniam
1476 460 1747 515 princeps
1794 445 1842 497 A
1872 448 2072 498 autem
2088 446 2355 513 regnavit
2376 446 2609 514 triginta
2665 448 2851 502 tribus
2877 450 3049 505 annis
3070 467 3247 523 super
3262 469 3506 513 omnem

107 535 411 590 maximus
440 533 649 588 cecidit
679 532 855 588 hodie
876 532 939 587 in
958 532 1171 587 Israel?
1202 534 1322 602 Ego
1346 538 1539 587 autem
1562 533 1760 587 adhuc

108 622 412 685 delicatus,
448 626 504 677 et
540 626 754 677 unctus
778 638 912 678 rex:
952 637 1129 693 porro
1160 621 1263 675 viri
1285 622 1379 677 isti
1402 621 1505 676 ﬁlii
1544 622 1760 677 Sarviaa

110 711 241 765 duri
270 716 411 765 sunt
442 709 618 763 mihi:
645 708 927 764 retribuat
948 708 1235 764 Dominus
1267 708 1501 764 facienti
1534 708 1761 764 malum

106 800 281 869 juxta
302 798 591 854 malitiam
622 812 815 852 suam.
851 798 1027 867 (Cap.
1064 798 1167 863 1v.)
1200 797 1655 852 Audivitautem
1690 799 1761 850 Is-

111 886 328 942 boseth
344 886 496 940 ﬁlius
513 885 840 956 Saul,quod
861 885 1169 940 cecidisset
1191 884 1389 940 Abner
1413 886 1471 939 in
1488 886 1721 939 Ilebron
1743 902 1756 939 :

111 981 165 1031 et
195 974 509 1031 dissolutas
530 978 669 1028 sunt
698 988 914 1029 manus
936 972 1415 1046 ejus,omnisque
1450 972 1763 1044 Israelper—

109 1064 390 1119 turbatus
430 1067 533 1117 est.
564 1065 691 1116 Duo
723 1069 923 1117 autem
972 1062 1079 1115 viri
1130 1062 1430 1133 principes
1463 1062 1763 1117 latronum

111 1157 279 1208 erant
310 1151 435 1207 ﬁlio
469 1149 625 1215 Saul,
643 1165 865 1205 nomen
896 1151 999 1205 uni
1032 1153 1249 1213 Baana,
1280 1155 1568 1206 etnomen
1598 1150 1765 1206 alteri

110 1238 483 1307 Rechab,ﬁlii
511 1240 652 1293 Rem
664 1253 804 1291 mon
828 1238 1132 1293 Berothitze
1158 1238 1231 1293 de
1255 1238 1387 1292 filiis
1410 1238 1715 1308 Benjamin
1748 1254 1759 1293 :

110 1327 414 1400 siquidem
446 1330 501 1381 et
542 1324 751 1381 Beroth
776 1330 1050 1395 reputate
1105 1329 1196 1380 est
1234 1325 1293 1380 in
1328 1326 1636 1395 Benjamin
1665 1344 1676 1378 :
1712 1329 1768 1380 et

115 1418 393 1486 fugerunt
430 1413 741 1468 Berothitre
771 1414 832 1467 in
854 1413 1131 1475 Gethaim,
1165 1413 1521 1486 fueruntque
1551 1414 1635 1469 ibi
1666 1416 1767 1468 ad-

115 1520 275 1560 vena:
299 1518 498 1574 usque
537 1501 615 1556 ad
651 1506 885 1572 tempus
917 1501 1082 1556 illud.
1120 1504 1255 1556 Erat
1276 1507 1474 1557 autem
1499 1502 1768 1557 Jonathee

108 1594 227 1649 ﬁlio
257 1590 400 1649 Saul
420 1590 581 1646 ﬁlius
603 1588 816 1645 debilis
841 1589 1094 1661 pedibus
1123 1608 1135 1643 ε
1167 1590 1572 1663 quinquennis
1607 1590 1765 1645 enim

109 1682 236 1747 fuit,
271 1678 525 1752 quando
554 1678 715 1733 venit
741 1678 995 1733 nuncius
1025 1677 1100 1732 de
1152 1678 1289 1733 Saul
1317 1684 1372 1733 et
1414 1678 1669 1733 Jonatha
1696 1694 1767 1733 ex

1870 533 2048 587 Israel
2068 534 2375 589 etJudam.
2404 534 2626 590 Etabiit
2644 540 2823 597 rex,et
2842 552 3052 593 omnes
3079 539 3185 594 viri
3206 544 3311 612 qui
3341 550 3510 601 erant

1869 636 2005 674 cum
2026 638 2112 689 eo,
2138 622 2197 676 in
2227 624 2610 687 Hierusalem,
2629 625 2706 679 ad
2731 625 3101 682 .Iebusaasum
3117 629 3511 689 habitatorem

1871 712 2037 763 terrae
2064 727 2073 761 :
2100 710 2443 782 dictumque
2464 717 2549 767 est
2570 713 2747 767 David
2766 714 2844 768 ab
2866 715 2949 769 eis
2971 731 2981 766 :
3006 717 3131 769 Non
3174 716 3511 785 ingredieris

1868 796 2006 859 huc,
2033 798 2145 852 nisi
2169 798 2483 853 abstuleris
2509 816 2701 855 caecos
2724 806 2781 856 et
2798 801 3045 857 claudos
3066 802 3359 859 dicentes:
3389 807 3515 860 Non

1871 884 2233 952 ingredietur
2278 887 2458 942 David
2490 888 2626 942 huc.
2672 890 2832 959 Cepit
2853 895 3051 945 autem
3088 891 3278 947 David
3316 907 3517 947 arcem

1874 972 2033 1039 Sion,
2057 974 2183 1029 haec
2212 980 2299 1030 est
2326 974 2528 1030 civitas
2557 976 2761 1032 David.
2794 977 3192 1048 Proposuerat
3213 980 3374 1035 enim
3408 980 3517 1035 Da-

1872 1059 1974 1113 vid
2015 1061 2075 1116 in
2114 1061 2208 1117 die
2247 1062 2346 1117 illa
2385 1063 2723 1133 praemium,
2767 1064 2869 1135 qui
2908 1065 3297 1135 percussisset
3342 1067 3518 1122 Jebu-

1876 1166 2084 1213 saeum,
2119 1155 2175 1203 et
2197 1149 2476 1217 tetigisset
2504 1150 2814 1205 domatum
2838 1151 3149 1215 ﬁstulas,et
3176 1153 3518 1209 abstulisset

1875 1253 2066 1292 caecos
2099 1241 2155 1292 et
2184 1237 2431 1291 claudos
2454 1238 2719 1293 odientes
2738 1238 3005 1295 animam
3038 1240 3226 1296 David
3253 1258 3265 1295 :
3301 1240 3517 1296 idcirco

1874 1324 2083 1380 dicitur
2099 1325 2157 1378 in
2175 1325 2487 1395 proverbio
2522 1341 2532 1377 :
2555 1328 2750 1381 Caseus
2772 1331 2829 1381 et
2849 1326 3084 1382 claudus
3104 1344 3212 1381 non
3232 1328 3521 1385 intrabunt

1873 1414 1934 1468 in
1958 1411 2268 1483 templum.
2294 1424 2359 1481 1p.
2383 1416 2590 1468 Amen.

1946 1501 2297 1568 Antiphona
2330 1505 2377 1553 1.
2410 1502 2621 1556 Omnia
2650 1516 2792 1557 ossa
2816 1518 2952 1559 mea
2979 1502 3182 1559 dicent
3214 1505 3519 1568 :Domine,

1877 1588 2012 1659 quis
2028 1588 2233 1642 similis
2246 1587 2350 1643 tibi
2366 1587 2393 1641 ἵ)
2411 1588 2675 1659 Eripiens
2699 1590 2761 1645 in
2786 1606 2963 1661 opem
2980 1590 3053 1647 de
3069 1608 3255 1648 manu
3268 1593 3524 1649 fortioris

1879 1677 2031 1745 ejus,
2053 1681 2106 1730 et
2121 1692 2377 1744 egenum
2402 1680 2457 1730 et
2476 1692 2850 1747 pauperema
2866 1678 3279 1749 diripientibus
3296 1681 3525 1741 eumﬂ.

112 1770 332 1826 lezrael
360 1784 373 1821 :
402 1768 611 1825 tollens
632 1767 832 1838 itaque
862 1783 1003 1821 cum
1022 1766 1219 1821 nutrix
1240 1783 1372 1830 sua,
1400 1766 1563 1836 fugit:
1598 1784 1764 1823 cum-
1804 1777 1851 1831 Β
1882 1769 2418 1835 Esurgentestestes
2438 1766 3528 1840 iniqui,qumignorabam,interroga—

115 1876 227 1930 que
252 1857 558 1912 festinaret
591 1859 651 1910 ut
676 1854 1139 1923 fugeret,cecidit
1162 1859 1218 1909 et
1251 1854 1501 1909 claudus
1526 1856 1768 1910 etl‘ectus

116 1952 205 2002 est
237 1962 261 2000 .·
285 1944 607 2014 habuitque
634 1942 993 1998 vocabulum
1020 1942 1431 2013 Miphiboseth.
1464 1945 1770 1999 Venientes

116 2035 297 2104 igitur
326 2032 431 2086 ﬁlii
456 2034 745 2086 Remmon
767 2031 1090 2093 Berothitze,
1116 2031 1356 2087 Rechab
1377 2036 1432 2085 et
1462 2032 1770 2095 Baana,in-

118 2122 305 2193 gressi
337 2125 478 2176 sunt
498 2121 757 2175 fervente
785 2118 879 2174 die
910 2119 1161 2175 domum
1188 2120 1478 2174 lsboseth:
1510 2120 1613 2190 qui
1644 2121 1776 2175 dor-

118 2210 343 2265 miebat
368 2224 551 2279 super
577 2212 825 2262 stratum
852 2223 1029 2261 suum
1054 2206 1387 2262 meridieEt
1416 2207 1654 2262 ostiaria
1674 2207 1779 2263 do-

120 2316 240 2353 mus
262 2310 543 2370 purgans
567 2296 819 2351 triticum
833 2294 1213 2351 obdormivit.
1246 2296 1495 2364 Ingressi
1511 2301 1649 2350 sunt
1674 2312 1778 2350 au-

119 2395 233 2444 tem
258 2388 515 2443 domum
570 2385 815 2439 latenter
839 2388 1211 2439 assumentes
1257 2383 1454 2454 spicas
1508 2384 1697 2450 tritici,
1726 2388 1781 2438 et

117 2478 550 2550 percusserunt
565 2488 700 2527 eum
721 2471 781 2525 in
799 2472 1039 2541 inguine
1062 2470 1296 2526 Rechab
1314 2476 1367 2525 et
1382 2473 1581 2527 Baana
1602 2471 1781 2527 frater

118 2568 266 2637 ejus,
303 2568 365 2619 et
400 2562 697 2631 fugerunt.
732 2562 876 2615 Cum
894 2565 1094 2615 autem
1122 2560 1370 2627 ingressi
1402 2558 1650 2613 fuissent
1671 2559 1779 2613 do-

119 2671 311 2716 mum,
331 2651 430 2706 ille
453 2650 791 2705 dormiebat
805 2648 1213 2719 superlactum
1229 2665 1402 2701 suum
1416 2648 1476 2702 in
1489 2647 1781 2710 conclavi,

121 2737 1187 2815 etpercutientesinterfecerunteum:
1215 2736 1571 2808 sublatoque
1591 2736 1783 2807 capite

121 2832 271 2900 ejus.
310 2828 593 2883 abierunt
623 2841 728 2897 per
753 2825 912 2880 viam
939 2822 1155 2878 deserti
1190 2828 1310 2879 tota
1342 2828 1605 2887 nocte,et
1636 2828 1784 2878 attu-

122 2919 326 2973 lerunt
374 2919 559 2987 caput
594 2912 862 2969 Isboseth
899 2912 975 2967 ad
1006 2912 1191 2966 David
1217 2912 1275 2966 in
1310 2911 1538 2966 Ilebron
1570 2932 1581 2969 :
1626 2912 1787 2967 dixe-

124 3011 397 3077 runtque
429 3003 505 3059 ad
546 3017 746 3071 regem
781 3021 792 3059 :
832 3004 976 3056 Ecce
1017 3004 1195 3072 caput
1222 2999 1489 3055 Isboseth
1514 2998 1616 3054 ﬁlii
1651 3000 1788 3056 Saul

1876 1854 2024 1910 bant
2044 1869 2161 1909 me.

1953 1944 2170 1997 Oratio.
2220 1943 2464 1998 Domine
2489 1944 2643 1999 Deus
2704 1944 2890 1999 virtus
2917 1946 3124 2001 salutis
3159 1950 3396 2012 nostrae,
3424 1947 3531 2002 ob-

1888 2030 2101 2085 umbra
2130 2036 2309 2101 caput
2358 2036 2629 2086 nostrum
2660 2032 2720 2086 in
2751 2032 2963 2087 diebus
2993 2034 3130 2089 belli
3158 2052 3169 2088 :
3205 2051 3279 2090 ne
3303 2034 3533 2089 insidiis

1885 2118 2443 2189 quatiamurinimici
2466 2136 2478 2183 ;
2500 2135 2605 2174 nec
2624 2120 2865 2175 latentia
2882 2121 2993 2174 sub
3014 2122 3343 2178 invidorum
3358 2122 3532 2178 labiis

1886 2205 2237 2260 hauriamus
2256 2222 2479 2260 venena
2501 2229 2511 2260 :
2536 2212 2593 2261 et
2608 2208 2751 2277 quia
2769 2213 2830 2262 tu
2846 2208 2990 2262 facis
3007 2210 3297 2277 judicium
3316 2210 3529 2281 inopis;

1888 2294 2275 2350 etvindictam
2292 2296 2561 2366 pauperis
2579 2313 2592 2361 ;
2607 2301 3011 2367 contemptum
3028 2304 3244 2353 nostrai
3256 2298 3532 2368 abjectio—

1886 2382 2001 2445 nis,
2023 2382 2303 2437 bonitatis
2334 2389 2446 2438 tuas
2479 2399 2802 2455 compensa
2831 2385 3072 2441 divitiis.
3098 2392 3391 2453 nuAmen.

1960 2472 2303 2539 Antiphona
2330 2477 2381 2525 2.
2421 2473 2619 2527 Dicam
2650 2474 2767 2527 Deo
2788 2489 2921 2528 meo
2951 2490 2961 2527 :
2997 2476 3313 2546 Susceptor
3343 2491 3533 2541 meus,

1890 2575 2071 2630 quare
2104 2559 2219 2613 mei
2246 2559 2461 2613 oblitus
2484 2575 2545 2613 es
2577 2559 2603 2610 ?
2634 2561 2827 2623 Qnare
2859 2561 3036 2615 tristis
3060 2577 3139 2624 es,
3174 2562 3377 2617 anima
3400 2578 3539 2618 mea

1892 2651 1945 2701 et
1984 2662 2168 2717 quare
2202 2662 2294 2699 me
2322 2646 2638 2701 conturbas
2665 2648 2691 2699 ἱ)
2728 2646 2787 2704 )l'.
2817 2646 2980 2701 Sicut
3007 2664 3215 2703 cervus
3240 2649 3541 2706 desiderat

1893 2736 1971 2791 ad
1993 2734 2623 2806 f‘ontesaquarumdta
2638 2733 2933 2789 desiderat
2950 2736 3153 2791 anima
3194 2752 3331 2791 mea
3369 2736 3449 2791 ad
3484 2740 3539 2791 te

1894 2825 2063 2879 Deus.

1969 2912 2193 2967 Oratio.
2229 2910 2445 2967 Christe
2474 2916 2779 2983 susceptor
2811 2917 3009 2968 noster
3030 2928 3151 2967 non
3173 2912 3541 2968 obliviscaris

1895 3000 2081 3057 nostri
2106 3016 2325 3071 ;neque
2346 3000 2403 3054 in
2422 3000 2481 3053 in
2498 2999 2727 3055 tristitia
2743 3004 2934 3055 vertas
2957 3002 3190 3056 animas
3214 3006 3467 3057 nostras:
3487 3005 3544 3055 et:

126 3090 917 3163 inimicitui,quiqua?rebat
943 3090 1381 3146 animamtuam
1404 3095 1487 3143 :et
1507 3089 1789 3147 deditDo-
1819 3114 1860 3172 α
1896 3091 2000 3162 qui
2025 3089 2386 3144 conturbant
2408 3104 2536 3152 nos,
2563 3093 2981 3143 convertantur
3012 3105 3023 3143 :
3060 3095 3115 3145 et
3142 3095 3415 3161 quierant
3442 3106 3546 3145 no-

126 3187 337 3242 minus
368 3182 620 3237 domino
642 3196 776 3235 meo
799 3179 920 3249 regi
964 3179 1247 3235 ultionem
1272 3178 1449 3233 hodie
1467 3178 1539 3233 de
1571 3179 1790 3247 Saul,et

126 3275 197 3329 de
234 3271 475 3328 semine
496 3270 647 3339 ejus.
676 3267 1054 3339 Respondens
1082 3272 1277 3322 autem
1312 3266 1497 3321 David
1530 3267 1785 3333 Rechab,

127 3370 181 3418 et
214 3366 430 3417 Baana
456 3358 620 3413 fratri
644 3358 793 3427 ejus,
823 3356 954 3412 ﬁliis
984 3359 1273 3410 Remmon
1298 3354 1628 3423 Berothitaz,
1648 3355 1794 3410 dixit

128 3450 201 3506 ad
229 3466 341 3505 eos
375 3465 388 3502 :
414 3443 1000 3515 VivitDominus,qui
1024 3444 1175 3497 eruit
1205 3443 1470 3498 animam
1502 3459 1698 3497 meam
1718 3442 1792 3497 de

129 3538 295 3594 omni
330 3533 634 3605 angustia,
664 3532 952 3603 quoniam
985 3548 1143 3589 eum,
1187 3530 1291 3602 qui
1327 3531 1795 3586 annunciaverat

130 3626 300 3687 mihi,
330 3628 391 3680 et
420 3622 654 3677 dixerat
681 3637 694 3672 :
722 3622 978 3675 Mortuus
1004 3626 1089 3675 est
1115 3619 1290 3675 Saul:
1324 3620 1419 3691 qui
1450 3620 1703 3691 putabat
1733 3635 1794 3674 se

132 3728 431 3786 prospera
460 3708 955 3774 nunciare,tenui,
988 3712 1044 3763 et
1077 3708 1266 3763 occidi
1294 3724 1431 3762 eum
1456 3708 1515 3763 in
1550 3708 1792 3779 Siceleg,

140 3800 570 3875 cuioportebat
584 3797 914 3853 mercedem
928 3814 1011 3851 me
1032 3796 1172 3852 dare
1192 3812 1299 3867 pro
1312 3797 1797 3862 nuncio.Quanto

139 3893 331 3961 magis
351 3903 682 3949 nunc,cum
700 3886 973 3941 homines
998 3886 1152 3957 impii
1174 3884 1591 3941 interfecerunt
1607 3887 1798 3942 virum

141 3978 462 4035 innoxium
498 3977 559 4031 in
584 3975 767 4030 domo
797 3992 925 4043 sua,
974 3990 1153 4045 super
1194 3974 1415 4028 lectum
1447 3991 1643 4038 suum,
1676 3990 1798 4029 non

141 4083 416 4140 quaeram
432 4064 781 4133 sanguinem
799 4063 927 4133 ejus
945 4061 1017 4118 de
1032 4078 1209 4117 manu
1238 4066 1517 4125 vestra,et
1542 4062 1799 4117 auferam

141 4173 252 4210 vos
280 4155 361 4209 de
388 4161 537 4209 terra
559 4154 589 4207 ?
617 4151 906 4222 Praecepit
932 4150 1134 4223 itaque
1168 4151 1352 4206 David
1376 4151 1571 4221 pueris
1599 4150 1801 4216 suis,et

143 4243 568 4300 interfecerunt
595 4257 731 4297 eos:
767 4240 1285 4313 praecidentesque
1301 4256 1519 4295 manus
1548 4240 1799 4311 etpedes

141 4329 941 4404 eorum,suspenderunteos
956 4345 1134 4400 super
1146 4328 1439 4400 piscinam
1457 4327 1518 4383 in
1536 4328 1798 4385 Hebron:

143 4427 321 4495 caput
352 4424 559 4475 autem
589 4414 853 4472 Isboseth
870 4416 1147 4486 tulerunt,
1179 4420 1235 4472 et
1265 4416 1693 4487 sepelieruntin
1717 4434 1802 4472 se-

146 4512 393 4583 pulchro
414 4506 677 4563 Abnerin
698 4505 951 4561 Ilebron.
972 4506 1133 4575 (Cap.
1148 4506 1233 4577 v.)
1279 4507 1343 4560 Et
1364 4511 1654 4560 venerunt
1670 4507 1801 4561 uni—

148 4616 327 4654 versa?
356 4597 549 4653 tribus
574 4594 749 4649 Israel
780 4595 852 4648 ad
885 4594 1068 4649 David
1096 4595 1155 4647 in
1202 4594 1455 4658 Hebron,
1483 4594 1747 4649 dicentes
1785 4610 1798 4651 :

155 4690 328 4761 309
360 4690 510 4742 Ecce
536 4699 670 4753 nos,
689 4699 757 4738 os
781 4688 970 4748 tuum,
997 4686 1052 4737 et
1072 4698 1210 4739 caro
1233 4687 1333 4736 tua
1357 4699 1587 4738 sumus.
1611 4684 1721 4737 Sed
1749 4686 1806 4738 et

154 4776 264 4834 heri
282 4784 342 4834 et
360 4772 822 4832 nudiustertius.
844 4788 981 4826 cum
999 4777 1154 4826 esset
1174 4771 1311 4827 Saul
1336 4787 1437 4826 rex
1460 4789 1639 4843 super
1669 4789 1802 4840 nos,

158 4868 207 4920 tu
232 4884 366 4923 eras
400 4862 669 4919 educens
696 4864 750 4915 et
779 4859 1068 4915 reducens
1095 4859 1275 4914 Israel
1334 4876 1344 4913 :
1404 4859 1555 4915 dixit
1607 4867 1805 4917 autem

163 4953 444 5011 Dominus
470 4952 553 5007 ad
576 4954 629 5005 te
647 4967 656 5002 :
673 4950 756 5004 Tu
772 4965 983 5019 pasces
1002 4948 1294 5020 populum
1321 4964 1523 5003 meum
1546 4950 1738 5013 Israel,
1754 4954 1810 5005 et

160 5044 205 5097 tu
233 5038 916 5111 erisduxsuperlsrael.
951 5040 1246 5092 Venerunt
1266 5052 1506 5108 quoque
1540 5041 1593 5091 et
1618 5038 1809 5093 senio-

158 5143 232 5188 res
259 5130 449 5189 Israel
475 5127 558 5183 ad
574 5142 779 5197 regem
802 5125 859 5181 in
890 5127 1143 5189 Hebron,
1174 5130 1227 5180 et
1247 5125 1540 5198 percussit
1566 5141 1701 5180 cum
1726 5125 1811 5180 eis

160 5230 243 5276 rex
268 5217 465 5276 David
498 5214 699 5271 fcedus
726 5213 785 5267 in
813 5214 1045 5269 Hebron
1074 5230 1277 5269 coram
1309 5214 1560 5268 Domino
1590 5230 1600 5267 :
1632 5230 1814 5269 unxe-

160 5316 409 5381 runtque
434 5303 631 5361 David
650 5302 709 5356 in
728 5304 941 5370 Regem
964 5317 1143 5372 super
1162 5300 1359 5357 Israel.
1391 5301 1563 5356 Filius
1583 5301 1815 5372 triginta

158 5406 446 5455 annorum
477 5398 609 5448 erat
638 5389 843 5456 David,
868 5390 928 5445 in
961 5407 1089 5445 cum
1119 5406 1369 5460 regnare
1405 5407 1491 5445 ea:
1522 5392 1721 5462 pisset,
1761 5396 1818 5448 et

155 5484 567 5556 Quadraginta
585 5478 759 5536 annis
778 5480 1130 5548 regnavit.ln
1147 5480 1624 5551 HebronrOgavit
1639 5497 1818 5553 super

153 5570 171 5627 J
180 5578 373 5634 udam
388 5575 631 5649 septem
653 5568 829 5625 annis
844 5573 900 5624 et
916 5583 1021 5625 sex
1045 5568 1370 5625 mensibus:
1390 5569 1447 5624 in
1460 5569 1819 5627 Ilierusalem

1899 3196 2035 3235 men
2056 3186 2327 3232 sanctum
2348 3182 2547 3231 tuum:
2589 3180 2651 3231 ut
2674 3194 2809 3232 cum
2842 3179 2901 3231 in
2926 3183 3205 3249 utrosque
3224 3178 3403 3232 fueris
3422 3178 3547 3247 glo-

1898 3268 2184 3333 riﬁcatus,
2226 3266 2440 3321 demus
2493 3265 2745 3334 gloriam
2800 3266 3029 3321 nomini
3076 3270 3280 3320 sancto
3323 3270 3445 3320 tuo.
3478 3276 3541 3333 ἢ.

1901 3358 2109 3409 Amen.

1974 3447 2099 3498 Per.

1975 3532 2321 3601 Antz’phona
2370 3538 2421 3587 3.
2476 3532 2642 3604 Eripe
2692 3550 2787 3587 me
2818 3532 2891 3588 de
2916 3531 3169 3588 inimicis
3195 3533 3367 3596 meis,
3392 3533 3545 3588 Deus

1905 3636 2076 3675 meus
2099 3639 2110 3674 :
2132 3625 2185 3673 et
2200 3620 2276 3673 ad
2294 3620 2739 3688 insurgentibus
2754 3622 2810 3675 in
2829 3638 2924 3675 me
2941 3621 3125 3676 libera
3140 3638 3253 3691 me,
3278 3622 3545 3677 Domine.

1904 3708 1964 3766 ἡ.
2002 3708 2171 3777 Eripe
2196 3723 2291 3761 me
2318 3706 2390 3760 de
2422 3709 2807 3777 operantibus
2856 3708 3209 3779 inquitatem
3244 3727 3253 3762 :
3290 3714 3346 3764 et
3372 3709 3445 3763 de
3473 3709 3551 3762 vi-

1906 3796 1985 3852 ris
2003 3796 2363 3866 sanguinum
2394 3795 2579 3850 libera
2605 3813 2721 3852 me.

1978 3886 2272 3953 Hymnus.
2302 3885 2345 3939 Ο
2373 3887 2686 3947 Nazarene,
2722 3884 2842 3939 lux.
2875 3887 2984 3955 fol.
3028 3886 3145 3941 144.

1982 3974 2206 4028 Oratio.
2228 3972 2390 4043 Eripe
2416 3988 2525 4027 nos
2558 3974 2807 4029 Domine
2838 3974 2911 4029 de
2945 3974 3197 4030 inimicis
3220 3976 3437 4030 nostris
3461 3993 3472 4029 :
3498 3978 3554 4031 et

1909 4064 2010 4135 qui
2035 4068 2185 4116 tuam
2206 4076 2312 4131 pro
2330 4060 2503 4115 nobis
2521 4061 2802 4130 dignatus
2820 4079 2879 4117 es
2899 4079 3117 4134 ponere
3139 4064 3415 4119 animam:
3440 4079 3551 4119 nos

1910 4151 1987 4207 ab
2014 4148 2457 4218 insurgentibus
2510 4151 2569 4204 in
2601 4166 2709 4205 nos
2734 4150 2925 4205 libera
2956 4167 3410 4224 usquequaque.

1982 4238 2143 4293 Pater
2165 4240 2381 4291 noster.

2492 4329 2590 4382 Ad
2630 4329 2962 4397 Vesperum.

1982 4417 2188 4473 Lauda
2202 4459 2214 4471 .
2240 4416 2595 4472 Illuminatio
2614 4433 2749 4472 mea
2766 4422 2820 4472 et
2838 4417 2996 4472 salus
3016 4433 3149 4473 mea
3169 4418 3477 4473 Dominus.

1983 4504 2854 4575 Antiphona.l’raeoccupemus
2878 4506 3089 4560 faciem
3115 4506 3211 4560 Dei
3239 4506 3300 4560 in
3330 4506 3560 4561 confes-

1912 4595 2098 4657 sione,
2140 4598 2194 4648 et
2224 4594 2283 4646 in
2311 4592 2557 4663 psalmis
2583 4593 2903 4663 jubilemus
2929 4594 2999 4647 ei.
3024 4594 3289 4649 Psalmus
3315 4609 3470 4649 xcrv.

1983 4683 2208 4738 Lauda.
2243 4683 2332 4736 Ab
2362 4682 2526 4736 omni
2569 4684 2664 4736 via
2696 4682 2854 4737 mala
2883 4681 3132 4752 prohibe
3161 4681 3339 4751 pedes
3369 4693 3555 4744 meos,

1914 4770 2183 4826 Domine.
2220 4769 2285 4827 ἣν.
2327 4769 2641 4832 Quomodo
2662 4769 3049 4837 dilexilegem
3074 4774 3258 4836 tuam,
3279 4763 3562 4822 Domine?

1914 4864 2037 4917 tota
2074 4859 2169 4914 die
2202 4858 2511 4913 meditatio
2538 4873 2671 4912 mea
2694 4862 2799 4913 est.

1986 4950 2277 5017 Hymnus.
2312 4947 2567 5001 Verbum
2593 4946 2793 5001 Patris.
2819 4948 2910 5016 fol
2934 4951 3055 5001 252.

1990 5036 2213 5091 Lauda.
2261 5035 2397 5089 Vide
2424 5034 2814 5091 humilitatem
2849 5050 3065 5091 meam.

2524 5141 2734 5187 omam
2776 5142 2948 5179 FERIA.

2491 5214 2585 5267 Ad
2617 5214 3008 5270 .llatutz'num.

1994 5300 2354 5371 Αηείρήοηιι.
2388 5300 2545 5355 Multi
2577 5302 3037 5373 insurgeruntin
3062 5317 3174 5356 me.
3197 5299 3571 5356 Multidicunt

1927 5394 2141 5450 animae
2176 5408 2322 5446 meae
2382 5408 2395 5445 :
2461 5394 2587 5447 Non
2619 5397 2706 5447 est
2749 5393 2910 5449 salus
2936 5392 3046 5463 ipsi
3078 5392 3135 5445 in
3162 5392 3278 5444 Deo
3304 5390 3458 5458 ejus.
3488 5391 3573 5444 Tu

1928 5488 2127 5538 autem
2160 5481 2407 5535 Domine
2448 5488 2754 5553 susceptor
2774 5493 2948 5536 meus
2971 5496 3052 5534 es.
3082 5479 3357 5536 Psutmus
3384 5493 3460 5532 III.

2005 5570 2232 5626 Oratio.
2273 5568 2631 5642 Multiplicati
2664 5574 2819 5643 sunt,
2849 5570 3114 5637 Domine,
3148 5566 3249 5643 qui
3293 5564 3578 5627 tribulant
