4094 6164
588 258 690 312 527

591 395 700 436 nos
721 393 734 430 ε
755 372 859 430 sed
879 375 941 427 tu
959 365 1183 424 multus
1205 378 1266 418 es
1284 361 1341 416 in
1356 357 1503 414 mise

595 468 657 523 in
671 460 837 521 nullo
863 457 1022 515 enim
1050 447 1485 509 formidabimus
1505 441 1582 499 ab
1601 433 1914 495 imminenti
1930 444 2227 505 pressura,

602 553 651 610 si
678 554 910 609 tantum
939 548 1044 601 tua
1068 538 1433 603 muniamur,
1482 527 1886 599 Omnipotens,
1916 518 2126 593 gratia.
2157 528 2230 587 ιν.

601 648 806 699 Amen.

671 732 1019 884 iegtzphona
1048 808 1103 865 1.
1131 801 1377 861 Domine
1404 802 1556 854 Deus
1584 807 1756 850 meus
1782 790 1844 845 in
1873 789 1927 843 te
1955 781 2189 858 speravi
2221 796 2234 835 :

607 905 773 962 salva
784 917 879 957 me
899 917 913 954 :
932 897 1115 953 libera
1130 907 1226 949 me
1240 890 1317 947 ab
1330 884 1614 945 omnibus
1626 872 2109 953 persequentibus
2123 885 2235 926 me.

604 998 684 1051 Ne
704 988 949 1064 quando
969 983 1162 1055 rapiat
1189 983 1251 1036 ut
1269 978 1363 1034 leo
1390 976 1655 1031 animam
1678 981 1894 1024 meam.
1922 962 1982 1023 tr.
2012 963 2241 1031 Exurge

605 1046 873 1140 Domine,
896 1088 1020 1130 non
1039 1046 1343 1143 prevaleat
1357 1064 1540 1120 homo
1566 1077 1576 1115 :
1595 1056 1937 1130 judicentur
1958 1052 2163 1120 gentes
2180 1046 2243 1102 in

605 1167 927 1237 conspectu
946 1165 1070 1217 tuo.

678 1224 906 1310 Oratio.
928 1245 1169 1305 Domine
1190 1246 1394 1301 contra
1410 1231 1945 1308 multiplicationem
1966 1224 2247 1282 tribulan-

608 1344 755 1401 tium
775 1356 887 1397 nos
916 1336 1081 1394 fortis
1110 1334 1517 1405 propugnator
1540 1336 1781 1381 occurre
1822 1338 1841 1388 ;
1886 1321 1942 1373 et
1962 1315 2248 1372 adversus

606 1428 1052 1488 multitudinem
1089 1403 1522 1490 insurgentium
1559 1413 1619 1469 in
1643 1426 1754 1467 nos
1797 1408 1932 1480 pius
1974 1403 2250 1459 defensor

610 1520 839 1583 assiste;
864 1515 1054 1586 sitque
1075 1506 1407 1567 benedictio
1426 1510 1529 1560 tua
1550 1514 1728 1573 super
1738 1494 2245 1569 populumtuumi

607 1612 674 1665 ut
700 1606 807 1678 qui
839 1604 1093 1659 salutem
1119 1597 1336 1654 animm
1365 1596 1579 1650 nostrm
1608 1589 1670 1644 in
1700 1591 1752 1643 te
1775 1600 1902 1641 esse
1931 1580 2247 1651 denegant,

1850 210 2304 275 BREVIARIUM
2344 205 2734 266 GOTHICUM.

1507 344 1873 418 ricordiaqui
1889 358 2066 400 eruas
2085 355 2226 397 nos:
2262 337 2309 391 A
2340 336 2525 392 Deum
2550 343 2771 391 meum,
2798 327 2853 380 et
2878 319 3033 378 oculi
3057 316 3175 373 mei
3195 315 3556 385 conspecturi
3576 320 3712 381 sunt,
3735 324 3779 376 et
3797 335 3894 380 non

3801 202 3885 257 528

2292 454 2296 457 Α
2341 423 2508 481 alius.

2732 500 3029 559 Canticum
3050 493 3155 551 Job
3179 490 3343 562 (Cap.
3362 489 3499 560 χιχ).

2412 602 2556 654 Ecce
2580 594 2774 652 clamo
2794 590 2913 646 vim
2933 584 3248 661 patiens,et
3272 593 3446 636 nemo
3470 578 3624 636 audit
3648 596 3658 634 :
3684 581 3706 606 *
3729 584 3899 642 vocife.

2343 703 2461 753 ror,
2489 689 2545 743 et
2573 698 2695 740 non
2720 683 2810 739 est
2838 676 2941 751 qui
2958 671 3203 747 judicet.

2417 772 2701 833 Semitam
2721 782 2921 825 meam
2947 756 3405 830 cicumsepsit,et
3428 756 3662 812 transire
3683 772 3785 814 non
3804 774 3904 831 pos—

2349 880 2505 931 sum,
2537 866 2557 886 '
2588 866 2643 917 et
2671 859 2733 915 in
2770 854 2916 912 calle
2950 865 3085 907 meo
3113 846 3387 904 tenebras
3414 843 3619 916 posuit.

2421 950 2708 1024 Spoliav1t
2731 960 2827 1002 me
2858 939 3046 1013 gloria
3078 951 3230 1007 mea,
3259 934 3280 955 ⁴’
3302 936 3357 989 et
3402 931 3629 989 abstulit
3685 948 3909 991 coronam

2351 1041 2427 1098 de
2457 1038 2646 1111 capite
2687 1049 2844 1091 meo.

2422 1107 2723 1184 Dextruxit
2739 1136 2835 1177 me
2860 1116 3144 1188 undique,
3169 1116 3224 1169 et
3244 1124 3421 1183 pereo
3449 1108 3469 1129 ⁶
3489 1110 3543 1164 et
3569 1107 3726 1180 quasi
3748 1108 3915 1165 evulsa:

2354 1216 2551 1276 arbori
2572 1210 2813 1271 abstulit
2836 1222 3005 1281 spem
3035 1218 3252 1260 meam.

2428 1309 2613 1363 Iratus
2637 1305 2722 1358 est
2743 1302 2949 1355 contra
2969 1309 3065 1350 me
3084 1292 3247 1347 furor
3266 1286 3398 1358 ejus
3424 1327 3438 1351 ,
3460 1286 3476 1303 '
3492 1286 3548 1340 et
3565 1283 3641 1339 sic
3660 1299 3742 1339 me
3757 1283 3920 1340 habuit

2356 1393 2532 1469 quasi
2565 1393 2799 1449 hostem
2829 1399 3030 1442 suum.

2432 1480 2617 1541 Simul
2653 1476 2942 1535 venerunt
2972 1471 3231 1527 latrones
3270 1465 3423 1536 ejus,
3479 1466 3534 1517 et
3586 1460 3817 1519 fecerunt
3844 1460 3924 1515 sibi

2357 1573 2519 1628 viam
2540 1585 2643 1643 per
2665 1584 2780 1630 me,
2804 1568 2823 1588 ⁶
2846 1568 2901 1619 et
2922 1558 3282 1617 obsederunt
3298 1553 3359 1609 in
3384 1565 3529 1624 gyro
3547 1548 3925 1606 tabernaculum

606 1702 663 1755 te
692 1695 1057 1753 Salvatorem
1087 1691 1357 1743 nostrum
1387 1682 1500 1755 ipsi
1535 1678 1648 1735 sibi
1677 1691 1789 1732 sua
1813 1669 2253 1746 expugnatione
2286 1702 2329 1758 Β
2364 1676 2586 1719 meum.

608 1784 989 1859 cognoscant.
1016 1789 1082 1849 ﬁ.
1112 1780 1319 1831 Amen.

680 1850 1053 1942 Entiphona.
1088 1868 1122 1921 2
1168 1865 1322 1919 Deus
1345 1874 1540 1925 meus,
1568 1870 1724 1929 pone
1761 1850 2038 1908 inimicos
2085 1860 2253 1903 meos

610 1967 676 2017 ut
711 1934 1019 2016 rotamzet
1043 1953 1194 2009 sicut
1245 1946 1529 2022 stipulam
1548 1948 1682 2003 ante
1724 1939 1937 1998 faciem
1958 1934 2139 1994 venti.
2188 1935 2258 1989 Ut

611 2050 801 2105 sciant
825 2043 1108 2117 quoniam
1164 2053 1385 2096 nomen
1428 2035 1535 2091 tibi
1566 2030 1871 2089 Dominus.
1904 2026 1965 2088 γ.
2018 2028 2101 2081 Ita
2128 2036 2260 2095 per-

613 2134 880 2209 sequeris
933 2148 1037 2189 eos
1088 2130 1149 2185 in
1194 2127 1541 2199 tempestate
1591 2142 1609 2177 :
1659 2124 1715 2176 et
1746 2118 1807 2174 in
1868 2118 1957 2173 ira
1984 2118 2087 2171 tua
2112 2126 2258 2168 con-

608 2222 877 2283 turbabis
908 2236 1033 2277 eos.

686 2314 738 2385 3
753 2313 864 2383 10
895 2308 1123 2368 Oratio.
1144 2303 1392 2361 Domine
1413 2302 1566 2357 Deus
1587 2300 1924 2371 sperantem
1942 2293 2004 2349 in
2020 2296 2074 2347 te
2094 2293 2261 2346 tuam

614 2400 935 2459 Ecclesiam
958 2413 996 2454 a
1033 2389 1532 2468 persequentibus
1555 2385 1836 2444 omnibus
1872 2382 2075 2449 salva;
2099 2382 2157 2435 et
2184 2376 2259 2433 de

615 2504 801 2547 manu
825 2482 1309 2560 persequentium
1364 2474 1761 2551 potentialiter
1800 2471 1986 2528 libera
2038 2485 2051 2524 :
2086 2482 2155 2523 ac
2184 2480 2259 2521 ne

619 2577 866 2652 quando
890 2556 1091 2646 rapiat
1106 2575 1168 2627 ut
1182 2570 1275 2625 leo
1291 2567 1558 2624 animam
1572 2563 1622 2635 ej
1633 2561 1841 2633 us,tuis
1860 2572 2090 2630 semper
2104 2556 2260 2611 inro-

617 2671 777 2723 retur
797 2643 1205 2721 virtutibusmt
1223 2656 1395 2728 cujus
1412 2654 1674 2726 primum
1697 2648 1988 2723 passionis
2004 2643 2261 2718 comple-

615 2758 675 2812 ta
691 2758 779 2811 est
794 2750 1104 2821 sanguine,
1123 2746 1250 2819 ejus
1266 2744 1485 2801 invicta
1503 2741 1783 2798 liberetur
1813 2753 1849 2794 a
1868 2735 2043 2794 malis
2073 2732 2263 2791 omni-

616 2842 726 2899 bus
752 2841 1061 2914 potestate.
1096 2847 1159 2907 m.
1192 2835 1403 2889 Amen.

690 2946 1038 3017 Antiphona
1060 2946 1109 2998 3.
1137 2942 1314 3005 Deus,
1343 2936 1479 3010 quis
1505 2932 1713 2990 similis
1740 2930 1847 2989 tibi
1875 2933 1903 2987 ‘I
1926 2945 2001 2987 ne
2027 2931 2258 2986 taceas:

620 3050 815 3109 neque
846 3029 1242 3104 compescaris
1263 3026 1437 3081 Deus:
1467 3021 1757 3096 quoniam
1780 3035 1915 3077 ecce
1936 3017 2161 3076 inimici
2182 3014 2266 3073 tui

623 3105 947 3182 sonuerunt
965 3141 976 3180 :
996 3124 1051 3176 et
1066 3118 1327 3175 odientes
1346 3119 1397 3172 te
1415 3113 1753 3169 levaverunt
1767 3113 1959 3182 caput.
1988 3106 2050 3168 tr.
2090 3105 2266 3178 Imple

624 3214 804 3270 facies
833 3225 1036 3267 eorum
1066 3203 1413 3278 ignominia:
1449 3204 1505 3258 et
1530 3202 1796 3273 quaerent
1821 3212 2044 3254 nomen
2074 3200 2265 3263 tuum,

625 3300 893 3357 Domine.

702 3404 929 3462 Oratio.
953 3399 1289 3470 Redemptor
1306 3400 1496 3452 noster
1516 3398 1571 3450 et
1600 3394 1829 3449 Domine
1850 3407 1996 3464 pone
2018 3390 2273 3446 inimicos

632 3500 765 3552 tuos
782 3495 1061 3548 utrotam.
1079 3486 1293 3560 quibus
1316 3483 1647 3557 mysterium
1674 3482 1873 3537 Crucis
1895 3484 2008 3536 tum
2031 3483 2115 3534 est
2138 3477 2276 3534 stul-

634 3583 794 3640 titia:
822 3584 886 3636 ut
906 3578 985 3635 illi
1013 3577 1161 3633 sicut
1183 3572 1404 3646 stipula
1434 3577 1574 3628 ante
1601 3570 1814 3626 faciem
1860 3566 2020 3623 venti
2044 3569 2161 3623 sint
2190 3566 2275 3622 di-

636 3669 823 3756 spersi
854 3687 868 3735 ;
901 3672 957 3723 et
986 3662 1363 3721 credentibus
1385 3660 1445 3716 in
1481 3665 1534 3716 te
1550 3658 1645 3715 vel
1683 3656 1991 3713 credituris
2022 3656 2279 3712 donetur

636 3750 803 3816 locus
833 3760 1066 3813 mternm
1098 3748 1446 3809 mansionis.
1478 3758 1541 3818 BI.
1575 3751 1781 3803 Amen.

713 3860 776 3918 ηρ.
813 3843 1204 3902 Tradiderunt
1225 3856 1322 3897 me
1356 3838 1418 3894 in
1438 3852 1658 3894 manus
1688 3834 2032 3907 impiorum,
2051 3835 2109 3888 et
2130 3831 2283 3888 inter

638 3937 876 4009 iniquos
889 3933 1349 4007 projecerunt;et
1361 3942 1482 3983 non
1494 3927 1876 3998 pepercerunt
1892 3922 2099 3979 animm
2114 3936 2273 3977 mem.

642 4022 963 4082 Confortati
984 4024 1121 4078 sunt
1138 4018 1457 4076 adversum
1476 4030 1571 4071 me
1588 4013 1790 4081 fortes,
1812 4016 1867 4069 et
1887 4011 2057 4085 quasi
2080 4012 2282 4082 gigan-

642 4118 729 4172 tes
760 4114 1045 4170 steterunt
1069 4123 1247 4181 super
1275 4121 1391 4162 me.
1448 4104 1671 4160 Fletum
1719 4102 2093 4157 deduxerunt
2129 4098 2286 4156 oculi

644 4204 762 4259 mei
786 4219 798 4259 :
818 4199 1166 4275 palpebram
1185 4210 1384 4252 meam
1406 4192 1638 4266 operuit
1656 4190 1875 4262 umbra
1893 4189 2120 4257 mortis,
2147 4188 2287 4244 dum

643 4290 930 4364 iniquitas
959 4288 1020 4343 in
1076 4283 1357 4342 manibus
1386 4283 1533 4339 meis
1572 4296 1695 4337 non
1722 4285 1898 4337 esset.
1930 4279 2125 4336 Oratio
2151 4293 2289 4334 mea

646 4379 876 4437 munda
904 4381 990 4434 est
1019 4378 1155 4431 ante
1182 4377 1235 4429 te
1263 4367 1532 4429 Domine.
1573 4370 1640 4431 7t.
1714 4371 2083 4442 Aperuerunt
2112 4381 2290 4441 super

646 4476 743 4526 me
768 4465 990 4524 inimici
1019 4479 1126 4521 ora
1166 4477 1295 4529 sua,
1328 4464 1385 4517 et
1414 4458 1843 4532 exprobrantes
1872 4459 2292 4532 percusserunt

648 4556 953 4616 maxillam
984 4566 1204 4610 meam.
1236 4550 1299 4605 P.
1334 4552 1401 4605 Et
1420 4563 1541 4605 non
1571 4551 1979 4621 pepercerunt.

718 4662 938 4721 Oratio.
971 4662 1051 4717 Ne
1078 4656 1411 4721 tradideris,
1443 4653 1702 4725 Domine,
1732 4654 1794 4709 in
1822 4652 2293 4725 persequentium

648 4766 898 4810 manum
913 4749 1151 4808 animas
1168 4746 1272 4804 tibi
1285 4743 1691 4803 conﬁtentium
1708 4741 2069 4815 populorum
2087 4758 2098 4794 :
2115 4739 2295 4813 utqui

649 4837 937 4898 falsorum
958 4836 1199 4896 testium
1226 4833 1518 4910 pertulisti
1552 4830 1956 4894 mendacium,
1976 4828 2294 4885 colentium

650 4934 705 4987 te
730 4927 1075 5001 gloriﬁceris
1102 4924 1353 4988 vocibus
1378 4923 1826 4995 redemptorum
1848 4930 1912 4990 az.
1939 4922 2147 4975 Amen.

1272 5033 1333 5087 In
1370 5029 1693 5088 Laudibus.

722 5142 1075 5214 Antiphona.
1095 5137 1295 5197 Redde
1316 5136 1461 5193 mihi
1482 5135 1744 5193 laetitiam
1767 5132 2040 5192 salutaris
2062 5131 2166 5200 tui,
2190 5134 2298 5188 Do-

651 5234 811 5292 mine
846 5244 862 5293 :
900 5234 957 5289 et
994 5228 1203 5302 spiritu
1240 5224 1557 5300 principali
1612 5224 1903 5282 conﬁrma
1962 5238 2079 5280 me.
2137 5222 2298 5279 Psal-

649 5340 779 5382 mus
808 5338 859 5377 L.

724 5412 948 5469 Oratio.
978 5410 1187 5465 Averte
1241 5402 1459 5460 faciem
1510 5405 1699 5457 tuam.
1741 5403 1858 5471 fol.
1894 5403 2011 5459 l6l.

720 5501 819 5557 Ad
843 5498 1161 5558 Canticum.
1191 5491 1567 5564 Antiphone.
1600 5492 1664 5546 In
1694 5504 1871 5549 carne
1918 5505 2055 5548 mea
2081 5487 2298 5546 videbo

2429 1751 2661 1806 Fratres
2689 1758 2857 1801 meos
2881 1740 3058 1809 longe
3080 1732 3215 1792 fecit
3236 1747 3271 1789 a
3296 1744 3416 1797 me,
3439 1731 3459 1751 "
3489 1731 3544 1783 et
3568 1726 3683 1783 noti
3705 1725 3803 1782 mei
3818 1739 3929 1797 qua-

2363 1840 2412 1896 si
2440 1836 2609 1895 alieni
2634 1832 3004 1891 recesserunt
3032 1842 3067 1882 a
3105 1837 3221 1879 me.

2434 1923 2877 1996 Dereliquerunt
2904 1931 2999 1973 me
3029 1907 3357 1986 propinqui
3385 1905 3503 1962 mei
3557 1922 3569 1958 :

2365 2017 2670 2079 noverant,
2713 2006 2882 2066 obliti
2914 2006 3055 2060 sunt
3092 2000 3228 2057 mei.

2437 2100 2695 2175 Inquilini
2729 2098 2932 2154 domus
2951 2107 3115 2160 mem,
3138 2092 3195 2145 et
3207 2084 3433 2145 ancillae
3446 2098 3596 2152 mem,
3612 2078 3938 2136 sicutalienum

2364 2193 2705 2251 habuerunt
2733 2202 2848 2251 me,
2880 2184 2901 2206 '
2930 2187 2986 2240 et
3024 2178 3200 2255 quasi
3242 2173 3593 2249 peregrinus
3623 2169 3699 2225 fui
3724 2168 3777 2224 in
3800 2166 3940 2223 oculis

2368 2298 2594 2341 eorum.

2442 2373 2685 2428 Servum
2713 2377 2914 2422 meum
2942 2356 3171 2421 vocavi,
3208 2356 3264 2411 et
3286 2365 3417 2409 non
3442 2346 3736 2422 respondit
3784 2361 3794 2413 ;
3835 2346 3850 2367 ‘
3869 2356 3941 2398 ore

2367 2459 2610 2537 proprio
2640 2451 3009 2528 deprecabar
3039 2446 3227 2503 illum.

2439 2521 2694 2606 Halitum
2724 2556 2927 2599 meum
2956 2533 3256 2594 exhorruit
3280 2544 3437 2587 uxor
3461 2542 3614 2592 mea,
3637 2527 3656 2547 ⁶
3680 2526 3730 2580 et
3747 2521 3942 2579 orabam

2368 2639 2521 2696 ﬁlios
2543 2633 2692 2692 uteri
2721 2629 2855 2688 mei.

2443 2694 2607 2785 Stulti
2636 2733 2878 2795 quoque
2909 2711 3323 2787 despiciebant
3351 2723 3471 2772 me,
3503 2709 3523 2729 θ
3561 2708 3616 2760 et
3649 2716 3774 2758 cum
3797 2698 3858 2755 ab
3885 2694 3947 2750 eis

2369 2813 2773 2875 recessissem,
2806 2801 3203 2863 detrahebant
3225 2796 3399 2855 mihi.

2441 2897 2778 2961 Abominati
2800 2898 2940 2951 sunt
2959 2907 3054 2949 me
3075 2887 3392 2963 quondam
3415 2878 3725 2940 consiliarii
3740 2875 3839 2932 mei
3856 2888 3865 2927 :
3885 2874 3899 2892 ‘
3912 2873 3949 2924 et

2372 3010 2554 3069 quem
2587 2987 2845 3047 maxime
2877 2979 3222 3051 diligebam,
3252 2975 3603 3032 adversatus
3634 2972 3715 3025 est
3750 2979 3848 3021 me.

2302 3059 2341 3115 C
2391 3053 2408 3069 ³
2446 3082 2589 3139 Pelli
2652 3092 2820 3141 mem,
2894 3067 3266 3141 consumptis
3317 3062 3626 3129 carnibus,
3666 3053 3952 3141 adhmsitos

2377 3187 2599 3235 meum,
2632 3171 2653 3192 ⁶
2680 3169 2737 3223 et
2764 3159 3045 3220 derelicta
3071 3140 3211 3213 sunt
3238 3148 3662 3211 tantummodo
3686 3143 3828 3201 labia
3846 3140 3955 3195 circa

2378 3261 2586 3317 dentes
2632 3268 2819 3312 meos.

2454 3346 2596 3415 Quis
2621 3342 2767 3401 mihi
2797 3337 3013 3396 tribuat
3046 3339 3109 3391 ut
3153 3331 3500 3389 scribantur
3528 3335 3815 3383 sermones
3838 3308 3958 3371 mei?

2383 3402 2687 3512 quisfmihi
2716 3432 2815 3487 det
2844 3432 2908 3483 ut
2933 3426 3249 3482 exarentur
3277 3420 3339 3475 in
3374 3417 3533 3474 libro
3565 3412 3712 3485 stylo
3744 3402 3965 3467 ferreo,'et

2386 3493 2617 3599 plumbi
2641 3520 2887 3583 lamina,
2916 3514 3008 3571 vel
3037 3512 3182 3570 cette
3210 3508 3568 3580 sculpantur
3597 3503 3657 3558 in
3686 3497 3831 3554 silice
3848 3493 3875 3591 .‘I

2460 3612 2590 3669 Scio
2617 3610 2777 3667 enim
2803 3604 2967 3679 quod
2981 3601 3341 3671 Redemptor
3370 3589 3720 3653 meusvivit,
3741 3588 3756 3603 '
3776 3588 3825 3640 et
3846 3582 3965 3637 inuo-

2387 3702 2633 3760 vissimo
2654 3697 2749 3754 die
2774 3696 2847 3751 de
2878 3698 3033 3750 terra
3058 3691 3439 3746 surrecturus
3473 3697 3611 3738 sum
3654 3696 3665 3734 :

2460 3794 2527 3848 Et
2549 3803 2754 3846 rursus
2774 3778 3189 3840 circumdabor
3202 3774 3355 3849 pelle
3380 3773 3607 3837 mea,et
3629 3768 3690 3823 in
3703 3776 3856 3822 carne
3879 3766 3968 3813 mea

2388 3880 2608 3939 videbo
2638 3874 2981 3932 Dominum.
3011 3846 3477 3935 Quem'visurus
3510 3874 3646 3916 sum
3672 3869 3772 3925 ege
3796 3846 3968 3939 ipsaet

2391 3970 2546 4029 oculi
2579 3966 2695 4024 mei
2724 3956 3096 4034 conspecturi
3127 3956 3493 4018 sunt,etnon
3521 3948 3674 4006 alius
3700 3964 3713 4003 :
3744 3944 3762 3963 '
3781 3930 3969 4027 rePOSila

2392 4065 2481 4119 est
2503 4060 2633 4115 hmc
2666 4069 2801 4127 spes
2828 4066 2963 4108 mea
2984 4048 3045 4105 in
3072 4045 3209 4101 sinu
3234 4057 3394 4107 meo,
3429 4042 3489 4096 et
3517 4033 3803 4095 hereditas
3822 4038 3921 4082 mea
3934 4019 3968 4073 in

2392 4152 2514 4206 Deo
2544 4161 2699 4203 meo.

2468 4235 2691 4295 Oratio.
2722 4228 3032 4287 Credimus
3067 4222 3330 4292 Domine,
3362 4220 3429 4276 in
3451 4196 3974 4292 carneista,quateg_i-

2399 4343 2553 4395 mur,
2584 4320 2887 4383 tevidere;
2926 4320 2983 4372 et
3015 4312 3200 4371 oculis
3261 4308 3495 4367 nostris
3523 4310 3580 4362 te
3621 4296 3918 4371 conspicere
3940 4286 3975 4338 in

2322 4406 2367 4463 Ι)
2398 4414 2605 4489 gloria,
2638 4426 2760 4485 qua
2784 4406 3162 4481 judicaturus
3189 4416 3252 4457 es
3284 4394 3615 4455 smculum:
3643 4394 3751 4448 Fac
3778 4398 3891 4453 ergo
3910 4388 3976 4431 005

2398 4503 2604 4564 oculos
2624 4497 2929 4555 interiores
2952 4492 3175 4550 habere
3204 4494 3449 4561 apertos
3488 4500 3500 4541 :
3536 4488 3604 4540 ut
3630 4476 3975 4550 cognoscamus

2404 4597 2456 4653 te
2487 4594 2547 4649 in
2573 4588 2762 4664 gloria
2784 4583 3165 4656 sempiterna.
3200 4578 3522 4664 BahArnen.

2472 4641 2953 4739 Matutiiiariuni.
2978 4670 3069 4727 Ad
3101 4675 3152 4725 te
3169 4641 3244 4724 de
3271 4661 3410 4722 luce
3436 4660 3649 4735 vigilo,
3684 4641 3976 4739 Deuszsitinl

2402 4774 2464 4830 in
2490 4777 2545 4827 te
2574 4768 2780 4828 anima
2801 4778 2956 4820 mea.
2986 4759 3046 4821 tr.
3082 4754 3178 4813 Sic
3207 4756 3269 4812 in
3290 4732 3814 4823 sanctovapparuit
3834 4735 3923 4802 tibi,
3949 4732 3979 4779 ul

2402 4860 2666 4918 viderem
2690 4855 2964 4912 virtutem
2992 4853 3179 4915 tuam,
3204 4848 3261 4902 et
3288 4838 3555 4915 gloriam
3587 4843 3760 4895 tuam.

2473 4946 2698 5006 Lauda.
2734 4940 2993 5000 Laudate
3022 4950 3244 4995 nomen
3258 4928 3765 4995 Domini,montes
3782 4918 3979 4975 etomn?5

2405 5038 2583 5097 colles
2616 5054 2627 5093 :
2656 5036 2819 5106 ligna
2845 5027 3144 5086 fructifera
3159 5027 3215 5082 et
3243 5036 3463 5081 omnes
3498 5014 3683 5075 cedri.

2547 5100 2739 5183 Lectio
2770 5120 2909 5179 libri
2932 5110 3225 5175 Samuelis
3271 5110 3361 5183 (II
3388 5110 3625 5180 Regum
3652 5116 3781 5172 cap.
3807 5100 3890 5156 x1)-

2478 5229 2539 5287 ἢ.
2568 5216 2687 5272 Deo
2719 5210 2959 5284 gratias.

2571 5264 3003 5376 Ie'mﬁéééﬁuo
3036 5291 3229 5352 solent
3256 5304 3435 5361 reges
3452 5286 3536 5345 ad
3552 5274 3709 5343 bella
3720 5264 3980 5376 ρΐοοεᾷθξξν

2406 5394 2564 5450 misit
2603 5391 2788 5449 David
2811 5387 2983 5458 Joab,
3012 5392 3066 5442 et
3095 5398 3297 5439 servos
3311 5395 3456 5436 suos
3482 5391 3626 5433 cum
3652 5386 3719 5427 eo
3756 5357 3980 5458 etuniver:

2406 5499 2541 5541 sum
2581 5481 2778 5549 Israel,
2833 5440 3219 5537 vastaverunt
3260 5470 3438 5542 31],
3505 5464 3663 5523 ﬁlios
3689 5460 3917 5516 Ammon.
3947 5440 3980 5492 εί

3626 1906 3641 1922 ’
3686 1906 3736 1958 et
3760 1902 3843 1976 qui
3865 1917 3934 1958 me
