4094 6164
174 281 257 335 529
1295 280 1647 336 DOMINICA
1688 280 1732 336 V
1779 280 2396 348 QUADRAGESIM/E.

3436 287 3542 340 530

173 403 717 460 obsederuntﬂabba
739 421 748 456 :
767 403 953 460 David
967 409 1168 460 autem
1190 404 1474 459 remansit
1503 405 1563 459 in
1583 405 1778 460 Hieru-
1807 406 1854 458 Α
1897 406 2065 477 quuti
2082 422 2183 461 eos
2199 422 2407 462 sumus
2423 420 2610 476 usque
2625 404 2702 460 ad
2715 410 2951 476 portam
2964 406 3540 465 civitatis.Etdirexe-

170 493 343 549 salem.
364 495 510 548 Dum
538 493 665 548 haec
689 496 1024 562 agerentur,
1046 493 1258 548 accidit
1281 493 1548 564 quadam
1570 493 1684 558 die,
1720 497 1783 550 ut

168 585 393 651 surgeret
410 580 595 636 David
613 580 681 635 de
702 584 883 636 strato
902 597 1010 637 suo
1023 585 1153 652 post
1172 581 1564 648 meridiem,et
1579 581 1783 636 ambu-

163 668 286 725 laret
301 670 354 724 in
383 667 599 724 solario
617 667 836 724 domus
859 669 1035 740 regiae
1061 687 1073 724 :
1098 668 1364 740 viditque
1387 668 1694 725 mulierem
1719 685 1783 724 se

163 757 444 823 lavantem,
478 772 551 812 ex
575 756 828 813 adverso
861 772 1043 829 super
1074 757 1359 813 solarium
1399 774 1576 812 suum
1614 774 1623 813 :
1660 761 1784 814 erat

160 849 337 900 autem
363 844 566 900 mulier
607 845 858 917 pulchra
881 844 1076 900 valde.
1104 845 1255 901 Misit
1288 859 1426 912 ergo
1457 861 1581 914 rex,
1614 851 1671 901 et
1697 861 1782 900 re.

155 933 368 1006 quisivit
390 950 520 1006 quae
545 939 700 990 esset
731 934 961 990 mulier.
997 935 1353 990 Nunciatum
1387 939 1477 990 est
1505 936 1577 1001 ei,
1614 935 1778 1006 quod

153 1026 271 1093 Ipsa
299 1027 446 1078 esset
476 1022 803 1079 Bethsabee
850 1023 974 1078 ﬁlia
1004 1023 1252 1088 Heliam,
1306 1038 1456 1078 uxor
1489 1023 1635 1078 Urite
1672 1025 1780 1077 He-

150 1108 290 1165 thaai.
319 1109 456 1165 Misit
483 1109 686 1182 itaque
711 1109 897 1166 David
916 1109 1190 1175 nuncios,
1223 1109 1421 1165 ettulit
1442 1125 1577 1165 eam
1609 1125 1618 1163 :
1645 1125 1781 1181 quae

147 1213 266 1254 cum
295 1197 556 1268 ingressa
573 1203 731 1254 esset
748 1198 825 1254 ad
849 1198 1038 1263 illum,
1066 1198 1350 1254 dormivit
1376 1213 1513 1252 cum
1537 1214 1640 1254 ea:
1667 1201 1782 1253 sta-

146 1286 344 1357 timque
359 1286 733 1343 sanctiﬁcata
751 1290 838 1341 est
858 1286 936 1342 ab
959 1285 1341 1341 immunditia
1362 1302 1498 1341 sua:
1519 1290 1574 1341 et
1590 1300 1782 1341 rever-

142 1375 548 1430 saestdomum
575 1390 751 1430 suam
769 1379 1058 1447 concepto
1084 1374 1609 1446 foetu.Mittensque
1631 1377 1782 1428 nun'

140 1465 297 1519 ciavit
321 1464 527 1530 David,
554 1468 610 1520 et
636 1465 716 1520 ait
749 1464 1056 1535 :Concepi.
1089 1463 1239 1519 Misit
1264 1467 1464 1519 autem
1489 1463 1672 1519 David
1699 1461 1777 1518 ad

135 1551 290 1615 Joab,
320 1552 516 1607 dicens
554 1571 566 1603 :
597 1553 750 1608 Mitte
787 1552 866 1608 ad
893 1568 988 1608 me
1019 1552 1219 1608 Uriam
1244 1551 1572 1607 Hethaeum.
1607 1551 1776 1605 Misit“

136 1655 244 1712 que
258 1640 397 1695 Joab
427 1641 631 1695 Uriam
659 1641 735 1696 ad
759 1640 970 1696 David.
992 1642 1058 1695 Et
1081 1639 1240 1696 venit
1264 1639 1429 1696 Urias
1455 1640 1530 1695 ad
1565 1638 1767 1694 David.

133 1727 516 1798 Quiesivitque
535 1727 720 1782 David
735 1743 917 1798 quam
938 1730 1092 1782 recte
1111 1729 1308 1796 ageret
1322 1725 1491 1797 Joab,
1507 1730 1565 1781 et
1585 1741 1772 1798 popu-

129 1815 242 1881 lus,
271 1824 322 1870 et
349 1815 659 1887 quomodo
688 1815 1207 1871 administraretur
1231 1814 1456 1871 bellum
1484 1834 1500 1868 :
1534 1819 1589 1870 et
1625 1815 1772 1870 dixit

127 1902 312 1959 David
329 1901 401 1958 ad
422 1902 622 1959 Uriam
649 1920 662 1956 :
684 1902 838 1959 Vade
869 1903 928 1958 in
942 1903 1194 1958 domum
1221 1907 1408 1972 tuam,
1432 1906 1487 1958 et
1510 1902 1648 1958 lava
1677 1916 1773 1972 pe-

122 1989 225 2046 des
255 1994 398 2046 tuos.
431 1993 494 2047 Et
532 2006 806 2060 egressus
836 1995 926 2047 est
956 1991 1121 2047 Urias
1147 1991 1221 2046 de
1253 1991 1435 2047 domo
1471 1990 1650 2060 regis,
1688 2002 1775 2044 se'

120 2079 404 2151 cujusque
429 2083 519 2136 est
538 2096 676 2135 eum
695 2079 862 2136 cibus
879 2080 1052 2149 regis.
1075 2079 1362 2135 Dormivit
1387 2083 1588 2135 autem
1607 2078 1775 2134 Urias

118 2174 247 2224 ante
275 2172 512 2239 portam
543 2168 762 2224 domus
792 2168 970 2240 regias
1002 2184 1138 2223 cum
1165 2167 1293 2223 aliis
1321 2168 1506 2223 servis
1535 2165 1772 2223 domini

118 2256 283 2326 sui,et
309 2271 434 2311 non
465 2256 777 2312 descendit
799 2256 878 2312 ad
904 2256 1150 2312 domum
1175 2272 1368 2312 suam.
1388 2255 1774 2311 Nunciatum'

113 2360 224 2417 que
262 2350 350 2400 est
394 2345 581 2401 David
612 2361 648 2400 a
673 2344 1007 2400 dicentibus
1038 2363 1050 2399 :
1083 2349 1209 2401 Non
1235 2345 1336 2401 ivit
1367 2345 1531 2400 Urias
1565 2345 1626 2399 in
1662 2344 1770 2400 do-

118 2449 284 2490 mum
303 2449 502 2489 suam.
515 2432 578 2490 Et
594 2433 675 2489 ait
692 2433 878 2490 David
896 2433 974 2489 ad
988 2434 1185 2489 Uriam
1208 2454 1218 2491 :
1243 2431 1547 2504 Numquid
1563 2446 1684 2487 non
1698 2431 1774 2490 de

111 2523 202 2578 via
220 2523 434 2578 venisti
458 2522 486 2577 ἱ)
499 2537 685 2594 quare
699 2537 820 2578 non
833 2521 1191 2578 descendisti
1208 2521 1286 2577 ad
1299 2521 1549 2576 domum
1564 2524 1729 2575 tuam
1745 2521 1773 2575 ?

113 2613 174 2666 Et
201 2611 282 2667 ait
317 2611 488 2667 Urias
523 2611 600 2666 ad
629 2610 817 2666 David
847 2626 858 2664 :
919 2615 1068 2666 Area
1098 2610 1201 2666 Dei
1240 2615 1295 2665 et
1325 2610 1503 2664 Israel
1534 2613 1589 2663 et
1624 2607 1776 2663 Juda

109 2700 389 2756 habitant
418 2699 480 2754 in
504 2698 931 2772 papilionibus,
953 2702 1008 2754 et
1028 2698 1310 2754 dominus
1331 2712 1502 2752 meus
1524 2695 1696 2760 Joab,
1720 2701 1776 2751 et

106 2789 260 2845 servi
277 2788 513 2844 domini
532 2787 649 2843 mei
666 2804 845 2859 super
869 2787 1082 2843 faciem
1106 2790 1274 2843 terras
1294 2788 1557 2841 manent:
1578 2788 1632 2839 et
1661 2799 1773 2854 ego

101 2878 413 2949 ingrediar
437 2877 690 2933 domum
715 2893 936 2944 meam,
959 2881 1024 2933 ut
1046 2876 1362 2933 comedam
1385 2880 1441 2930 et
1462 2873 1690 2938 bibam,
1717 2859 1774 2929 et

99 2966 408 3023 dormiam
423 2982 562 3021 cum
585 2982 769 3021 uxore
793 2983 925 3023 mea
944 2968 971 3023 ‘I
988 2981 1092 3037 per
1119 2965 1371 3021 salutem
1391 2967 1641 3028 tuam,et
1666 2977 1775 3037 per

97 3057 362 3112 salutem
386 3055 604 3110 animae
628 3060 764 3124 ture,
788 3055 945 3126 quod
967 3035 1087 3110 non
1109 3054 1327 3110 faciam
1347 3068 1472 3108 rem
1492 3035 1775 3107 hanc.Ait

97 3161 248 3214 ergo
281 3142 469 3199 David
487 3143 566 3199 ad
590 3143 784 3199 Uriam
812 3160 823 3197 :
849 3146 1013 3199 Mane
1029 3143 1210 3198 etiam
1233 3141 1329 3196 hic
1342 3140 1540 3204 hodie,
1563 3143 1616 3193 et
1638 3151 1770 3193 cras

92 3233 410 3289 dimittam
444 3236 517 3287 te.
550 3231 762 3288 Mansit
789 3238 990 3288 autem
1020 3230 1264 3287 Uriasin
1290 3227 1654 3284 Hierusalem
1671 3225 1768 3281 die

89 3321 199 3377 illa
235 3326 290 3376 et
315 3319 506 3376 altera
533 3341 546 3375 :
566 3325 621 3376 et
636 3321 864 3376 vocavit
882 3335 1020 3375 eum
1039 3318 1222 3375 David
1243 3322 1305 3374 ut
1322 3315 1658 3372 comederet
1675 3329 1768 3369 co-

91 3425 234 3466 ram
268 3424 334 3464 se
361 3415 418 3464 et
443 3408 688 3474 biberet,
726 3414 780 3464 et
811 3407 1125 3463 inebriavit
1154 3422 1290 3462 eum
1329 3423 1340 3460 :
1372 3404 1468 3476 qui
1493 3417 1767 3472 egressus

94 3512 359 3570 vespere
390 3497 675 3552 dormivit
705 3497 764 3552 in
798 3500 980 3552 strato
1012 3511 1120 3550 suo
1159 3511 1296 3549 cum
1328 3492 1509 3548 servis
1539 3489 1767 3546 domini

85 3587 213 3656 sui,
247 3592 305 3642 et
333 3586 396 3640 in
419 3586 669 3640 domum
700 3601 876 3640 suam
907 3600 1029 3639 non
1056 3582 1382 3639 descendit.
1409 3584 1654 3636 Factum
1682 3581 1768 3632 est

81 3692 238 3746 ergo
264 3689 473 3741 mane,
499 3679 554 3730 et
574 3674 812 3746 scripsit
833 3673 1017 3728 David
1030 3671 1343 3744 epistolam
1362 3669 1437 3724 ad
1454 3670 1632 3724 Joab:
1658 3665 1768 3721 mi'

77 3767 291 3837 sitque
313 3781 422 3836 per
441 3779 690 3820 manum
714 3762 1153 3828 Urise,scribens
1168 3761 1226 3815 in
1245 3757 1500 3831 epistola
1526 3778 1538 3812 :
1559 3755 1764 3811 Ponite

81 3855 302 3910 L’riam
345 3869 418 3908 ex
442 3853 692 3908 adverso
714 3851 874 3917 belli,
912 3851 1015 3906 ubi
1042 3849 1439 3906 fortissimum
1489 3844 1763 3917 prmlium

73 3949 176 4000 est
205 3963 216 4000 :
256 3947 318 3997 et
339 3940 737 4012 derelinquite
765 3956 922 4004 eum,
944 3943 1006 3994 ut
1026 3953 1348 4010 percussus
1370 3935 1633 3989 intereat.
1655 3932 1762 4000 Igi-

69 4039 186 4089 tur
200 4048 349 4087 cum
367 4031 514 4086 Joab
535 4029 835 4086 obsideret
857 4028 1086 4097 urbem,
1103 4026 1306 4098 posuit
1327 4023 1525 4079 L'riam
1547 4021 1608 4075 in
1630 4020 1760 4076 loco

67 4123 147 4176 in
165 4136 302 4191 quo
327 4119 546 4176 sciebat
568 4119 725 4174 viros
743 4133 871 4173 esse
896 4112 1629 4183 fortissimos.Egressique
1651 4108 1759 4164 viri

66 4211 164 4264 de
203 4207 467 4272 civitate,
489 4205 1127 4264 bellabantadversum
1149 4202 1319 4267 Joab,
1346 4206 1402 4256 et
1419 4198 1759 4255 ceciderunt

60 4300 151 4354 de
191 4296 436 4369 populo
465 4312 772 4353 servorum
808 4293 1016 4356 David,
1045 4299 1100 4348 et
1145 4295 1416 4348 mortuus
1466 4292 1550 4343 est
1579 4285 1758 4341 etiam

63 4387 256 4444 Urias
293 4387 594 4442 Hethaeus.
613 4383 971 4454 Misititaque
992 4381 1163 4448 Joab,
1179 4384 1235 4436 et
1258 4372 1759 4434 nunciavitDavid

1892 494 2130 563 runtjac
2141 493 2236 548 ula
2248 493 2528 565 sagittarii
2544 492 2616 548 ad
2632 509 2835 548 servos
2849 497 2980 548 tuos
2996 509 3064 548 ex
3085 511 3246 550 muro
3261 497 3532 568 desuper:

1893 583 2216 652 mortuique
2236 582 2452 637 suntde
2469 581 2651 636 servis
2665 581 2985 652 regis,quin
2998 582 3165 637 etiam
3180 598 3383 639 servus
3400 591 3537 640 tuus

1894 670 2061 725 Ucias
2087 671 2356 725 Hethaaus
2387 675 2656 725 mortuus
2674 675 2779 725 est.
2807 672 2870 724 Et
2899 669 3046 724 dixit
3075 669 3261 724 David
3284 672 3359 726 ad
3386 687 3537 726 nun-

1893 758 2050 812 cium
2067 775 2077 811 :
2097 761 2226 813 Haec
2239 758 2401 813 dices
2416 758 2561 814 Joab
2588 777 2600 813 :
2619 761 2742 814 Non
2762 763 2814 812 te
2827 757 3062 827 frangat
3078 757 3290 812 istares
3313 761 3537 815 :varius

1892 850 1979 901 est
2013 846 2171 900 enim
2195 851 2440 901 eventus
2475 847 2695 917 praelii;
2738 850 2792 900 et
2823 861 2981 900 nunc
3007 845 3188 907 hunc,
3215 848 3271 900 et
3296 861 3454 900 nunc
3476 846 3538 900 il-

1889 933 2378 1006 lumﬁconsumpsit
2395 933 2628 1004 gladius
2649 952 2658 989 :
2682 934 2949 990 contorta
2966 933 3276 988 bellatores
3297 937 3428 988 tuos
3444 935 3539 990 ad-

1890 1037 2098 1077 versus
2121 1023 2348 1087 urbem,
2371 1026 2433 1077 ut
2449 1023 2718 1078 destruas
2739 1038 2891 1087 eam,
2909 1027 2963 1076 et
2980 1021 3288 1077 exhortare
3301 1023 3539 1077 eos.Au-

1890 1110 2031 1165 divit
2063 1114 2261 1165 autem
2289 1126 2438 1165 uxor
2480 1110 2649 1179 Urina,
2688 1109 2850 1180 quod
2879 1113 3148 1164 mortuus
3178 1113 3332 1163 esset
3372 1109 3536 1164 Urias

1891 1197 1978 1252 vir
2001 1214 2166 1262 suus,
2184 1202 2239 1253 et
2255 1197 2482 1269 planxit
2498 1200 2979 1253 eum.’l‘ransacto
2997 1197 3174 1269 igitur
3187 1196 3536 1260 luctu,misit

1891 1285 2095 1349 David,
2125 1288 2180 1340 et
2207 1285 2530 1340 introduxit
2552 1299 2683 1339 eam
2711 1285 2770 1338 in
2802 1284 3073 1349 domum,
3112 1287 3167 1338 et
3188 1283 3342 1337 facta
3364 1286 3451 1337 est
3482 1283 3533 1338 ei

1887 1372 2393 1444 uxorpeperitque
2418 1372 2467 1426 ei
2490 1370 2678 1425 tilium
2706 1371 2798 1440 :',et
2814 1370 3378 1441 displicuitverbum
3397 1369 3532 1433 hoc,

1886 1459 2050 1531 quod
2081 1459 2297 1514 fecerat
2323 1458 2503 1514 David
2533 1473 2735 1512 coram
2760 1456 3035 1512 Domino.
3065 1467 3127 1522 R'.
3157 1459 3362 1510 Amen.

1955 1547 2251 1617 Hymnus.
2287 1547 2483 1602 Noctis
2513 1551 2757 1616 tempus.
2786 1547 2897 1615 fol.
2930 1549 3054 1600 257.

1956 1636 2186 1692 Oratio.
2228 1636 2498 1703 Domine,
2528 1635 2632 1705 qui
2655 1633 2796 1689 olim
2829 1635 2889 1688 in
2920 1647 3167 1704 corpore
3193 1636 3395 1686 nostro
3411 1632 3533 1702 pati

1881 1723 2160 1793 dignatus
2173 1739 2236 1778 es
2263 1741 2275 1788 ;
2296 1722 2540 1795 quando
2554 1722 2633 1778 ad
2645 1737 2755 1778 nos
2768 1719 3092 1792 respicies}?
3105 1723 3158 1776 et
3172 1719 3248 1775 ad
3271 1718 3536 1774 solitudi-

1883 1827 2021 1866 nem
2036 1816 2215 1883 atque
2227 1810 2700 1880 implorationem
2719 1814 2982 1864 nostram
2997 1806 3238 1878 quando
3251 1804 3532 1877 propitius

1884 1903 2192 1955 convertes
2218 1899 2491 1954 obtutum
2508 1899 2535 1952 ‘I
2560 1913 2682 1953 non
2708 1896 2979 1962 moreris,
3015 1910 3123 1950 nec
3145 1894 3374 1960 tardes;
3403 1892 3532 1962 jam

1883 1987 2156 2055 intende;
2177 1988 2305 2057 jam
2346 1989 2725 2052 convertere;
2755 1985 2880 2055 jam
2907 1983 3133 2055 respice
3171 1999 3182 2036 :
3226 1986 3309 2050 ut,
3343 1979 3532 2035 oratio

1884 2077 2262 2146 nos'tra,‘quae
2279 2089 2437 2130 nunc
2456 2075 2516 2129 in
2539 2073 2736 2128 sinum
2755 2077 3022 2128 nostrum
3042 2086 3151 2142 pro
3170 2071 3530 2124 secretorum

1885 2179 2130 2218 suorum
2146 2161 2591 2234 compunctioue
2607 2159 2991 2226 convertitur;
3009 2163 3144 2213 ante
3159 2159 3531 2226 conspectum

1882 2255 2053 2308 tuum
2092 2255 2346 2323 purgato
2378 2249 2570 2306 cordis
2604 2249 2695 2304 sui
2725 2247 2950 2318 gemitu
2977 2246 3287 2316 dirigatur.

1955 2341 2122 2395 Pater
2151 2344 2372 2394 noster.

1953 2429 2332 2485 Lauda.Vide
2344 2427 2742 2483 humilitatem
2767 2427 3049 2491 meam,et
3068 2420 3528 2493 eripe,Domine.

1881 2517 1945 2576 ἲν.
1969 2516 2178 2572 Judica
2204 2533 2448 2572 causam
2476 2515 2692 2570 animae
2719 2527 2888 2576 meas,
2916 2518 2973 2567 et
2991 2511 3214 2566 redime
3237 2525 3332 2564 me
3359 2529 3371 2564 :
3394 2524 3529 2580 pro-

1882 2609 2012 2676 pter
2041 2604 2346 2675 eloquium
2376 2609 2545 2659 tuum
2573 2601 2810 2656 viviﬁca
2841 2615 2954 2654 me.

1956 2693 2178 2749 Oratio.
2189 2691 2325 2745 Vide
2339 2689 2729 2746 humilitatem
2743 2692 3030 2749 nostram,
3053 2685 3300 2740 Domine
3319 2701 3332 2748 ;
3350 2687 3404 2738 et
3421 2685 3529 2739 eri-

1883 2796 1957 2854 pe
1987 2797 2097 2836 nos
2126 2797 2138 2834 :
2175 2785 2224 2834 te
2250 2779 2411 2833 enim
2433 2776 2804 2848 respiciente,
2838 2774 2944 2829 etsi
2964 2772 3298 2842 dejicimur,
3335 2771 3530 2826 suble-

1883 2884 2094 2924 vamur
2126 2885 2138 2923 :
2172 2883 2291 2940 quo
2338 2868 2726 2932 sustentante,
2771 2877 2846 2917 ne
2894 2875 3264 2921 corruamus,
3311 2857 3527 2928 excipi-

1882 2973 2042 3014 mur.
2076 2969 2139 3027 av.
2175 2959 2380 3011 Amen.

2407 3043 2457 3114 3
2473 3045 2515 3112 1
2531 3043 2580 3112 2
2605 3040 2697 3096 Ad
2733 3039 3012 3095 Tertiam.

2151 3132 2552 3189 Ecclesiastici
2588 3128 2916 3186 Salomonis
2947 3127 3120 3197 (Cap.
3163 3126 3247 3193 v).

1950 3235 2013 3293 Βτ.
2044 3225 2161 3279 Deo
2187 3223 2426 3291 gratias.

1949 3311 2072 3381 Fili,
2099 3327 2220 3367 non
2243 3309 2512 3382 sequaris
2535 3303 3077 3377 concupiscentiam
3100 3299 3299 3356 cordis
3330 3315 3347 3352 :
3371 3304 3424 3352 et
3451 3313 3526 3353 ne

1878 3399 2094 3456 dixeris
2119 3419 2130 3455 :
2158 3397 2471 3465 Quomodo
2488 3393 2698 3466 potui?
2715 3395 2816 3448 aut
2831 3391 2964 3463 quis
2987 3404 3080 3443 me
3104 3386 3376 3457 subjiciet
3391 3400 3525 3456 pro-

1876 3493 2006 3560 pter
2022 3488 2176 3543 facta
2199 3502 2332 3542 mea
2347 3487 2374 3538 ‘t
2406 3487 2560 3538 Deus
2575 3481 2732 3536 enim
2748 3478 3061 3534 vindicans
3081 3473 3427 3529 vindicabit.
3445 3474 3524 3527 Ne

1876 3578 2096 3634 dixeris
2125 3575 2422 3639 :Peccavi,
2448 3577 2502 3628 et
2530 3571 2674 3644 quid
2697 3568 2908 3624 accidit
2925 3566 3066 3621 mihi
3086 3568 3243 3620 triste
3260 3564 3287 3618 ‘?
3303 3562 3524 3616 Altissi-

1877 3683 2011 3721 mus
2032 3665 2191 3720 enim
2213 3668 2300 3718 est
2317 3662 2551 3734 patiens
2564 3657 2845 3714 redditor.
2870 3656 2950 3710 De
2969 3652 3296 3725 propiciato
3313 3665 3522 3722 pecca-

1873 3759 1932 3811 to
1958 3753 2080 3809 noli
2109 3767 2234 3808 esse
2258 3751 2383 3806 sine
2402 3752 2582 3812 metu,
2616 3760 2812 3817 neque
2827 3742 3074 3813 abjicias
3105 3744 3404 3812 peccatum
3428 3755 3522 3792 su-

1872 3858 1978 3915 per
2006 3845 2340 3915 peccatum.
2361 3841 2425 3894 Et
2441 3853 2514 3892 ne
2536 3836 2702 3892 dicas
2731 3851 2742 3890 :
2765 3830 3158 3888 Misericordia
3179 3828 3278 3883 Dei
3297 3843 3519 3898 magna

1871 3935 1977 3995 est,
2011 3927 2400 3986 multitudinis
2429 3928 2807 3998 peccatorum
2854 3933 3126 3975 meorum
3175 3915 3510 3972 miseretur.

1870 4017 2263 4076 Misericordia
2287 4016 2445 4071 enim
2464 4014 2623 4070 etira
2650 4011 2726 4067 ab
2744 4010 2842 4066 illo
2864 4008 2980 4064 cito
3002 4006 3433 4078 proximaut,'et
3458 4003 3517 4057 in

1869 4111 2208 4179 peccatores
2226 4102 2464 4175 respicit
2489 4101 2576 4157 ira
2607 4099 2781 4155 illius.
2809 4101 2934 4153 Non
2954 4094 3149 4150 tardes
3163 4092 3423 4148 converti
3441 4089 3517 4147 ad

1869 4195 2208 4259 Dominum,
2225 4198 2366 4247 etne
2379 4189 2624 4246 differas
2643 4188 2716 4242 de
2737 4187 2831 4241 die
2847 4185 2907 4239 in
2926 4184 3085 4239 diem
3109 4200 3122 4237 :
3149 4180 3342 4236 subito
3357 4180 3516 4234 enim

1869 4283 2061 4338 veniet
2080 4282 2168 4337 ira
2197 4280 2369 4346 illius,
2394 4279 2523 4334 etin
2543 4281 2809 4347 tempore
2826 4271 3098 4328 vindictae
3121 4269 3418 4340 disperdet
3442 4272 3510 4322 te.

1866 4371 1994 4428 Noli
2020 4370 2232 4426 anxius
2257 4384 2384 4424 esse
2415 4367 2473 4421 in
2494 4365 2710 4421 divitiis
2731 4361 2972 4433 injustis
3003 4380 3014 4417 :
3039 4357 3184 4414 nihil
3205 4356 3366 4413 enim
3383 4372 3516 4427 pro-

55 4477 301 4534 omnia
342 4475 533 4531 verba
555 4473 742 4547 praelii
770 4490 784 4526 :
822 4447 1223 4544 praecepitque
1243 4467 1486 4533 nuncio,
1510 4465 1716 4520 dicens
1741 4479 1753 4518 :
1788 4458 1834 4514 D
1868 4461 2083 4517 derunt
2107 4458 2212 4514 tibi
2241 4458 2301 4512 in
2328 4456 2422 4512 die
2449 4451 2827 4510 obductionis
2845 4454 2902 4505 et
2921 4447 3215 4504 vindictas.
3237 4448 3364 4543 rion
3381 4459 3516 4541 ven-

55 4569 227 4623 Cum
270 4563 676 4636 compleveris
704 4563 1013 4617 universos
1039 4573 1344 4614 sermones
1375 4554 1518 4612 belli
1558 4552 1635 4608 ad
1663 4567 1756 4607 re-

55 4672 239 4725 gem,
279 4656 335 4711 si
366 4669 510 4710 eum
529 4651 747 4708 videris
768 4649 1087 4719 indignari,
1107 4651 1162 4704 et
1180 4645 1422 4702 dixerit:
1450 4645 1640 4708 Quare
1663 4656 1758 4696 ac-

53 4745 348 4801 cessistis
373 4743 455 4799 ad
485 4756 747 4810 murum,
770 4744 834 4794 ut
855 4734 1318 4810 praeliaremini?
1339 4748 1417 4788 an
1441 4729 1758 4801 ignoraba-

51 4834 130 4890 tis
148 4834 338 4906 quod
363 4830 563 4888 multa
574 4829 832 4900 desuper
843 4842 918 4882 ex
931 4841 1102 4881 muro
1121 4824 1234 4881 tela
1250 4821 1596 4878 mittantur?
1617 4817 1758 4884 Quis

44 4905 382 4995 percussit
405 4918 754 4976 Abimelech
765 4915 954 4971 ﬁlium
972 4911 1250 4970 Jeroboal
1274 4912 1301 4966 ‘I
1324 4924 1524 4966 nonne
1542 4905 1757 4995 mulier

41 4980 227 5070 misit
243 5027 448 5084 super
461 5024 600 5064 eum
613 5010 885 5077 fragmen
913 5003 1088 5060 molte
1110 5002 1184 5058 de
1202 5003 1457 5068 muro,et
1470 4980 1761 5052 interfecit

39 5119 200 5159 eum
225 5103 297 5157 in
319 5082 562 5157 'i‘hebes
577 5099 603 5153 ἱ)
620 5110 806 5168 quare
822 5095 992 5166 juxta
1015 5107 1256 5147 murum
1275 5085 1607 5145 accessistis
1625 5084 1654 5138 εἴ
1674 5082 1760 5138 di-

35 5209 141 5247 ces
183 5210 196 5247 :
243 5192 461 5246 Etiam
495 5202 700 5241 servus
737 5189 874 5240 tuus
920 5182 1086 5239 Urias
1130 5179 1402 5235 Hethaeus
1451 5173 1756 5230 occubuit.

32 5283 214 5336 Abiit
254 5294 420 5348 ergo
449 5275 728 5339 nuncius,
761 5277 816 5328 et
843 5272 1024 5336 venit,
1050 5274 1106 5325 et
1134 5262 1600 5324 narravitDavid
1625 5277 1757 5318 om-

32 5373 142 5426 nia
183 5386 353 5442 quae
378 5361 991 5439 praeceperateiJoab.
1023 5355 1520 5414 Etdixitnuncius
1549 5351 1620 5408 ad
1644 5353 1755 5442 Da:

32 5458 136 5513 vid
194 5438 236 5512 ε-
263 5438 745 5529 ριδεὲναιυειωηῐ
779 5449 1096 5505 adversum
1127 5461 1236 5516 nos
1264 5442 1395 5511 viri,
1441 5445 1498 5498 et
1535 5438 1756 5513 egressi

32 5553 192 5603 sunt
224 5547 324 5602 ad
363 5560 479 5600 nos
499 5542 558 5597 in
579 5555 726 5610 agro
757 5560 768 5595 :
795 5554 904 5595 uos
932 5541 1131 5596 autem
1149 5534 1752 5608 factoimpetuperse-

1867 4550 1994 4606 tiles
2025 4553 2078 4604 te
2105 4548 2164 4603 in
2196 4560 2439 4603 omnem
2458 4546 2725 4607 ventum,
2750 4543 2806 4595 et
2830 4553 2950 4593 non
2968 4552 3070 4592 eas
3088 4533 3252 4591 omni
3275 4533 3373 4588 via
3397 4549 3408 4586 :
3431 4532 3512 4585 sic

1868 4638 2025 4694 enim
2040 4640 2309 4708 peccator
2321 4632 2599 4705 probatur
2611 4627 2825 4700 duplici
2838 4626 3065 4695 lingua.
3082 4623 3214 4678 Esto
3228 4622 3435 4676 ﬁrmus
3450 4617 3510 4670 in

1866 4727 1965 4784 via
1995 4727 2114 4791 Dei,
2150 4728 2204 4781 et
2234 4724 2294 4779 in
2312 4723 2552 4778 veritate
2575 4733 2788 4773 sensus
2815 4714 2898 4770 tui
2927 4718 2983 4769 et
3008 4710 3269 4772 scientia,
3295 4711 3349 4761 et
3373 4721 3509 4776 pro-

1868 4819 2152 4888 sequatur
2172 4816 2226 4868 te
2249 4809 2501 4866 verbum
2533 4805 2715 4879 pacis,
2762 4807 2816 4859 et
2839 4801 3102 4872 justitiae.
3131 4810 3192 4866 Ri.
3226 4801 3435 4888 Amen.

1997 4903 2186 4958 Lectio
2216 4898 2354 4956 libri
2383 4894 2673 4954 Samuelis
2704 4893 2784 4964 (Il
2809 4892 3050 4961 Regum,
3090 4900 3223 4955 cap.
3252 4883 3372 4941 xu).

1939 5003 2002 5062 BI.
2033 4992 2152 5046 Deo
2184 4987 2422 5058 gratias.

1939 5059 1981 5135 ll
2013 5079 2124 5135 illis
2154 5077 2364 5134 diebus
2399 5072 2583 5128 :Misit
2608 5070 2895 5127 Dominus
2913 5065 3142 5122 Nathan
3168 5062 3248 5120 ad
3280 5059 3468 5118 David
3493 5077 3505 5115 :

1869 5169 1992 5242 qui,
2033 5183 2171 5223 cum
2201 5163 2461 5220 venisset
2485 5160 2563 5216 ad
2593 5175 2751 5224 eum,
2779 5157 2927 5213 dixit
2947 5155 2998 5211 ei
3023 5172 3034 5209 :
3063 5156 3186 5210 Duo
3215 5151 3323 5208 viri
3345 5153 3510 5205 erant

1867 5237 1926 5313 in
1955 5255 2187 5311 civitate
2221 5267 2361 5314 una,
2405 5265 2560 5304 unus
2591 5247 2778 5312 dives,
2806 5250 2862 5301 et
2892 5244 3037 5300 alter
3069 5255 3314 5314 pauper.
3341 5237 3506 5289 Dives

1863 5343 2126 5401 habebat
2156 5354 2316 5401 oves,
2337 5343 2392 5393 et
2417 5338 2599 5393 boves
2617 5335 2906 5409 plurimos
2920 5331 3116 5388 valde.
3150 5328 3374 5395 Pauper
3403 5339 3502 5376 au-

1865 5440 1981 5491 tem
2013 5431 2158 5487 nihil
2183 5427 2444 5486 habebat
2464 5427 2728 5496 omnino,
2746 5427 2958 5496 praeter
2972 5433 3145 5475 ovem
3171 5428 3350 5468 unam
3367 5426 3502 5481 par-

1862 5522 2089 5593 vulam,
2112 5534 2297 5596 quam
2327 5520 2550 5576 emerat
2568 5521 2621 5574 ct
2649 5513 2952 5576 nutrierat,
2973 5510 3026 5562 et
3051 5506 3313 5560 creverat
3340 5498 3504 5574 apud
