4094 6164
577 232 680 301 534
1858 221 2305 295 BREVIARIUAM
2344 218 2734 279 GOTHICUM.
3801 226 3883 287 ωε

589 378 728 423 eum
753 378 892 419 cum
916 361 1054 418 ﬁliis
1083 360 1210 430 ejus
1234 357 1428 425 simul,
1449 355 1525 412 de
1539 369 1694 427 pane
1709 353 1864 409 illius
1880 352 2227 419 comedens,
2258 350 2308 405 Α
2341 347 2887 412 Dominus,etvivat
2904 345 3133 401 infans?
3149 347 3314 400 Nunc
3325 346 3513 399 autem
3535 347 3890 417 quiamortuus

587 458 647 509 et
668 453 743 507 de
773 451 955 507 calice
984 450 1111 519 ejus
1132 447 1367 513 bibens,
1385 451 1443 500 et
1466 445 1526 499 in
1551 444 1683 498 sinu
1706 442 1862 496 illius
1884 441 2186 496 dormiens
2210 456 2225 493 z
2340 444 2446 503 est,
2467 452 2653 509 quare
2673 437 2939 506 jejunem
2958 435 2985 487 ?
3002 431 3303 505 Numquid
3319 437 3513 501 potero
3530 449 3767 492 revocare
3786 455 3892 499 eum

589 538 922 612 eratqueilli
938 535 1389 592 sicutﬁlia.Cum
1406 537 1605 589 autem
1622 528 2232 602 peregrinusquidam
2340 526 2599 599 amplius
2614 526 2641 579 ?
2660 541 2772 595 ego
2784 524 3007 580 vadam
3026 522 3220 591 magis
3247 522 3300 592 3
3314 521 3419 612 13
3437 521 3510 577 ad
3528 538 3653 579 eum
3670 542 3682 579 :
3699 524 3894 586 illevero

587 609 848 687 venisset
875 626 955 684 ad
972 625 1237 693 divitem,
1263 637 1516 695 parcens
1542 619 1638 676 ille
1658 634 1891 674 sumere
1918 619 1993 673 de
2016 616 2234 673 ovibus
2339 632 2464 674 non
2487 619 2810 671 revertetur
2828 612 2907 668 ad
2933 628 3048 668 me.
3077 614 3143 667 Et
3163 609 3584 667 consolatusest
3603 614 3762 669 David
3774 617 3898 674 Beth-

591 716 740 774 etde
768 713 961 770 bobus
997 712 1146 781 suis,
1167 716 1231 767 ut
1249 709 1553 766 exhiberet
1563 707 1901 763 convivium
1920 703 2233 777 peregrino
2345 705 2524 761 sabee
2535 719 2787 760 uxorem
2806 700 3432 770 suam,ingressusque
3446 697 3521 754 ad
3530 699 3901 769 eam,dormivit

592 802 679 859 illi
702 802 807 874 qui
830 804 1070 856 venerat
1097 798 1178 854 ad
1216 814 1300 864 se,
1332 796 1460 852 tulit
1489 810 1663 851 ovem
1698 794 1808 848 viri
1846 792 2145 865 pauperis,
2178 793 2238 846 et
2345 811 2483 850 cum
2512 809 2579 849 ea
2616 811 2630 847 :
2658 808 2794 864 quae
2825 790 3029 861 genuit
3047 788 3260 855 filium,
3287 790 3344 842 et
3363 787 3581 842 vocavit
3596 803 3786 844 nomen
3804 792 3899 861 ejus

592 873 951 963 praeparavit
968 887 1136 943 cibos
1159 884 1389 941 homini
1416 883 1521 956 qui
1544 886 1782 938 venerat
1805 882 1816 947 ζ
1825 881 1903 936 ad
1934 896 2018 936 se.
2050 881 2237 935 Iratus
2348 879 3014 946 Salomon,etDominus
3026 876 3235 933 dilexit
3252 873 3902 948 illum.Misitqueinmanu

596 982 799 1036 autem
822 974 1229 1044 indignatione
1242 972 1423 1028 David
1438 972 1721 1027 adversus
1745 969 2051 1026 hominem
2070 967 2239 1023 illum
2350 971 2582 1029 Natban
2607 967 2937 1040 prophetae,
2958 971 3017 1021 et
3039 964 3271 1021 vocavit
3290 977 3505 1018 nomen
3528 963 3662 1032 ejus,
3682 965 3903 1021 Amabilis

595 1065 800 1131 nimis,
831 1063 973 1118 dixit
991 1062 1071 1118 ad
1089 1062 1352 1117 Nathan:
1380 1059 1533 1115 Vivit
1547 1058 1852 1125 Dominus,
1871 1057 2161 1130 quoniam
2175 1055 2240 1110 ﬁ-
2350 1059 2625 1121 Domino,
2649 1072 2722 1112 eo
2737 1055 2900 1127 quod
2921 1054 3189 1123 diligeret
3202 1066 3341 1108 eum
3359 1050 3646 1107 Dominus.
3675 1063 3733 1122 ﬁ.
3748 1055 3903 1110 Amen.

594 1153 714 1209 lius
750 1150 960 1206 mortis
997 1152 1090 1204 est
1118 1148 1207 1203 vir
1248 1148 1347 1219 qui
1384 1146 1519 1203 fecit
1556 1146 1692 1202 hoc.
1734 1147 1917 1202 Ovem
1945 1144 2154 1201 reddet
2182 1144 2244 1199 in
2424 1145 2765 1215 Antiphona
2784 1145 2832 1197 1.
2853 1145 3213 1211 Exurgentes
3233 1140 3292 1195 in
3315 1154 3412 1195 me
3430 1143 3594 1195 testes
3613 1138 3794 1212 iniqui,
3810 1157 3907 1213 qua

598 1238 1030 1313 quadruplum,
1053 1253 1125 1293 eo
1150 1236 1314 1309 quod
1338 1236 1538 1292 fecerit
1559 1235 1811 1291 verbum
1835 1234 2017 1303 istud,
2039 1238 2095 1289 et
2121 1247 2245 1289 non
2356 1233 2733 1307 ignorabam,
2750 1229 3197 1300 interrogabant
3212 1243 3330 1293 me,
3345 1226 3647 1282 reddentes
3662 1227 3912 1283 mihimala

598 1312 882 1401 pepercit.
914 1325 1070 1381 Dixit
1088 1330 1289 1380 autem
1317 1322 1546 1380 Nathan
1576 1322 1654 1377 ad
1685 1321 1869 1378 David
1902 1341 1914 1379 :
1939 1325 2023 1378 Tu
2059 1338 2123 1377 es
2151 1320 2249 1377 ille
2356 1339 2468 1397 pro
2482 1320 2678 1377 bonis.
2696 1319 2761 1373 In
2778 1316 3155 1373 simulatione
3169 1315 3489 1401 verborum
3502 1312 3913 1369 ﬁctorumfreme-

606 1416 716 1470 vir.
755 1416 890 1470 Haec
910 1413 1053 1468 dicit
1077 1412 1370 1468 Dominus
1390 1412 1546 1466 Deus
1573 1409 1751 1465 Israel
1775 1427 1787 1465 :
1807 1412 1929 1479 Ego
1948 1408 2094 1465 unxi
2113 1414 2169 1465 te
2188 1408 2251 1465 in
2358 1412 2507 1468 bant
2546 1409 2608 1464 in
2637 1421 2734 1463 me
2762 1405 3041 1461 dentibus
3065 1403 3213 1459 suis.
3240 1402 3305 1463 ῒ.
3332 1400 3556 1466 Indica,
3586 1401 3812 1466 Domine,
3838 1416 3913 1457 no-

603 1518 811 1573 regem
841 1516 1023 1572 super
1050 1499 1247 1563 Israel,
1264 1504 1323 1555 et
1346 1499 1472 1554 erui
1497 1506 1549 1553 te
1565 1497 1640 1553 de
1656 1513 1844 1553 manu
1866 1497 2024 1562 Saul,
2043 1501 2099 1552 et
2113 1494 2252 1551 dedi
2361 1504 2561 1554 centes
2590 1512 2707 1563 me,
2737 1502 2791 1551 et
2811 1508 3091 1564 expugna
3118 1493 3540 1563 impugnantes
3565 1504 3674 1545 me.

606 1589 715 1645 tibi
730 1588 983 1644 domum
1001 1587 1232 1643 domini
1252 1586 1357 1655 tui,
1377 1590 1656 1641 etuxores
1672 1584 1903 1640 domini
1927 1585 2011 1640 tui
2032 1585 2093 1639 in
2118 1584 2253 1639 sinu
2439 1585 2659 1641 Oratio.
2690 1585 3005 1652 Surgentes
3025 1582 3089 1638 in
3109 1584 3164 1636 te
3194 1578 3446 1634 Domine
3460 1580 3627 1633 testes
3645 1577 3917 1649 iniqui,tu

607 1681 733 1741 tuo,
762 1675 1022 1746 dedique
1038 1675 1142 1729 tibi
1162 1675 1413 1730 domum
1442 1671 1620 1727 Israel
1637 1673 1733 1726 etJ
1740 1671 1858 1726 uda
1890 1671 2046 1726 :etsi
2066 1686 2258 1742 parva
2285 1679 2331 1734 B
2363 1667 3195 1744 ignorabas,interrogabant:
3218 1666 3368 1738 quid
3383 1664 3539 1720 enim
3554 1661 3923 1733 ignorabas,qui

610 1766 753 1819 sunt
770 1762 907 1825 ista,
946 1761 1229 1832 adjiciam
1273 1760 1379 1815 tibi
1398 1757 1589 1814 multo
1616 1759 1870 1827 majora.
1899 1760 2088 1824 Quare
2116 1774 2258 1830 ergo
2330 1748 2335 1753 ’
2366 1776 2597 1827 eorum,
2618 1758 2722 1830 qui
2753 1762 2808 1811 te
2829 1755 3098 1819 oderant,
3124 1752 3294 1809 doles
3323 1757 3464 1808 ante
3486 1765 3827 1823 perspexeras
3846 1768 3860 1802 :
3882 1752 3923 1803 et
4002 1820 4003 1833 χ

615 1848 1030 1919 contempsisti
1058 1848 1309 1905 verbum
1341 1844 1669 1907 Domini,ut
1695 1845 1919 1901 faceres
1946 1846 2174 1902 malum
2198 1845 2262 1900 in
2368 1850 2704 1906 futurorum
2716 1843 3002 1916 praescius
3021 1837 3925 1914 omniapraasciebasiquiergoiu-

615 1941 938 2010 conspectu
952 1951 1089 1992 meo
1104 1935 1133 1989 ?
1151 1935 1347 1991 Uriam
1362 1932 1665 1989 Hethteum
1684 1934 2024 2004 percussisti
2037 1932 2259 2003 gladio,
2370 1935 2797 2005 ter-rogantium
2820 1932 3232 2003 blasphemias
3252 1929 3377 1986 alto
3393 1928 3614 2001 pietatis
3636 1926 3866 1998 mysterio
3888 1929 3926 1980 to

617 2031 677 2083 et
699 2041 946 2082 uxorem
971 2024 1130 2079 illius
1156 2021 1434 2095 accepisti
1458 2019 1521 2074 in
1556 2036 1820 2088 uxorem,
1842 2026 1897 2077 et
1928 2019 2265 2077 interfecisti
2372 2026 2685 2095 ignorasse
2709 2022 2989 2091 designas
3021 2039 3034 2075 :
3068 2019 3217 2075 scire
3240 2033 3357 2074 nos
3379 2017 3669 2081 veraciter,
3697 2020 3747 2070 et
3765 2011 3928 2084 ample-

618 2130 759 2171 θιιω
776 2112 976 2183 Gladio
991 2112 1247 2168 ﬁliorum
1259 2117 1537 2168 Ammon-
1558 2110 1961 2179 QuamObl‘em
1972 2126 2094 2165 BOD
2110 2124 2267 2165 rece'
2376 2121 2530 2171 ctere
2560 2113 2737 2168 facito
2754 2129 2768 2177 ;
2786 2115 2843 2166 et
2858 2108 3284 2180 redemptionis
3298 2112 3521 2163 nostrae
3539 2103 3792 2175 mysteria
3801 2102 3932 2174 plena

620 2202 722 2257 det
744 2201 978 2270 gladius
1006 2201 1082 2256 de
1102 2200 1280 2256 domo
1310 2205 1413 2258 tua
1442 2218 1637 2275 usque
1652 2202 1712 2257 in
1730 2198 2267 2271 sempiternum,eo
2374 2203 2495 2259 ﬁde
2507 2214 2869 2272 cognoscere
2892 2215 2907 2265 ;
2930 2202 2985 2253 et
3004 2213 3077 2253 ea
3090 2197 3226 2268 ipsa
3244 2188 3931 2265 interrogantibusinimicis

619 2288 788 2361 quod
816 2288 1158 2359 despexeris
1170 2305 1288 2357 me,
1311 2291 1580 2346 ettuleris
1591 2304 1839 2345 uxorem
1856 2287 2004 2343 Urite
2027 2286 2267 2350 Hethaai,
2378 2291 2616 2361 cognita
2644 2288 2973 2345 declarare.
3003 2296 3068 2355 ἢ.
3101 2288 3311 2342 Amen.

620 2381 690 2433 ut
709 2378 866 2433 esset
894 2390 1045 2431 uxor
1061 2381 1177 2432 tua.
1206 2379 1408 2449 Itaque
1435 2378 1566 2434 haec
1581 2377 1724 2433 dicit
1747 2375 2032 2431 Dominus
2063 2391 2077 2427 :
2102 2376 2265 2440 Ecce,
2449 2378 2793 2446 Antiphona
2814 2379 2865 2429 2.
2900 2376 3242 2430 Peccatores
3273 2372 3643 2445 iniquitatem
3676 2368 3732 2424 in
3762 2365 3935 2422 excelso

627 2463 935 2522 suscitabo
946 2478 1123 2535 super
1143 2465 1439 2522 temalum
1466 2467 1541 2522 de
1560 2465 1745 2521 domo
1773 2469 1890 2527 tua,
1906 2466 1963 2517 et
1981 2461 2185 2517 tollam
2210 2477 2274 2517 u-
2379 2465 2562 2524 locuti
2591 2470 2745 2519 sunt.
2772 2464 3106 2519 Posuerunt
3132 2462 3193 2518 in
3214 2460 3367 2517 caelo
3396 2476 3465 2516 os
3494 2474 3691 2515 suum:
3719 2461 3767 2512 et
3786 2454 3937 2523 lingua

624 2568 802 2609 xores
814 2556 948 2607 tuas
969 2550 1033 2605 in
1048 2551 1234 2606 oculis
1254 2553 1624 2619 tuis,etdabo
1636 2551 1909 2624 proximo
1931 2554 2052 2614 tuo,
2067 2553 2124 2604 et
2135 2548 2273 2604 dor-
2381 2569 2593 2611 eorum
2620 2551 2892 2609 transivit
2920 2566 3102 2622 super
3123 2555 3369 2605 terram.
3407 2547 3667 2609 Domine,
3691 2545 3745 2600 in
3767 2542 3936 2597 civitate

626 2641 911 2697 mietcum
927 2639 1334 2697 uxoribustuis
1348 2641 1408 2697 in
1423 2642 1612 2698 oculis
1624 2640 1806 2713 plebis
1827 2637 2272 2708 bujus.Tuenim
2382 2648 2487 2699 tua
2514 2641 2834 2711 imaginem
2865 2655 3073 2695 eorum
3103 2637 3182 2694 ad
3211 2637 3472 2694 nihilum
3502 2634 3742 2703 redigas.
3766 2630 3817 2691 ῒ.
3839 2627 3941 2693 Quia

630 2728 820 2785 fecisti
830 2727 1177 2784 abscondite
1203 2747 1219 2783 :
1237 2745 1347 2800 ego
1368 2746 1511 2786 vero
1528 2729 1746 2786 faciam
1766 2726 2014 2783 verbum
2039 2725 2198 2781 istud
2214 2726 2276 2780 in
2386 2729 2763 2787 exacerbavit
2781 2743 2885 2783 cor
2912 2742 3137 2792 meum,
3168 2731 3227 2782 et
3239 2741 3419 2782 renes
3439 2723 3557 2781 mei
3581 2720 3796 2778 resoluti
3814 2720 3942 2771 sunt:

630 2820 961 2887 conspectu
988 2817 1187 2872 omnis
1206 2818 1409 2884 Israel,
1440 2819 1501 2873 in
1531 2818 1857 2887 conspectu
1884 2814 2117 2868 solis.Et
2137 2812 2279 2868 dixit
2384 2825 2443 2875 et
2480 2833 2592 2888 ego
2617 2817 2696 2873 ad
2723 2815 2973 2873 nihilum
2996 2815 3277 2870 reductus
3314 2830 3483 2877 sum,
3512 2817 3569 2867 et
3589 2807 3801 2867 nescivi.

630 2902 819 2958 David
838 2902 915 2956 ad
928 2903 1155 2958 Natban
1180 2919 1192 2956 ε
1219 2904 1463 2959 Peccavi
1478 2901 2028 2973 Domino.Dixitque
2048 2900 2279 2955 Natban
2459 2907 2682 2963 Oratio.
2714 2905 2779 2960 In
2810 2903 3044 2959 excelso
3084 2903 3335 2958 Domine
3372 2906 3586 2957 contra
3612 2904 3663 2955 te
3689 2898 3948 2970 peccatores

633 2989 714 3045 ad
725 2988 1220 3045 Πενίάῖθοωίηυε
1238 3006 1466 3061 quoque
1478 2988 2275 3059 tI‘ﬁmsmmPeccatumillum;
2316 3015 2358 3070 ε
2385 2995 2564 3051 locuti
2578 2998 2714 3049 sunt
2737 3010 2753 3059 ;
2773 3008 2911 3048 cum
2924 2992 3202 3049 latentem
3219 2990 3427 3047 cordis
3447 2989 3539 3045 sui
3551 2984 3851 3060 superbiam
3862 2978 3950 3036 altis

634 3092 760 3132 non
781 3077 1069 3132 morieris.
1084 3079 1529 3145 Verumtamen,
1561 3076 1846 3148 quoniam
1859 3075 2281 3147 blasphemare
2330 3068 2345 3070 ’
2390 3083 2638 3139 vocibus
2658 3081 3072 3137 clamat-erunt
3095 3098 3107 3135 ;
3137 3079 3246 3140 Qui
3270 3095 3421 3151 ergo
3437 3084 3640 3134 contra
3662 3080 3711 3131 te
3729 3074 3779 3130 in
3800 3068 3951 3127 calum

635 3162 825 3219 fecisti
854 3164 1128 3220 inimicos
1150 3166 1401 3232 Domini,
1422 3170 1665 3236 propter
1679 3164 1930 3219 verbum
1945 3164 2079 3229 hoc,
2103 3162 2277 3228 ﬁlius,
2391 3187 2501 3227 sua,
2523 3170 2790 3226 nituntur
2810 3184 3031 3241 ponere
3063 3183 3189 3233 ora,
3220 3167 3475 3224 redeant
3504 3166 3565 3222 in
3585 3170 3725 3221 terra
3750 3152 3953 3216 conlisuri

636 3253 741 3324 qui
766 3259 940 3307 natus
960 3259 1045 3307 est
1066 3252 1189 3318 tibi,
1212 3258 1400 3309 morte
1430 3254 1735 3308 morietur.
1798 3254 1865 3307 Et
1883 3268 2151 3307 reversus
2197 3259 2283 3306 est
2390 3259 2918 3333 perpugnitentiam
2947 3275 2961 3312 ;
2986 3261 3050 3312 ut
3069 3256 3396 3312 nobiscum
3428 3262 3483 3312 te
3504 3255 3599 3312 Dei
3623 3241 3953 3309 Filinmhumi-

636 3339 928 3396 Natbanin
944 3340 1169 3395 domum
1183 3357 1367 3397 suam.
1377 3341 1783 3412 Percussitque
1795 3340 1994 3395 Domin
2004 3357 2071 3395 us
2084 3355 2219 3411 parv
2227 3357 2284 3393 u-
2390 3347 2477 3404 les
2488 3351 2897 3417 agnoscentes,
2919 3360 3043 3400 non
3062 3344 3326 3416 superba
3337 3344 3579 3416 sapiant
3598 3364 3617 3411 ς
3631 3338 3726 3395 sed
3738 3336 3833 3395 tuis
3843 3347 3950 3388 sem-

636 3428 784 3493 lum,
816 3443 999 3500 quem
1019 3434 1324 3500 pepererat
1348 3444 1498 3485 uxor
1526 3428 1674 3484 Urius
1698 3428 1901 3494 David,
1930 3432 1987 3483 et
2009 3427 2284 3500 despera-
2391 3450 2501 3507 per
2529 3432 2773 3489 monitis
2803 3432 3224 3504 adquiescunt.
3263 3443 3327 3501 Βι.
3360 3438 3578 3487 Amen.

643 3520 739 3569 tus
748 3519 859 3570 est.
889 3515 1369 3588 Deprecatusque
1384 3521 1471 3571 est
1490 3516 1679 3572 David
1696 3516 2017 3571 Dominum
2028 3532 2137 3587 pro
2152 3532 2289 3588 par-
2463 3521 2815 3591 Anliphona
2829 3524 2880 3575 3.
2902 3520 3220 3585 Peccatori,
3238 3519 3380 3575 dicit
3396 3518 3675 3575 Dominus
3685 3517 3816 3570 Deus
3828 3527 3838 3566 :
3850 3511 3953 3573 0αᾶ-

643 3601 786 3658 vulo
814 3620 829 3657 :
861 3608 918 3660 et
932 3604 1011 3674 jej
1022 3604 1248 3660 unabat
1271 3605 1457 3661 David
1469 3606 1718 3676 jejunio,
1738 3611 1793 3661 et
1808 3604 2115 3675 ingressus
2133 3620 2289 3661 seor-
2394 3614 2533 3665 retu
2545 3608 3056 3679 enarrasjustitias
3069 3622 3255 3673 meas,
3272 3606 3601 3663 etassumis
3625 3601 3954 3660 testamantum
4002 3601 4003 3677 ξ

646 3708 801 3757 sum,
813 3692 1050 3762 jacebat
1066 3709 1243 3765 super
1254 3697 2011 3750 terram.Veneruntautem
2026 3694 2288 3751 seniores
2394 3714 2597 3754 meum
2617 3713 2724 3769 per
2743 3712 2813 3752 os
2838 3696 3047 3751 tuum?
3075 3698 3160 3751 Tu
3183 3710 3323 3751 vero
3349 3695 3529 3751 odisti
3557 3686 3955 3764 disciplinamzei

643 3783 863 3838 domus
912 3782 1062 3853 ejus,
1094 3789 1374 3852 cogentes
1407 3800 1566 3849 eum,
1598 3789 1662 3840 ut
1701 3788 1967 3853 surgeret
1995 3783 2069 3838 de
2089 3789 2284 3840 terra:
2395 3786 2695 3861 projecisti
2742 3799 3048 3841 sermones
3092 3798 3262 3839 meos
3290 3788 3432 3854 post
3469 3788 3546 3840 te.
3596 3782 3658 3842 ῒ.
3711 3778 3762 3835 Si
3780 3771 3957 3830 videbas

644 3869 747 3941 qui
758 3868 1167 3941 noluit,neque
1181 3871 1439 3927 comedit
1462 3888 1601 3928 cum
1612 3872 1697 3927 eis
1710 3870 1933 3926 cibum.
1948 3871 2171 3926 Accidit
2187 3888 2288 3928 au-
2398 3877 2612 3940 furem,
2626 3874 2905 3930 currebas
2917 3888 3055 3928 cum
3066 3888 3137 3928 eo
3155 3891 3167 3925 :
3183 3876 3239 3927 et
3258 3887 3400 3928 cum
3415 3871 3694 3927 adulteris
3712 3865 3959 3941 portionem

642 3956 976 4025 tem,utdie
995 3958 1248 4030 septima
1261 3959 1801 4015 morereturinfans
1819 3976 1831 4013 :
1850 3959 2291 4032 timueruntque
2402 3969 2570 4018 tuam
2599 3960 2891 4035 ponebas.

646 4045 801 4101 servi
830 4046 1018 4102 David
1045 4048 1331 4105 nunciare
1360 4048 1411 4103 ei
1428 4048 1592 4121 quod
1609 4055 1879 4103 mortuus
1898 4053 2050 4103 esset
2080 4064 2292 4120 parvu-
2472 4062 2538 4119 13;.
2562 4033 2708 4105 Ecce
2740 4048 3020 4104 inimicus
3066 4064 3238 4104 meus
3269 4046 3664 4105 circumdedit
3686 4059 3771 4101 me
3804 4033 3962 4094 lanceis

646 4133 739 4189 lus
769 4150 783 4185 :
814 4133 1094 4189 dixerunt
1121 4135 1312 4191 enim:
1348 4138 1668 4200 Ecce,cum
1692 4134 1980 4207 parvulus
1993 4136 2193 4191 adhuc
2208 4136 2291 4191 vi-
2402 4137 2552 4201 suis,
2584 4142 2641 4192 et
2664 4152 2785 4193 non
2812 4136 3079 4208 pepercit
3105 4136 3283 4192 mihi:
3317 4135 3532 4192 eﬂ‘udit
3562 4136 3624 4191 in
3652 4140 3791 4191 terra
3807 4125 3964 4182 viscera
4002 4125 4003 4173 1

645 4227 828 4287 veret,
858 4222 1259 4294 loquebamur
1278 4223 1359 4278 ad
1383 4240 1540 4288 eum,
1565 4228 1758 4278 etnon
1784 4223 2066 4279 audiebat
2079 4240 2292 4282 vocem
2400 4242 2558 4293 mea,
2588 4225 2836 4280 etinruit
2858 4225 2919 4280 in
2946 4240 3040 4279 me
3068 4224 3244 4297 quasi
3265 4224 3439 4295 gigas
3458 4241 3472 4291 ;
3491 4224 3672 4281 facies
3700 4223 3864 4276 autem
3878 4221 3965 4297 me,a
4002 4232 4003 4259 Υ

645 4314 918 4366 nostram
944 4329 956 4365 :
978 4317 1206 4385 quanto
1228 4312 1443 4381 magis,
1468 4312 1519 4366 si
1536 4311 1882 4382 dixerimus,
1907 4318 2181 4368 mortuus
2203 4318 2293 4370 est
2320 4347 2367 4401 D
2400 4314 2464 4369 Ρ.
2502 4312 2788 4369 Intumuit
2812 4311 3027 4368 aﬂetu.
3049 4296 3182 4367 HVrec
3196 4328 3420 4385 passus
3439 4328 3575 4367 sum
3588 4311 3799 4383 absque
3820 4296 3963 4371 iniqui‘
4002 4300 4003 4363 ί

643 4413 815 4470 puer,
849 4414 911 4453 se
957 4397 1180 4466 afﬂiget
1198 4400 1225 4453 ?
1250 4401 1399 4454 Cum
1427 4414 1568 4469 ergo
1600 4398 1845 4455 vidisset
1874 4400 2065 4456 David
2089 4417 2293 4457 servos
2320 4387 2364 4401 υ
2402 4406 2518 4457 tate
2546 4417 2766 4459 manus
2791 4417 2963 4467 meae,
2983 4400 3132 4456 dum
3151 4401 3439 4457 haberem
3470 4399 3726 4456 mundas
3743 4390 3874 4467 apud
3894 4387 3961 4438 Βο-
4002 4424 4003 4427 η

648 4485 2293 4559 suosmusitantes.intellexitquodmortuusessetinfan-
2402 4491 2635 4545 minum
2682 4505 2910 4561 preces.
2960 4489 3022 4549 \".
3074 4489 3401 4561 Complevit
3457 4487 3729 4543 inimicus
3776 4482 3960 4537 furorem

645 4573 805 4630 tulus
833 4590 846 4628 :
880 4573 1142 4647 dixitque
1172 4573 1251 4628 ad
1268 4590 1467 4629 servos
1490 4591 1631 4630 suos
1665 4594 1679 4634 :
1705 4576 2007 4649 Numquid
2023 4583 2295 4634 mortuus
2405 4596 2579 4634 suum
2602 4579 2663 4633 in
2693 4595 2810 4646 me,
2842 4584 2900 4632 et
2924 4578 3303 4634 comminans
3340 4578 3494 4633 mihi
3518 4572 3802 4633 infremuit
3822 4570 3963 4624 contra

648 4666 895 4735 estpuer
915 4661 942 4716 ‘3
972 4662 1079 4726 Qui
1102 4662 1540 4733 responderunt
1566 4663 1621 4719 ei
1649 4680 1662 4719 :
1688 4666 1947 4720 Mortuus
1967 4671 2073 4721 est.
2099 4669 2296 4722 Surre-
2404 4684 2521 4723 me.
2550 4669 2619 4722 P.
2651 4666 2934 4722 Intumuit
2957 4682 2993 4722 a
3020 4666 3184 4721 ﬂetu.

647 4750 732 4805 xit
758 4749 938 4820 igitur
966 4749 1153 4806 David
1182 4768 1194 4805 :
1213 4755 1269 4805 et
1287 4750 1522 4807 locutus
1538 4758 1871 4825 unctusque
1890 4759 1980 4810 est
2000 4773 2012 4809 :
2037 4771 2297 4827 cumque
2476 4757 2701 4812 Preces.
2718 4756 2941 4811 Christe
2951 4755 3051 4811 red
3060 4760 3293 4828 emptor
3308 4756 3448 4829 pius
3463 4736 3964 4815 animarum,examdi

647 4843 941 4895 mutasset
966 4845 1213 4906 vestem,
1242 4840 1543 4913 ingressus
1564 4843 1917 4898 estdomum
1947 4843 2216 4898 Domini:
2243 4848 2300 4899 et
2409 4844 2665 4916 gemitus
2727 4844 3016 4909 ﬂentium,
3049 4847 3112 4899 P.
3158 4843 3228 4899 Et
3285 4844 3587 4900 miserere.
3628 4843 3688 4903 Ῡ.
3729 4837 3821 4905 Qui
3846 4832 3967 4900 οᾶΡυί

651 4925 922 4981 adoravit
950 4930 1007 4982 et
1026 4928 1181 4983 venit
1201 4928 1261 4983 in
1281 4928 1531 4985 domum
1551 4946 1745 4998 suam,
1763 4931 2088 5003 petivitque
2111 4936 2173 4986 ut
2194 4947 2300 5004 po-
2409 4938 2578 4990 tuum
2612 4931 2906 4987 arundine
2935 4948 3160 4987 caesum
3180 4933 3241 4988 in
3262 4948 3437 4987 cruce
3449 4933 3541 4987 vis
3553 4946 3681 4987 esse
3696 4926 3968 5001 porrectum,

649 5019 860 5070 nerent
880 5014 935 5069 ei
953 5021 1257 5087 panem,et
1277 5017 2060 5075 comedit.Dixcruntautem
2078 5020 2130 5074 ei
2146 5006 2295 5075 servi
2410 5027 2475 5077 ut
2504 5019 2755 5076 Mundus
2777 5035 2883 5092 per
2908 5020 3021 5075 hoc
3051 5020 3395 5091 salvaretur,
3430 5021 3511 5077 P.
3546 5022 3614 5074 Et
3645 5016 3899 5072 miserere.
3925 5004 3964 5057 ῑι

649 5102 774 5158 sui:
800 5102 937 5166 Quis
954 5109 1040 5159 est
1057 5120 1463 5177 sermo,quem
1484 5106 1969 5179 fecisti?propter
1987 5107 2295 5173 infantem,
2412 5095 2522 5174 Qui
2550 5114 2743 5180 sputa,
2768 5107 3006 5180 probra,
3027 5108 3335 5179 spinarum
3356 5122 3669 5171 coronam,
3692 5094 3972 5159 lanceauMt

648 5206 789 5247 cum
801 5190 999 5247 adhuc
1011 5192 1272 5264 viveret,j
1282 5193 1801 5264 ejunastietﬂebas
1819 5214 1829 5249 :
1849 5202 2085 5253 mortuo
2098 5200 2299 5254 autem
2411 5198 2777 5269 sepulturam
2794 5196 3121 5253 sustinuisti
3135 5197 3321 5252 nostri
3336 5196 3736 5261 causa,P.Jam
3751 5188 3967 5245 miserere.

647 5294 857 5352 puero,
887 5280 1212 5350 surrexisti,
1230 5286 1286 5337 et
1306 5281 1866 5354 comedistipanem.
1890 5286 1997 5351 Qui
2027 5286 2140 5342 ait:
2161 5289 2297 5341 I’ro-
2408 5284 2471 5343 Ῡ.
2505 5284 2615 5348 Qui
2636 5300 2807 5339 cruce
2826 5282 3223 5340 tuaMundum
3236 5282 3536 5339 redemisti
3563 5300 3577 5349 ;
3607 5280 3808 5353 quique
3825 5269 3965 5357 trillmf

647 5373 777 5439 pter
807 5366 1117 5432 infantem,
1143 5385 1281 5425 cum
1297 5370 1499 5425 adhuc
1518 5370 1735 5427 viveret
1745 5374 1826 5443 jej
1838 5375 2010 5429 unavi
2038 5380 2094 5431 et
2111 5374 2251 5430 ﬂevi
2280 5392 2293 5428 :
2407 5372 2622 5443 phator
2644 5371 2854 5429 inferni
2877 5372 3061 5427 victor
3085 5370 3275 5428 factus
3296 5388 3356 5427 es
3370 5368 3667 5442 supplicii,
3689 5368 3758 5419 P.
3782 5365 3886 5419 Jam
3898 5368 3966 5409 ιω·

644 5455 925 5515 dicebam
950 5457 1107 5514 enim
1136 5477 1146 5514 :
1176 5457 1319 5522 Quis
1335 5458 1461 5525 scit,
1489 5458 1539 5513 si
1556 5458 1702 5515 forte
1719 5462 1972 5519 donetet
1995 5479 2133 5531 eum
2150 5460 2309 5543 mihi
2408 5475 2620 5528 serere,
2664 5460 2724 5519 Ῠ.
2773 5462 2901 5517 Iam
2929 5466 3114 5516 morte
3141 5465 3242 5519 tua
3270 5458 3591 5531 redemptis
3629 5452 3846 5526 inspira,
3871 5443 3965 5497 ulte
