4094 6164
200 268 304 324 537

1372 262 1727 322 DOMINICA
1769 264 1815 322 V
1854 262 2459 333 QUADRAGESIMIE.

3514 270 3618 327 538

208 389 355 448 servi
392 389 555 460 regis
586 391 663 445 ad
684 404 821 445 eum
856 409 869 449 :
904 389 1120 446 Omnia
1152 405 1550 463 quaecumque
1585 388 1869 462 praecepit
1897 389 1945 443 A
1972 389 2031 445 lii
2064 406 2296 462 eorum,
2320 390 2636 447 Achimaas
2656 390 2813 446 ﬁlius
2838 391 3048 459 Sadoc,
3071 396 3128 450 et
3144 395 3429 451 Jonathas
3455 395 3617 452 ﬁlius

208 479 495 535 Dominus
525 486 728 534 noster
755 494 877 550 rex,
911 478 1162 534 libenter
1191 479 1543 552 exequimur
1571 478 1720 533 servi
1751 477 1855 533 tui.

210 571 490 637 Egressus
522 574 612 621 est
633 582 774 636 ergo
802 583 925 633 rex,
960 574 1015 621 et
1045 567 1323 623 universa
1344 568 1558 623 domus
1584 567 1735 637 ejus,
1768 583 1868 638 pe-

211 655 379 711 dibus
400 655 525 710 suis
555 674 569 714 :
602 663 657 710 et
680 654 916 727 reliquit
936 672 1038 711 rex
1063 655 1269 711 decem
1292 655 1567 711 mulieres
1589 654 1865 709 concubi-

211 760 317 800 nas
346 743 424 801 ad
459 743 916 800 custodiendam
942 745 1214 800 domum.
1240 747 1522 815 Egressus
1541 760 1643 800 rex
1663 750 1719 798 et
1739 759 1866 799 om-

214 831 304 889 nis
334 832 511 889 Israel
552 832 810 904 pedibus
842 833 985 899 suis,
1018 833 1169 889 stetit
1214 833 1423 905 procul
1467 849 1503 889 a
1559 833 1764 900 domo,
1813 838 1868 887 et

213 921 472 978 universi
498 920 650 977 servi
671 921 801 991 ejus
817 920 1212 978 ambulabant
1236 922 1405 993 juxta
1433 938 1594 991 eum,
1617 926 1672 977 et
1685 921 1866 992 legio-

211 1025 310 1065 nes
331 1008 581 1077 Cerethi,
614 1015 669 1065 et
698 1009 981 1077 Phelethi,
1016 1014 1073 1066 et
1101 1026 1311 1066 omnes
1341 1011 1558 1067 (lethaei
1578 1016 1867 1083 pugnato-

208 1114 294 1155 res
323 1096 529 1163 validi,
554 1097 817 1153 sexcenti
840 1098 966 1164 viri,
1003 1098 1109 1170 qui
1150 1099 1335 1154 secuti
1365 1115 1503 1155 eum
1529 1098 1763 1154 fuerant
1794 1098 1868 1153 de

210 1186 345 1243 Geth
380 1185 639 1258 pedites,
663 1186 1081 1258 praecedebant
1106 1201 1327 1256 regem.
1359 1188 1513 1243 Dixit
1537 1195 1735 1243 autem
1764 1203 1867 1242 rex

208 1276 278 1330 ad
312 1274 488 1330 Ethai
522 1273 830 1330 Getheeum
867 1291 879 1329 :
907 1278 1017 1330 Cur
1063 1276 1232 1331 venis
1282 1276 1599 1332 nobiscum
1623 1278 1651 1332 ?
1680 1290 1871 1331 rever-

208 1368 342 1428 tere,
377 1367 436 1417 et
470 1362 683 1418 habita
717 1378 854 1418 cum
893 1377 1052 1432 rege,
1100 1363 1243 1436 quia
1294 1364 1644 1436 peregrinus
1686 1379 1768 1427 es,
1816 1369 1871 1419 et

206 1467 488 1522 egressus
522 1467 585 1507 es
613 1451 687 1507 de
710 1450 843 1507 loco
866 1456 987 1508 tuo.
1025 1452 1153 1508 Heri
1170 1452 1401 1519 venisti,
1431 1460 1486 1508 et
1508 1452 1685 1508 hodie
1711 1467 1871 1508 com-

203 1540 446 1613 pelleris
478 1539 806 1595 nobiscum
839 1539 1090 1611 egredi?
1119 1557 1231 1611 ego
1261 1546 1461 1598 autem
1490 1541 1704 1597 vadam
1748 1557 1868 1612 quo

202 1630 397 1687 iturus
416 1645 585 1684 sum:
612 1634 919 1694 revertere,
939 1629 1191 1686 etreduc
1207 1634 1403 1687 tecum
1420 1630 1626 1686 fratres
1643 1634 1795 1697 tuos,
1816 1634 1871 1685 et

1974 481 2259 537 Abiathar
2294 497 2304 535 :
2342 485 2398 536 et
2427 480 2664 536 mittetis
2684 496 2790 551 per
2811 496 2914 535 eos
2944 481 3020 536 ad
3048 498 3142 537 me
3164 498 3342 538 omne
3366 484 3618 541 verbum

1974 570 2139 642 quod
2169 569 2490 625 audieritis.
2523 569 2797 624 Veniente
2824 585 2965 639 ergo
2998 570 3171 625 Chusi
3206 573 3398 627 amico
3429 574 3617 629 David

1974 660 2035 715 in
2062 659 2383 723 civitatem,
2405 658 2692 714 Absalom
2719 674 2956 730 quoque
2977 659 3279 728 ingressus
3311 666 3395 716 est
3422 662 3619 717 Hieru-

1976 747 2181 813 salem,
2210 752 2266 802 et
2295 746 2639 818 Achitophel
2678 762 2815 802 cum
2843 762 2933 802 eo.
2967 747 3137 818 (Cap.
3177 749 3320 817 xv1).
3351 747 3618 820 Cumque

1974 836 2165 891 David
2194 835 2501 891 transisset
2529 834 2843 907 paululum
2875 835 3095 891 montis
3117 835 3419 903 verticem,
3437 850 3620 907 appa-

1974 923 2092 980 ruit
2122 923 2265 981 Siba
2303 938 2452 995 puer
2477 923 2866 995 Miphiboseth
2895 925 2955 979 in
2986 938 3301 980 occursum
3324 922 3452 993 ejus
3482 939 3622 979 cum

1976 1012 2215 1068 duobus
2228 1012 2431 1076 asinis,
2446 1011 2548 1083 qui
2563 1012 2788 1068 onerati
2807 1011 3257 1069 erantducentis
3282 1011 3624 1082 panibus,et

1976 1106 2215 1157 centum
2233 1100 2559 1170 alligaturis
2580 1117 2706 1155 uvae
2718 1116 2934 1172 passae,
2960 1104 3015 1155 et
3029 1104 3269 1155 centum
3283 1098 3502 1154 massis
3521 1114 3624 1169 pa-

1976 1191 2298 1259 latharum,
2321 1193 2376 1244 et
2396 1188 2635 1244 duobus
2654 1188 2882 1243 utribus
2900 1188 3042 1244 viui.
3061 1187 3281 1244 Etdixit
3299 1202 3403 1242 rex
3422 1186 3575 1241 Sibae
3604 1204 3616 1241 :

1979 1280 2129 1346 Quid
2153 1279 2257 1335 sibi
2280 1278 2489 1334 volunt
2504 1278 3127 1350 haec?Respouditque
3151 1276 3332 1332 Siba:
3372 1275 3623 1331 Domine

1978 1369 2051 1424 mi
2080 1385 2182 1424 rex
2207 1386 2219 1423 :
2240 1368 2422 1435 Asini,
2452 1367 2786 1422 domesticis
2812 1367 2967 1438 regis
2986 1371 3048 1422 ut
3071 1356 3345 1424 sedeant:
3370 1370 3625 1436 etpanes

1979 1462 2035 1512 et
2062 1455 2341 1528 palathse,
2375 1455 2452 1510 ad
2492 1454 2859 1509 vescendum
2885 1454 3083 1525 pueris
3104 1452 3216 1508 tuis
3246 1469 3257 1507 ε
3290 1452 3497 1507 vinum
3521 1467 3625 1506 au-

1978 1549 2119 1607 tem,
2151 1550 2213 1598 ut
2234 1542 2399 1599 bibat
2420 1541 2619 1613 siquis
2643 1540 2918 1596 defecerit
2936 1541 2995 1596 in
3017 1540 3271 1596 deserto.
3300 1542 3365 1594 Et
3385 1538 3463 1593 ait
3482 1553 3585 1593 rex
3610 1553 3623 1593 :

1979 1632 2087 1688 Ubi
2108 1636 2199 1687 est
2221 1631 2379 1686 ﬁlius
2410 1629 2638 1686 domini
2662 1630 2746 1685 tui
2766 1630 2795 1684 ‘?
2816 1628 3259 1700 Responditque
3282 1627 3423 1684 Siba
3451 1625 3576 1694 regi
3611 1642 3622 1681 :

204 1718 500 1775 Dominus
526 1717 702 1773 faciet
738 1722 933 1773 tecum
964 1718 1433 1775 misericordiam
1456 1723 1511 1774 et
1539 1717 1864 1785 veritatem,
1909 1738 1949 1792 Β
1978 1720 2281 1776 Remansit
2320 1720 2381 1774 iu
2428 1717 2814 1785 Hierusalem,
2858 1717 3062 1772 dicens
3094 1734 3110 1771 :
3142 1716 3325 1772 Hodie
3361 1714 3628 1771 restituet

204 1808 352 1878 quia
367 1805 685 1862 ostendisti
703 1806 955 1875 gratiam
975 1813 1030 1862 et
1046 1806 1253 1862 ﬁdem.
1280 1809 1346 1863 Et
1363 1806 1671 1880 respondit
1700 1807 1866 1863 Ethai

208 1895 354 1964 regi,
384 1895 589 1950 dicens
617 1912 630 1948 :
660 1893 1136 1963 VivitDominus,
1166 1896 1372 1951 etvivit
1395 1896 1676 1952 dominus
1696 1912 1867 1952 meus

202 1999 307 2040 rex
342 2001 357 2039 :
388 1983 671 2054 quoniam
686 1982 748 2038 in
763 1999 1147 2056 quocumque
1166 1984 1299 2041 loco
1319 1984 1503 2041 fueris
1523 1985 1765 2040 domine
1784 1984 1866 2041 mi

199 2088 326 2140 rex,
356 2071 484 2126 sive
513 2070 576 2125 in
598 2078 808 2137 morte,
842 2071 961 2127 sive
988 2071 1049 2127 in
1072 2072 1213 2139 vita,
1239 2072 1322 2128 ibi
1345 2072 1452 2128 erit
1471 2088 1677 2128 servus
1704 2080 1860 2129 tuus.

200 2162 261 2215 Et
309 2159 396 2215 ait
432 2158 625 2214 David
683 2159 849 2215 Ethai
883 2177 896 2215 :
928 2159 1095 2230 Veni,
1144 2164 1201 2216 et
1248 2160 1454 2216 transi.
1501 2163 1563 2215 Et
1600 2161 1866 2216 transivit

200 2248 374 2305 Ethai
405 2249 703 2314 Gethaeus,
735 2256 790 2304 et
813 2264 938 2317 rex,
968 2254 1025 2305 et
1064 2264 1275 2306 omnes
1303 2249 1432 2316 viri,
1466 2250 1569 2322 qui
1626 2266 1763 2305 cum
1795 2266 1864 2306 eo

201 2344 393 2403 erant,
418 2345 476 2392 et
496 2337 727 2409 reliqua
751 2337 1090 2394 multitudo.
1116 2340 1460 2411 Omnesque
1475 2337 1702 2394 ﬂebant
1719 2354 1865 2394 voce

201 2440 458 2493 magna,
500 2428 555 2479 et
587 2423 902 2479 universus
932 2423 1196 2496 populus
1226 2424 1521 2482 transibat
1551 2442 1561 2480 :
1596 2441 1699 2481 rex
1724 2440 1866 2481 vero

201 2512 1098 2584 transgrediebaturtorrentem
1124 2515 1375 2579 Cedron,
1409 2519 1465 2570 et
1491 2519 1741 2570 cunctus
1764 2529 1866 2585 po-

202 2603 387 2676 pulus
404 2601 724 2658 incedebat
749 2608 961 2659 contra
982 2603 1139 2658 viam
1172 2603 1362 2669 olives,
1382 2619 1516 2675 quae
1532 2603 1770 2675 respicit
1788 2604 1865 2658 ad

203 2693 540 2750 desertum.
564 2692 728 2748 Venit
754 2696 955 2748 autem
984 2692 1175 2750 Sadoc
1204 2693 1503 2759 sacerdos,
1529 2697 1584 2748 et
1604 2692 1866 2748 universi

206 2784 426 2839 Levitis
456 2797 597 2837 cum
614 2796 705 2847 eo,
734 2785 1037 2853 portantes
1055 2796 1250 2838 arcam
1281 2781 1521 2837 foederis
1549 2780 1670 2849 Dei,
1691 2784 1749 2837 et
1768 2780 1865 2837 de-

203 2878 762 2944 posueruntarcam
794 2870 895 2925 Dei
926 2887 942 2925 :
975 2874 1030 2926 et
1062 2870 1642 2935 ascenditAbiathar,
1674 2869 1865 2926 donec

204 2960 485 3035 expletus
505 2964 663 3016 esset
681 2959 877 3015 omnis
893 2959 1282 3032 populus,qui
1301 2974 1574 3030 egressus
1586 2958 1777 3015 fuerat
1792 2959 1866 3014 de

205 3052 467 3107 civitate.
498 3051 565 3105 Et
587 3048 729 3105 dixit
756 3064 861 3105 rex
885 3048 962 3104 ad
989 3048 1181 3106 Sadoc
1214 3065 1225 3103 :
1257 3052 1512 3122 Reporta
1533 3064 1733 3105 arcam
1763 3048 1865 3104 Dei

203 3141 265 3197 in
283 3140 505 3196 urbem
540 3158 553 3192 :
581 3140 630 3195 si
652 3139 932 3195 invenero
951 3138 1203 3208 gratiam
1225 3138 1285 3194 in
1302 3138 1489 3195 oculis
1513 3137 1758 3203 Domini,
1782 3154 1867 3194 re-

204 3230 389 3286 ducet
417 3244 541 3296 me,
570 3227 914 3284 etostendet
946 3227 1095 3283 mihi
1129 3244 1283 3292 eam,
1323 3232 1380 3284 et
1412 3226 1866 3284 tabernaculum

206 3334 414 3375 suum.
450 3318 509 3375 Si
534 3322 735 3372 autem
757 3316 971 3373 dixerit
989 3316 1138 3372 mihi
1174 3338 1185 3370 :
1227 3320 1353 3373 Non
1379 3316 1579 3388 places
1611 3320 1867 3388 :praesto

206 3423 370 3477 sum,
403 3406 586 3462 faciat
611 3406 773 3478 quod
796 3405 1025 3461 bonum
1058 3410 1148 3462 est
1172 3421 1374 3462 coram
1408 3422 1488 3461 se.
1518 3408 1584 3461 Et
1604 3405 1867 3461 dixitrex

206 3495 284 3553 ad
309 3494 513 3553 Sadoc
532 3492 903 3551 sacerdotem
939 3510 949 3547 :
981 3494 1024 3550 Ο
1044 3493 1250 3549 videns
1270 3498 1559 3550 revertere
1578 3494 1638 3549 in
1668 3492 1867 3549 civita-

204 3592 325 3640 tem
356 3585 422 3640 in
452 3598 602 3655 pace
631 3599 642 3637 :
677 3588 735 3639 et
765 3582 1078 3639 Achimaas
1102 3580 1259 3637 ﬁlius
1307 3586 1464 3650 tuus,
1504 3586 1560 3638 et
1586 3583 1868 3638 Jonathas

207 3672 367 3729 ﬁlius
389 3671 703 3743 Abiathar,
732 3671 855 3727 duo
876 3671 981 3727 ﬁlii
1005 3670 1206 3737 vestri,
1238 3670 1703 3728 sintvobiscum.
1724 3674 1869 3727 Ecce

209 3778 326 3833 ego
359 3760 706 3818 abscondar
728 3760 789 3816 iu
818 3758 1248 3833 compestribus
1273 3759 1510 3826 deserti,
1543 3760 1733 3816 donec
1770 3774 1868 3815 ve-

203 3854 334 3910 niat
367 3866 572 3907 sermo
603 3866 639 3906 a
676 3850 844 3907 vobis
870 3850 1142 3905 indicans
1191 3849 1359 3905 mihi.
1403 3852 1873 3921 Reportaveruut

205 3957 356 4011 ergo
390 3940 589 3996 Sadoc
619 3945 676 3996 et
695 3940 981 3995 Abiathar
1000 3954 1203 3995 arcam
1231 3938 1332 3993 Dei
1362 3938 1419 3993 in
1456 3936 1821 3993 Hierusalem
1855 3954 1866 3990 :

206 4037 269 4087 et
302 4028 770 4085 manseruntibi.
800 4032 979 4084 Porro
1009 4027 1197 4084 David
1242 4026 1610 4083 ascendebat
1650 4026 1871 4081 clivum

214 4118 540 4185 olivarum,
567 4117 862 4173 scandens
893 4121 948 4173 et
986 4115 1158 4183 ﬂens,
1202 4115 1383 4170 nudis
1421 4113 1679 4186 pedibus
1718 4114 1873 4170 ince-

215 4206 399 4273 dens,
428 4213 480 4263 et
500 4214 706 4280 operto
758 4206 949 4279 capite
980 4222 990 4261 :
1025 4205 1129 4260 sed
1160 4212 1215 4260 et
1235 4203 1432 4259 omnis
1454 4204 1739 4275 populus,
1770 4204 1874 4276 qui

210 4300 351 4352 erat
396 4311 532 4350 cum
581 4310 673 4361 eo,
723 4301 929 4366 operto
964 4295 1150 4365 capite
1210 4291 1571 4348 ascendebat
1606 4292 1870 4363 plorans.

207 4384 580 4443 Nunciatum
599 4388 691 4439 est
711 4388 912 4438 autem
943 4381 1151 4446 David,
1172 4380 1337 4452 quod
1360 4380 1700 4451 Achitophel
1722 4385 1875 4437 esset

205 4477 271 4531 in
290 4471 717 4545 conjuratione
740 4487 874 4527 cum
894 4469 1474 4541 Absalom.Dixitque
1488 4470 1704 4525 David:
1728 4471 1875 4527 Infa-

209 4570 342 4630 tua,
384 4578 621 4635 quaeso,
654 4562 901 4617 Domine
932 4558 1243 4615 consilium
1278 4559 1650 4631 Achitophel.
1705 4563 1877 4617 Cum-

206 4669 337 4726 que
370 4650 719 4707 ascenderet
745 4649 935 4706 David
964 4647 1370 4703 summitatem
1402 4649 1641 4714 montis,
1673 4649 1734 4705 in
1754 4667 1875 4722 quo

207 4741 584 4799 adoraturus
605 4743 727 4794 erat
757 4738 1101 4805 Dominum,
1132 4751 1267 4791 ecce
1294 4736 1545 4791 occurrit
1574 4737 1625 4792 ei
1658 4738 1875 4795 Chusai

210 4829 554 4893 Arachites,
606 4827 791 4883 scissa
840 4831 1019 4892 veste,
1068 4831 1124 4881 et
1151 4830 1305 4881 terra
1338 4825 1514 4897 pleno
1551 4826 1766 4898 capite.
1812 4830 1877 4883 Et

219 4919 368 4976 dixit
402 4918 455 4973 ei
487 4916 674 4973 David
703 4931 715 4970 :
752 4916 808 4973 Si
840 4915 1066 4970 veneris
1093 4929 1353 4978 mecum,
1376 4915 1490 4969 eris
1522 4915 1665 4970 mihi
1689 4917 1873 4983 oneri,

221 5010 275 5064 si
309 5014 519 5064 autem
549 5004 613 5061 in
638 5006 933 5061 civitatem
956 5003 1292 5072 revertaris,
1340 5009 1396 5059 et
1429 5003 1645 5059 dixeris
1690 5005 1877 5061 Absa-

218 5096 342 5154 lom
381 5114 393 5152 :
440 5098 657 5152 Servus
696 5099 831 5149 tuus
890 5110 1045 5160 sum,
1086 5110 1231 5149 rex:
1269 5096 1462 5163 patere
1501 5108 1587 5147 me
1636 5093 1875 5149 vivere:

219 5187 377 5243 sicut
402 5186 487 5241 fui
514 5200 722 5240 servus
753 5183 935 5255 patris
954 5184 1056 5255 tui,
1079 5183 1159 5239 sic
1181 5198 1283 5238 ero
1312 5198 1515 5237 servus
1548 5185 1681 5237 tuus
1714 5204 1727 5238 :
1756 5183 1880 5239 dis-

219 5275 454 5349 sipabis
480 5272 801 5330 consilium
829 5272 1195 5345 Achitophel.
1230 5271 1420 5327 Habes
1452 5278 1651 5327 autem
1685 5276 1878 5328 tecum

217 5365 414 5421 Sadoc
460 5368 518 5419 et
560 5360 845 5418 Abiathar
896 5360 1280 5418 sacerdotes:
1314 5364 1371 5416 et
1399 5376 1579 5416 omne
1626 5359 1879 5416 verbum

216 5455 647 5529 quodcumque
658 5450 915 5511 audieris
927 5452 989 5507 in
1001 5451 1174 5508 domo
1186 5449 1364 5520 regis,
1383 5448 1673 5505 iudicabis
1689 5449 1880 5507 Sadoc

217 5552 272 5604 et
292 5543 595 5603 Abiathar
613 5539 1043 5599 sacerdotibus.
1071 5542 1217 5598 Sunt
1233 5539 1395 5596 enim
1410 5554 1548 5599 cum
1571 5539 1655 5596 eis
1675 5538 1796 5599 duo
1813 5539 1880 5596 ﬁ-

1977 1809 2121 1865 mihi
2160 1808 2376 1864 domus
2408 1806 2587 1862 Israel
2620 1822 2875 1876 regnum
2905 1805 3091 1877 patris
3137 1804 3274 1859 mei.
3326 1805 3391 1858 Et
3420 1802 3500 1858 ait
3528 1817 3625 1857 rex

1979 1896 2130 1956 Siba:
2163 1915 2175 1953 :
2217 1899 2339 1951 Tua
2370 1894 2489 1950 sint
2512 1894 2718 1950 omnia
2756 1910 2893 1964 quae
2932 1893 3171 1949 fuerunt
3209 1889 3622 1963 Miphiboseth.

1974 1985 2244 2056 Dixitque
2265 1984 2433 2040 Siba:
2454 1983 2723 2054 Oro,ut3
2738 1983 2842 2053 1'7
2863 1982 3165 2038 inveniam
3184 1980 3438 2051 gratiam
3458 1977 3623 2049 apud

1973 2072 2294 2139 te,domiue
2311 2071 2394 2127 mi
2413 2087 2535 2127 rex.
2556 2071 2721 2127 Venit
2740 2085 2882 2139 ergo
2899 2085 3000 2125 rex
3023 2068 3205 2125 David
3220 2082 3411 2140 usque
3431 2066 3621 2120 Bahu-

1970 2163 2086 2219 rim
2115 2179 2132 2217 :
2168 2166 2223 2217 et
2261 2176 2395 2217 ecce
2422 2159 2836 2231 egrediebatur
2864 2158 3003 2213 inde
3032 2158 3119 2213 vir
3157 2157 3231 2212 de
3265 2153 3623 2224 cognatione

1973 2251 2190 2307 domus
2221 2250 2381 2315 Saul,
2423 2248 2669 2305 nomine
2714 2248 2926 2313 Semei,
2961 2246 3123 2302 ﬁlius
3157 2248 3306 2303 Gera
3337 2242 3621 2316 procede-

1972 2340 2194 2412 batque
2211 2338 2544 2410 egrediens,
2560 2341 2615 2394 et
2629 2335 3047 2403 maledicebat,
3067 2334 3458 2404 mittebatque
3478 2330 3623 2403 lapi-

1974 2429 2079 2486 des
2107 2433 2313 2485 contra
2342 2426 2550 2497 David,
2594 2430 2651 2483 et
2669 2430 2877 2483 contra
2905 2426 3214 2481 universos
3244 2436 3444 2477 servos
3463 2419 3620 2491 regis

1975 2518 2161 2576 David
2181 2535 2194 2573 :
2211 2516 2407 2573 omnis
2425 2521 2625 2572 autem
2644 2513 2927 2586 populus,
2943 2518 3000 2568 et
3014 2509 3621 2575 universibellatores,

1977 2606 2232 2663 adextro
2255 2609 2311 2660 et
2337 2620 2373 2659 a
2390 2603 2627 2658 sinistro
2649 2601 2997 2669 latereregis
3014 2598 3390 2656 incedebant.
3423 2598 3508 2652 Ita
3523 2611 3627 2651 au-

1974 2700 2092 2751 tem
2114 2692 2472 2766 loquebatur
2497 2690 2687 2748 Semei
2704 2704 2843 2744 cum
2866 2688 3245 2743 malediceret
3261 2686 3381 2754 regi
3408 2702 3421 2740 :
3459 2688 3627 2753 Egre-

1975 2784 2135 2852 dere,
2163 2781 2441 2852 egredere
2468 2779 2555 2835 vir
2574 2777 2961 2847 sanguinum,
2981 2781 3039 2832 et
3060 2776 3150 2829 vir
3176 2772 3377 2829 Belial.
3414 2771 3623 2827 Reddi-

1975 2870 2178 2926 dittibi
2197 2868 2474 2925 Dominus
2491 2866 2827 2922 universum
2840 2863 3191 2933 sanguinem
3203 2861 3411 2916 domus
3437 2857 3576 2915 Saul
3607 2875 3620 2913 :

1975 2958 2261 3032 quoniam
2278 2955 2549 3012 iuvasisti
2572 2969 2825 3024 regnum
2844 2967 2953 3023 pro
2967 2967 3054 3017 eo,
3076 2955 3132 3006 et
3152 2948 3316 3004 dedit
3333 2946 3621 3003 Dominus

1974 3063 2227 3118 regnum
2244 3045 2305 3101 in
2329 3060 2513 3100 manu
2532 3041 2816 3098 Absalom
2832 3040 2935 3095 ﬁlii
2954 3039 3037 3096 tui
3069 3056 3080 3093 :
3106 3042 3164 3094 et
3184 3052 3317 3093 ecce
3341 3037 3625 3107 premunt

1976 3146 2028 3193 te
2058 3136 2221 3193 mala
2250 3140 2372 3203 tua,
2393 3132 2681 3205 quoniam
2715 3130 2805 3185 vir
2830 3128 3193 3199 sanguinum
3225 3142 3307 3181 es.
3340 3124 3496 3179 Dixit
3520 3138 3624 3178 au-

1976 3232 2095 3283 tem
2115 3223 2316 3281 Abisai
2336 3222 2491 3278 ﬁlius
2512 3220 2725 3278 Serviaa
2742 3220 2867 3290 regi
2890 3236 2902 3273 :
2925 3223 3117 3283 Quare
3137 3213 3435 3270 maledicit
3452 3210 3626 3266 canis

1975 3316 2069 3371 hic
2103 3313 2424 3369 moriturus
2441 3309 2692 3365 domino
2720 3324 2855 3362 meo
2869 3306 2993 3375 regi
3014 3306 3041 3359 ?
3062 3302 3305 3365 vadam,
3335 3305 3391 3355 et
3416 3315 3630 3369 ampu-

1975 3403 2117 3461 tabo
2148 3405 2329 3473 caput
2354 3399 2503 3469 ejus.
2528 3400 2593 3452 Et
2618 3396 2698 3452 ait
2726 3410 2830 3451 rex
2863 3411 2875 3449 :
2903 3392 3053 3458 Quid
3084 3390 3227 3445 mihi
3260 3392 3315 3443 et
3340 3386 3514 3442 vobis
3543 3391 3629 3442 est

1976 3491 2079 3548 ﬁlii
2096 3490 2316 3546 Sarviae
2339 3488 2367 3542 ‘2
2387 3485 2660 3542 dimittite
2681 3499 2841 3549 eum,
2874 3485 2937 3536 ut
2954 3478 3272 3535 maledicat
3304 3492 3316 3530 :
3338 3473 3627 3530 Dominus

1977 3580 2133 3637 enim
2167 3576 2449 3651 praecepit
2474 3574 2526 3629 ei
2547 3570 3007 3630 utmalediceret
3034 3565 3225 3624 David
3250 3584 3262 3618 :
3296 3567 3349 3620 et
3375 3562 3511 3635 quis
3541 3565 3630 3651 est

1977 3669 2080 3741 qui
2111 3649 2330 3724 audeat
2348 3664 2561 3728 dicere,
2594 3676 2781 3734 quare
2813 3659 2894 3714 sic
2923 3656 3164 3713 fecerit?
3190 3653 3350 3709 Etait
3372 3667 3472 3707 rex
3497 3649 3628 3741 Abi:

1979 3737 2084 3822 sai,
2123 3761 2179 3812 et
2209 3751 2499 3811 universis
2525 3750 2711 3807 servis
2733 3750 2857 3804 suis
2898 3767 2910 3806 :
2944 3749 3089 3802 Ecce
3124 3743 3281 3799 ﬁlius
3308 3756 3496 3810 meus,
3523 3737 3628 3811 qui

1980 3862 2257 3917 egressus
2278 3848 2363 3899 est
2388 3842 2463 3897 de
2493 3846 2657 3896 utero
2686 3854 2834 3904 meo,
2867 3835 3082 3909 quaerit
3097 3833 3363 3889 animam
3388 3843 3581 3885 meam
3607 3842 3619 3881 :

1979 3915 2208 4008 quanto
2235 3930 2428 4001 magis
2443 3929 2539 3984 hic
2559 3928 2715 3983 ﬁlius
2744 3925 2955 3983 Jemini
2975 3921 3287 3979 maledicet
3322 3917 3466 3974 mihi
3534 3915 3626 4008 di-

1981 4004 2189 4080 mittite
2209 4036 2367 4087 eum,
2385 4023 2450 4074 ut
2466 4016 2783 4073 maledicat
2792 4015 2963 4087 juxta
2974 4013 3339 4084 praeceptum
3354 4004 3587 4061 Domini
3612 4023 3625 4062 :

1984 4111 2035 4168 si
2060 4111 2206 4167 forte
2235 4107 2512 4180 respiciat
2540 4105 2827 4161 Dominus
2868 4101 3255 4159 afﬂictionem
3294 4111 3492 4152 meam
3523 4110 3540 4147 :
3575 4096 3632 4148 et

1982 4200 2194 4257 reddat
2217 4197 2361 4253 mihi
2389 4196 2677 4252 Dominus
2699 4194 2929 4249 bonum
2950 4206 3060 4262 pro
3077 4186 3494 4245 maledictione
3515 4182 3629 4239 hac

1982 4290 2292 4346 hodierna.
2312 4284 2672 4342 Ambulabat
2692 4284 2894 4355 itaque
2918 4279 3105 4336 David
3127 4282 3184 4334 et
3200 4276 3345 4332 socii
3374 4274 3499 4345 ejus
3520 4288 3627 4346 per

1984 4378 2143 4434 viam
2167 4393 2301 4433 cum
2331 4392 2419 4431 eo.
2457 4372 2649 4431 Semei
2688 4379 2907 4435 autem,
2935 4384 3043 4440 per
3061 4368 3275 4439 jugum
3306 4363 3527 4420 montis
3556 4378 3629 4418 ex

1986 4467 2185 4533 latere,
2243 4469 2449 4521 contra
2492 4461 2658 4517 illum
2711 4457 3114 4530 gradiebatur,
3155 4453 3542 4516 maledicens,
3576 4454 3632 4505 et

1986 4555 2226 4610 mittens
2241 4551 2470 4625 lapides
2483 4550 2797 4605 adversum
2808 4563 2956 4609 eum,
2975 4552 3298 4614 terramque
3318 4553 3628 4612 spargens.

1988 4645 2156 4700 Venit
2176 4645 2375 4715 itaque
2395 4657 2496 4696 rex
2514 4638 2724 4707 David,
2741 4645 2795 4692 et
2818 4636 3125 4690 universus
3137 4629 3395 4704 populus
3407 4642 3545 4680 cum
3558 4639 3628 4679 eo

1982 4734 2193 4799 lassus,
2209 4730 2580 4787 etrefocillati
2598 4734 2734 4783 sunt
2762 4725 2864 4781 ibi.
2883 4722 3171 4779 Absalom
3193 4724 3385 4774 autem
3411 4718 3467 4769 et
3500 4728 3627 4768 om-

1984 4824 2076 4879 nis
2106 4820 2366 4895 populus
2393 4820 2524 4889 ejus
2562 4814 2813 4885 ingressi
2850 4816 2988 4869 sunt
3010 4805 3397 4869 Hierusalem,
3433 4800 3542 4857 sed
3573 4805 3631 4857 et

1986 4909 2335 4983 Achitophel
2356 4922 2609 4982 cum.eo.
2649 4916 2718 4974 Βι.
2759 4904 2967 4958 Amen.

2057 5003 2354 5070 Hymnus.
2388 4996 2581 5053 Noctis
2624 5000 2873 5064 tempus,
2906 4990 3015 5059 fol.
3050 4990 3174 5041 257.

2060 5089 2368 5157 Capitula.
2394 5083 2635 5140 Intende
2676 5087 2731 5136 et
2761 5077 2977 5136 exaudi
3010 5092 3120 5132 nos
3160 5074 3447 5140 Domine;
3478 5086 3633 5143 quos

1988 5172 2549 5234 frendentisinimici
2572 5166 2900 5227 adversitas
2916 5166 3235 5223 conturbat
3259 5181 3271 5229 ;
3293 5169 3347 5218 et
3362 5159 3630 5217 contritio

1989 5263 2400 5340 persequentis
2431 5261 2690 5330 exagitat
2725 5276 2737 5315 :
2770 5262 2853 5324 ut,
2884 5257 3032 5313 dum
3063 5253 3253 5311 cernis
3302 5254 3530 5305 mentes
3571 5246 3633 5301 in

1989 5335 2100 5412 nos
2125 5335 2411 5410 desaevire
2436 5349 2703 5416 rebelles,
2727 5345 3143 5418 magnanimes
3172 5356 3283 5398 nos
3314 5335 3559 5402 efﬁcias,
3579 5340 3637 5393 et

1988 5444 2209 5502 invicta
2227 5442 2445 5498 virtute
2484 5440 2820 5509 succingas.

2060 5537 2226 5593 Pater
2249 5536 2472 5591 noster.
