4094 6164
510 219 615 281 539

1764 236 2220 302 BHEVIARIUM
2257 237 2647 297 GOTHICUM.

3771 253 3857 311 5&0

585 357 816 414 Lauda.
845 357 976 414 Feci
996 357 1294 431 judicium
1325 364 1382 418 et
1405 362 1714 432 justitiam,
1755 363 2003 418 Domine
2040 379 2050 417 :
2084 377 2157 418 ne
2186 361 2235 424 Α
2264 363 2455 419 virum
2485 369 2549 420 tu
2574 365 2790 436 quaeris
2822 383 2834 420 :
2867 369 2924 422 et
2946 368 3142 422 omnis
3177 367 3432 440 populus
3468 371 3572 426 erit
3599 372 3656 427 in
3709 391 3851 445 pace.

513 445 714 504 tradas
751 465 849 504 me
873 450 1372 522 persequentibus
1397 467 1518 509 me.
1560 453 1622 512 Ῡ.
1658 453 1870 524 Excipe
1916 467 2154 507 servum

510 541 684 593 tuum
714 539 775 593 in
799 539 960 595 bono
999 557 1011 594 :
1053 544 1118 595 ut
1144 556 1266 596 non
1293 540 1734 597 calumnientur
1764 557 1860 596 me
1893 541 2154 612 superbi.

589 626 812 684 Oratio.
835 628 1132 684 iudicium
1159 634 1214 686 et
1224 630 1511 700 justitiam
1533 631 1682 686 doce
1703 646 1813 685 nos
1833 630 2024 686 facere
2053 632 2160 684 Do-

514 716 710 785 mine;
736 716 990 790 qualiter
1038 718 1349 774 valeamus
1388 719 1783 790 superborum
1826 719 2157 775 calumnias

516 805 868 860 conculcare
898 823 910 862 :
939 806 1138 878 excipe
1165 822 1364 862 servos
1391 812 1524 862 tuos
1550 807 1612 862 in
1641 807 1826 871 bono,
1857 807 2000 880 quia
2031 823 2158 879 spe-

514 897 650 949 rant
669 893 729 948 in
744 894 1000 950 salutare
1025 900 1194 950 tuum
1228 913 1239 950 :
1269 911 1648 968 quorumque
1670 896 1978 952 interiores
2001 898 2157 951 oculi

517 982 727 1037 Christi
757 983 842 1037 tui
872 988 1184 1054 expectant
1220 999 1493 1052 regnum,
1521 985 1632 1039 hos
1667 988 1898 1055 partem
1935 984 2156 1041 habere

518 1068 691 1126 facito
717 1069 777 1124 in
804 1071 1100 1126 consortio
1132 1072 1480 1128 Electorum.
1511 1083 1576 1143 Ir.
1617 1075 1830 1128 Amen.
1862 1073 1988 1128 l’er.

1135 1161 1234 1215 Ad
1262 1162 1541 1217 Tertiam.

620 1248 812 1304 Lectio
841 1249 983 1304 libri
1005 1248 1359 1306 Ecclesiaste:
1377 1250 1710 1306 Salomonis
1729 1250 1906 1320 (Cap.
1927 1251 2048 1320 vn).

587 1348 650 1406 ἢ.
692 1339 812 1392 Deo
843 1338 1086 1406 gratias.

588 1425 713 1490 Fili,
733 1425 1025 1496 sapientia
1037 1425 1384 1481 confortavit
1402 1426 1734 1499 sapientem
1753 1443 1930 1499 super
1951 1427 2159 1483 decem

512 1514 813 1586 principes
833 1514 1105 1569 civitatis.
1145 1518 1274 1570 Non
1304 1521 1391 1571 est
1419 1517 1574 1570 enim
1623 1517 1808 1572 homo
1854 1518 2048 1586 justus
2098 1517 2159 1571 in

515 1607 691 1671 terra,
719 1602 824 1674 qui
862 1602 1037 1658 faciat
1067 1603 1318 1670 bonum,
1369 1609 1426 1660 et
1483 1620 1607 1660 non
1654 1611 1875 1677 peccet.
1943 1605 2057 1661 Sed
2107 1610 2162 1660 et

2267 453 2606 525 Placuitque
2637 471 2832 510 sermo
2857 456 2986 526 ejus
3013 456 3316 522 Absalom,
3348 463 3400 513 et
3419 462 3640 516 cunctis
3661 465 3868 533 majori-

2263 541 2380 596 bus
2408 550 2553 598 natu
2580 543 2772 600 Israel.
2795 545 2885 600 Ait
2905 549 3105 600 autem
3135 545 3422 602 Absalom
3454 563 3466 602 :
3496 550 3698 606 Vocate
3712 552 3865 609 Chusi

2266 633 2598 697 Arachiten,
2619 637 2675 688 et
2693 631 3011 688 audiamus
3030 633 3175 705 quid
3195 634 3371 690 etiam
3389 635 3515 707 ipse
3532 636 3697 692 dicat.
3719 639 3867 696 Cum-

2266 737 2384 794 que
2415 721 2668 777 venisset
2697 721 2872 776 Chusi
2901 721 2981 776 ad
3011 721 3316 787 Absalom,
3365 725 3446 779 ait
3491 724 3758 782 Absalom
3799 729 3864 784 ad

2267 827 2406 866 eum
2438 828 2450 864 :
2485 811 2836 881 Hujusmodi
2881 825 3217 866 sermonem
3261 811 3492 868 locutus
3538 817 3626 869 est
3657 816 3866 872 Achito-

2266 899 2423 970 phel:
2447 898 2640 954 facere
2668 899 2960 955 debemus
2971 914 3047 955 an
3061 914 3183 954 non
3199 900 3409 971 ?,’quod
3421 901 3528 956 das
3545 902 3866 960 consilium?

2267 988 2335 1043 Et
2369 987 2514 1043 dixit
2543 988 2718 1042 Chusi
2747 988 2825 1042 ad
2849 987 3156 1043 Absalom.
3186 991 3314 1044 Non
3343 993 3428 1044 est
3455 989 3678 1045 bonum
3701 993 3866 1047 consi-

2267 1077 2414 1132 lium
2440 1076 2604 1147 quod
2630 1076 2790 1131 dedit
2807 1076 3151 1147 Achitophel
3173 1077 3286 1132 hac
3303 1077 3450 1132 vice.
3481 1080 3546 1133 Et
3563 1080 3869 1135 rursumin-

2267 1163 2400 1220 tulit
2441 1164 2616 1220 Chusi
2646 1182 2658 1219 :
2692 1167 2776 1220 Tu
2822 1165 2978 1219 nosti
3009 1171 3240 1235 patrem
3287 1169 3478 1236 tuum,
3510 1170 3566 1222 et
3602 1167 3748 1222 viros
3784 1168 3868 1240 qui

2269 1270 2407 1308 cum
2438 1269 2508 1308 eo
2535 1258 2691 1321 sunt,
2718 1269 2848 1308 esse
2867 1251 3221 1308 fortissimos
3241 1258 3298 1308 et
3323 1267 3531 1309 amaro
3562 1255 3769 1321 animo,
3794 1273 3870 1311 ve-

2267 1340 2374 1396 luti
2399 1343 2446 1395 si
2472 1357 2612 1396 ursa
2652 1341 2837 1412 raptis
2894 1340 3104 1396 catulis
3133 1340 3194 1396 in
3233 1340 3385 1396 saltu
3430 1341 3667 1398 saeviat:
3699 1343 3790 1398 sed
3825 1349 3871 1401 et

2268 1435 2436 1502 pater
2475 1435 2608 1485 tuus
2636 1429 2722 1485 vir
2751 1429 2995 1484 bellator
3014 1433 3122 1494 est,
3147 1445 3258 1484 nec
3281 1429 3611 1486 morabitur
3637 1446 3759 1486 cum
3784 1447 3871 1504 po-

2270 1519 2438 1592 pulo.
2486 1519 2754 1574 Forsitan
2783 1531 2947 1575 nunc
2997 1517 3186 1574 latitat
3222 1518 3283 1574 in
3312 1518 3519 1582 foveis,
3547 1523 3645 1573 aut
3670 1519 3720 1574 in
3747 1535 3865 1588 uno,

2269 1622 2391 1677 quo
2417 1605 2818 1662 volueritloco
2851 1625 2863 1661 :
2901 1609 3117 1661 etcum
3156 1605 3435 1661 ceciderit
3483 1621 3634 1660 unus
3660 1606 3869 1677 quilibet

513 1692 742 1745 cunctis
767 1691 1167 1757 sermonibus,
1191 1693 1287 1763 qui
1315 1691 1612 1756 dicuntur,
1638 1709 1710 1748 ne
1737 1693 2158 1749 accommodes
2190 1704 2235 1760 Β
2270 1695 2329 1752 in
2367 1695 2680 1766 principio,
2713 1694 2910 1750 audiet
2933 1694 3299 1767 quicumque
3321 1693 3593 1758 audierit,
3620 1701 3672 1748 et
3697 1694 3830 1750 dicet
3855 1707 3868 1748 :

513 1793 616 1834 cor
637 1783 797 1834 tuum
827 1797 839 1833 :
873 1795 948 1833 ne
979 1778 1127 1835 forte
1158 1779 1371 1834 audias
1427 1797 1664 1836 servum
1703 1782 2155 1839 maledicentem

513 1867 621 1923 tibi
652 1885 668 1921 :
707 1868 814 1922 scit
843 1868 1003 1923 enim
1033 1869 1395 1925 conscientia
1435 1874 1557 1935 tua,
1587 1871 1729 1942 quia
1760 1878 1814 1926 et
1853 1877 1913 1928 tu
1951 1873 2161 1928 crebro

513 1954 877 2011 maledixisti
901 1956 1052 2011 aliis.
1075 1957 1381 2013 Calumnia
1396 1959 1712 2014 conturbat
1738 1959 2090 2030 sapientem,
2106 1963 2162 2014 et

512 2042 722 2114 perdet
748 2042 932 2098 robur
961 2045 1153 2099 cordis
1172 2044 1352 2101 illius.
1381 2047 1826 2102 Meliorestﬁnis
1854 2047 2157 2113 orationis,

513 2147 700 2204 quam
731 2131 1116 2202 principium.
1177 2136 1256 2188 Ne
1281 2135 1454 2190 velox
1495 2135 1575 2189 sis
1607 2136 1683 2190 ad
1721 2136 2099 2190 irascendum
2142 2151 2158 2194 ε

513 2220 657 2292 quia
687 2219 776 2276 ira
799 2220 860 2274 in
891 2220 1023 2276 sinu
1081 2221 1240 2276 stulti
1283 2223 1619 2294 requiescit.
1653 2227 1732 2279 Ne
1766 2224 1930 2279 dicas
1964 2242 1977 2278 :
2010 2225 2161 2288 Quid

514 2314 691 2380 putas
703 2324 899 2364 causa:
913 2315 1018 2375 est,
1035 2310 1200 2381 quod
1217 2311 1415 2381 priora
1437 2317 1706 2382 tempora
1731 2313 1976 2368 meliora
1997 2313 2160 2368 fuere

515 2413 701 2468 quam
722 2412 883 2453 nunc
901 2399 1083 2453 sunt?
1109 2398 1285 2455 stulta
1301 2405 1387 2454 est
1402 2399 1817 2470 hujuscemodi
1836 2401 2162 2469 interroga-

515 2487 616 2542 tio.
653 2486 854 2542 Utilior
871 2490 959 2542 est
990 2487 1279 2559 sapientia
1296 2504 1431 2543 cum
1458 2488 1699 2555 divitiis,
1735 2493 1997 2558 etmagis
2028 2506 2163 2560 pro-

516 2573 649 2628 dest
673 2573 1016 2630 videntibus
1032 2574 1240 2629 solem.
1273 2577 1604 2632 Sicutenim
1637 2581 1904 2648 proteget
1931 2577 2163 2647 sapien-

516 2663 618 2728 tia,
640 2663 724 2718 sic
756 2668 812 2719 et
840 2666 1119 2734 pecunia.
1167 2665 1492 2720 Considera
1512 2681 1694 2737 Opera
1726 2666 1845 2729 Dei,
1871 2668 2036 2738 quod
2058 2683 2162 2722 ne-

515 2766 618 2807 mo
648 2751 836 2823 possit
865 2753 1158 2822 corrigere
1183 2769 1364 2825 quem
1416 2753 1511 2809 ille
1564 2754 1917 2826 despexerit.
1965 2758 2029 2810 In
2066 2756 2163 2814 die

513 2839 678 2896 bona
712 2840 904 2897 fruere
934 2842 1130 2897 bonis.
1165 2853 1234 2911 11v.
1274 2844 1482 2896 Amen.

645 2933 843 2986 Lectio
871 2931 1014 2986 libri
1041 2934 1332 2988 Samuelis
1357 2934 1450 3004 (ΙΙ
1471 2935 1694 3003 Regum
1728 2949 1858 3004 cap.
1890 2937 2034 3005 xvr).

585 3029 652 3086 R.
682 3017 801 3072 Deo
831 3019 1073 3086 gratias.

588 3105 651 3159 ln
680 3104 791 3160 illis
830 3106 1042 3162 diebus
1085 3124 1096 3162 :
1142 3110 1284 3163 Cum
1335 3110 1598 3166 venisset
1636 3111 1813 3167 Chusi
1861 3113 2165 3168 Arachites

523 3193 752 3248 amicus
782 3194 970 3250 David
997 3194 1078 3250 ad
1129 3195 1438 3263 Absalom,
1470 3197 1702 3254 locutus
1733 3204 1820 3255 est
1858 3200 1935 3255 ad
1976 3217 2114 3256 eum
2148 3219 2162 3257 :

525 3280 693 3337 Salve
722 3297 845 3338 rex.
885 3283 974 3338 Ad
1021 3300 1205 3356 quem
1261 3285 1558 3352 Absalom,
1623 3289 1757 3344 Haec
1805 3295 1913 3356 est,
1954 3289 2162 3361 inquit,

523 3372 715 3441 gratia
735 3378 836 3428 tua
857 3372 935 3428 ad
965 3374 1225 3430 amicum
1259 3379 1418 3430 tuum
1436 3376 1463 3431 ?
1484 3392 1669 3446 quare
1701 3393 1820 3432 non
1848 3377 2006 3434 ivisti
2029 3395 2165 3434 cum

523 3461 710 3516 amico
741 3467 840 3517 tuo
865 3462 892 3517 ?
921 3463 1242 3534 Respondit
1267 3463 1469 3536 itaque
1508 3465 1680 3520 Chusi
1726 3465 1802 3522 ad
1830 3467 2116 3523 Absalom
2149 3485 2162 3523 :

517 3551 911 3622 Nequaquam
951 3568 963 3606 :
1005 3549 1650 3624 quiailliusero,quem
1667 3553 1836 3624 elegit
1857 3557 2163 3622 Dominus,

519 3641 579 3693 et
605 3638 801 3693 omnis
831 3638 925 3694 hic
960 3640 1243 3711 populus,
1269 3647 1325 3697 et
1355 3643 1673 3698 universus
1705 3644 1899 3709 Israel,
1943 3649 1998 3701 et
2027 3661 2166 3700 cum

520 3741 591 3781 eo
617 3727 894 3783 manebo.
927 3730 1040 3784 Sed
1071 3736 1135 3785 ut
1172 3735 1229 3785 et
1264 3731 1379 3786 hoc
1418 3731 1688 3800 inferam,
1716 3734 1808 3788 cui
1847 3749 1958 3802 ego
1991 3734 2166 3790 servi-

519 3817 686 3870 turus
725 3833 848 3871 sum
874 3817 902 3871 ?
919 3833 1119 3872 nonne
1139 3818 1261 3876 filio
1280 3820 1436 3889 regis
1456 3821 1482 3874 ‘3
1514 3820 1664 3876 sicut
1679 3822 1847 3891 parui
1867 3822 2016 3892 patri
2042 3827 2162 3888 tuo,

520 3901 605 3958 sic
635 3906 858 3976 parebo
889 3911 946 3961 et
974 3906 1100 3962 tibi.
1130 3907 1274 3962 Dixit
1295 3913 1489 3963 autem
1529 3908 1811 3965 Absalom
1845 3911 1917 3964 ad
1936 3911 2166 3965 Achito-

517 3993 658 4065 phel
690 4010 702 4048 :
736 3995 876 4049 lnite
892 3994 1209 4049 consilium
1223 3994 1386 4066 quod
1413 4011 1588 4064 agere
1614 3997 1967 4052 debeamus.
1999 4001 2062 4054 Et
2082 3999 2163 4054 ait

517 4081 869 4154 Achitophel
898 4081 976 4137 ad
1001 4081 1279 4137 Absalom
1307 4103 1324 4136 ι
1355 4084 1667 4151 Ingredere
1693 4085 1770 4140 ad
1797 4086 2165 4142 concubinas

517 4171 703 4246 patris
733 4171 838 4239 tui,
859 4185 1012 4242 quas
1033 4170 1255 4226 dimisit
1277 4171 1355 4227 ad
1378 4173 1832 4230 custodiendam
1861 4175 2108 4230 domum
2149 4195 2160 4232 :

518 4266 586 4316 ut
614 4275 752 4315 cum
783 4259 1036 4316 audierit
1056 4261 1253 4315 omnis
1283 4261 1476 4328 lsrael,
1519 4263 1682 4332 quod
1708 4262 2025 4318 foedaveris
2055 4279 2165 4335 pa-

519 4354 670 4405 trem
699 4354 889 4416 tuum,
919 4349 1276 4405 roborentur
1307 4367 1523 4406 manus
1555 4367 1764 4406 eorum
1804 4357 2010 4407 tecum.
2061 4355 2162 4407 ’l‘e—

518 4438 833 4492 tenderunt
855 4437 1033 4506 igitur
1053 4438 1338 4493 Absalom
1361 4439 1815 4495 tabernaculum
1839 4440 1894 4494 in
1924 4440 2163 4504 solario,

520 4525 573 4596 3
589 4525 700 4596 18
717 4526 1142 4597 ingressusque
1165 4526 1345 4582 estad
1369 4526 1736 4582 concubinas
1758 4528 1942 4598 patris
1961 4528 2050 4582 sui
2073 4544 2166 4583 co-

516 4629 649 4671 ram
685 4615 958 4669 universo
991 4614 1185 4669 Israel.
1215 4614 1541 4669 Consilium
1567 4621 1766 4670 autem
1793 4615 2161 4687 Achitophel,

517 4702 682 4774 quod
713 4702 900 4758 dabat
919 4703 977 4756 in
1008 4702 1218 4756 diebus
1241 4701 1374 4771 illis,
1401 4703 1568 4773 quasi
1598 4704 1643 4757 si
1665 4703 1800 4774 quis
1832 4705 2167 4759 consuleret

518 4792 708 4846 Deum
749 4791 832 4846 sic
863 4797 988 4846 erat
1026 4790 1341 4846 consilium
1400 4791 1770 4862 Achitophel,
1813 4796 1869 4845 et
1916 4809 2047 4847 cum
2081 4809 2166 4848 es-

519 4888 610 4936 set
647 4897 784 4935 cum
816 4880 1021 4943 David,
1056 4888 1111 4934 et
1148 4896 1285 4935 cum
1321 4886 1472 4936 esset
1495 4897 1634 4936 cum
1663 4880 1967 4936 Absalom.
1994 4883 2159 4952 (Cap.

515 4970 678 5038 xvu).
713 4968 1058 5037 Dixitigitur
1081 4968 1431 5040 Achitophel
1461 4970 1535 5023 ad
1557 4969 1846 5024 Absalom
1884 4988 1895 5020 :
1938 4972 2162 5040 Eligam

516 5057 667 5114 mihi
695 5056 1012 5110 duodecim
1035 5056 1224 5112 millia
1244 5058 1530 5122 virorum,
1559 5064 1613 5112 et
1643 5073 2008 5128 consurgens
2037 5075 2162 5131 per-

517 5161 660 5218 sequ
672 5161 738 5201 ar
751 5145 930 5199 David
943 5144 1056 5200 hac
1069 5145 1583 5202 nocte.Etinruens
1597 5163 1772 5218 super
1784 5164 1910 5201 eum
1927 5149 2164 5220 (quippe

515 5237 620 5308 qui
643 5233 836 5289 lassus
855 5233 1306 5298 est,etresolutis
1323 5234 1621 5306 manibus)
1641 5237 1968 5306 percutiam
1984 5253 2121 5292 eum
2148 5255 2160 5292 :

517 5337 777 5394 cumque
807 5320 1022 5391 fugerit
1046 5321 1241 5376 omnis
1256 5323 1515 5393 populus
1528 5327 1632 5394 qui
1650 5340 1787 5378 cum
1811 5340 1880 5378 eo
1903 5330 2008 5388 est,
2026 5341 2162 5396 per-

517 5412 739 5466 cutiam
777 5426 978 5479 regem
1018 5410 1378 5465 desolatum.
1418 5412 1482 5463 Et
1508 5410 1794 5466 reducam
1824 5413 2163 5468 universum

516 5498 832 5568 populum,
849 5497 1158 5569 quomodo
1176 5513 1330 5551 unus
1350 5497 1556 5552 reverti
1574 5497 1720 5553 solet
1752 5516 1765 5554 :
1801 5515 1990 5556 unum
2012 5501 2162 5566 enim

2195 4394 2241 4452 D

2271 1786 2445 1839 Facta
2462 1788 2547 1838 est
2559 1783 2737 1853 plaga
2753 1784 2812 1838 in
2834 1781 3060 1853 populo
3072 1781 3176 1854 qui
3191 1781 3598 1853 sequebantur
3611 1782 3868 1837 Absalom.

2269 1874 2336 1928 Et
2361 1872 2711 1926 fortissimus
2748 1872 3002 1942 quisque
3033 1871 3206 1941 cujus
3232 1885 3337 1926 cor
3364 1875 3462 1925 est
3489 1870 3659 1940 quasi
3691 1869 3868 1931 leonis,

2269 1975 2490 2032 pavore
2520 1960 2778 2014 solvetur
2810 1976 2821 2014 :
2857 1959 2964 2015 scit
2986 1959 3145 2014 enim
3197 1959 3396 2014 omnis
3442 1957 3694 2030 p0pulus
3725 1958 3871 2014 lsrael

2269 2049 2480 2109 fortem
2507 2064 2637 2104 esse
2665 2052 2896 2119 patrem
2926 2053 3119 2109 tuum,
3146 2051 3204 2103 et
3245 2047 3530 2102 robustos
3557 2062 3750 2102 omnes
3787 2047 3872 2118 qui

2270 2153 2408 2193 cum
2439 2153 2509 2192 eo
2537 2141 2691 2192 sunt.
2740 2136 2852 2192 Sed
2893 2136 3006 2191 hoc
3047 2135 3193 2191 mihi
3232 2135 3469 2191 videtur
3522 2140 3736 2190 rectum
3768 2149 3873 2189 esse

2270 2225 2583 2281 consilium
2613 2241 2624 2280 :
2669 2226 3069 2295 Congregetur
3099 2224 3172 2279 ad
3205 2227 3261 2279 te
3299 2223 3616 2279 universus
3655 2221 3874 2294 populus

2270 2313 2466 2380 lsrael,
2499 2329 2536 2368 a
2562 2314 2686 2367 Dan
2715 2328 2900 2382 usque
2940 2311 3017 2367 ad
3051 2311 3341 2367 Bersabee
3363 2311 3549 2382 quasi
3576 2321 3743 2366 arena
3772 2324 3875 2364 ma-

2267 2402 2348 2458 ris
2387 2400 2838 2457 innumerabilis
2872 2422 2884 2454 ε
2914 2406 2971 2456 et
3000 2407 3062 2456 tu
3104 2400 3219 2455 eris
3251 2399 3311 2454 in
3352 2399 3560 2454 medio
3591 2413 3795 2454 eorum.
3823 2398 3874 2450 Et

2270 2491 2578 2546 inruemur
2621 2505 2801 2560 super
2830 2490 3067 2555 eum,in
3092 2486 3874 2560 quocumquelocoinventus

2270 2578 2488 2636 fuerit:
2521 2583 2577 2634 et
2598 2578 2940 2649 operiemus
2987 2594 3147 2647 eum,
3189 2577 3341 2632 sicut
3379 2576 3597 2632 cadere
3627 2573 3758 2629 solet
3796 2585 3876 2626 ros

2270 2683 2450 2740 super
2491 2672 2710 2723 terram
2742 2684 2755 2721 :
2789 2672 2845 2722 et
2882 2681 3000 2722 non
3031 2665 3449 2736 relinquemus
3479 2664 3555 2720 de
3596 2662 3745 2724 viris,
3785 2658 3870 2731 qui

2270 2772 2409 2811 cum
2435 2771 2505 2811 eo
2528 2760 2685 2822 sunt,
2713 2771 2788 2810 ne
2818 2771 3006 2811 unum
3034 2753 3299 2826 quidem.
3317 2753 3497 2818 Quod
3511 2751 3559 2807 si
3586 2751 3766 2806 urbem
3790 2746 3871 2802 ali-

2269 2862 2454 2917 quam
2498 2846 2669 2902 fuerit
2697 2845 3021 2914 ingressus,
3053 2843 3453 2900 circumdabit
3486 2841 3676 2898 omnis
3725 2834 3874 2894 Israel

2271 2935 2488 2990 civitati
2513 2934 2592 2989 illi
2614 2933 2803 3002 funes,
2836 2938 2892 2988 et
2915 2933 3217 2989 trahemus
3241 2948 3374 2987 eam
3407 2933 3471 2987 in
3498 2933 3800 2988 torrentem.
3823 2928 3876 2980 ut

2199 3047 2245 3112 β
2272 3037 2391 3078 non
2414 3022 2744 3094 reperiatur
2773 3038 2847 3077 ne
2873 3021 3134 3078 calculus
3159 3020 3409 3092 quidem
3431 3036 3505 3076 ex
3535 3034 3621 3075 ea.
3646 3014 3874 3112 Dixitque

2270 3111 2572 3176 Absalom,
2593 3116 2652 3166 et
2673 3125 2882 3165 omnes
2900 3110 3008 3166 viri
3033 3109 3210 3166 Israel
3235 3127 3252 3162 ι
3278 3108 3482 3165 Melius
3504 3112 3589 3163 est
3606 3102 3875 3161 consilium

2272 3199 2743 3256 ChusiArachittB
2762 3198 3010 3254 consilio
3035 3197 3383 3269 Achitophel
3416 3215 3430 3252 :
3463 3194 3689 3252 Domini
3708 3194 3875 3246 autem

2271 3294 2420 3344 nutu
2448 3288 2805 3359 dissipatum
2836 3291 2922 3342 est
2945 3285 3263 3342 consilium
3288 3283 3641 3356 Achitophel
3665 3280 3803 3341 utile,
3825 3279 3878 3331 ut

2273 3376 2578 3431 induceret
2610 3375 2893 3431 Dominus
2932 3389 3111 3446 super
3148 3373 3437 3429 Absalom
3465 3371 3703 3428 malum.
3733 3368 3790 3424 Et
3813 3363 3877 3420 ait

2275 3465 2450 3520 Chusi
2492 3465 2682 3521 Sadoc
2712 3471 2768 3520 et
2787 3463 3069 3520 Abiathar
3087 3462 3504 3519 sacerdotibus
3537 3481 3549 3518 :
3582 3463 3695 3517 Hoc
3721 3462 3768 3514 et
3783 3456 3878 3510 hoc

2272 3553 2454 3609 modo
2468 3553 2785 3609 consilium
2802 3552 2912 3608 ded
2923 3551 3321 3623 itAchitophel
3333 3552 3643 3616 Absalom,
3655 3553 3708 3606 et
3722 3545 3878 3603 senio-

2271 3641 2627 3698 ribuslsrael
2660 3658 2671 3697 :
2705 3645 2761 3695 et
2781 3655 2892 3709 ego
2907 3639 3020 3696 tale
3036 3644 3091 3694 et
3111 3638 3370 3694 talededi
3388 3639 3718 3696 consilium.
3738 3638 3873 3690 Nunc

2272 3746 2413 3800 ergo
2453 3730 2661 3785 mittite
2690 3729 2826 3797 cito,
2857 3736 2914 3785 et
2951 3728 3230 3784 nunciate
3279 3729 3489 3798 David,
3515 3727 3785 3784 dicentes:
3811 3725 3874 3776 Nc

2272 3820 2520 3875 moreris
2568 3825 2741 3874 nocte
2783 3818 2895 3874 hac
2936 3817 2996 3873 in
3041 3815 3475 3888 campestribus
3523 3815 3736 3877 deserti,
3789 3807 3873 3865 sed

2273 3908 2504 3979 absque
2519 3907 2804 3964 dilatione
2817 3905 3229 3975 transgredere
3248 3925 3259 3962 :
3276 3921 3350 3961 ne
3368 3905 3519 3962 forte
3532 3902 3871 3960 absorbeatur

2271 4012 2393 4059 rex,
2423 4001 2479 4051 et
2501 3997 2696 4051 omnis
2725 3995 2986 4067 pupulas
3004 3994 3108 4066 qui
3128 4010 3263 4049 cum
3289 4009 3361 4050 eo
3385 3991 3766 4050 est.Jonathas
3786 4003 3867 4044 au-

2272 4089 2389 4140 tem
2418 4085 2801 4140 etAchimaas
2814 4083 3047 4139 stabant
3068 4083 3233 4153 juxta
3261 4082 3488 4139 fontem
3521 4080 3691 4152 Rogel
3720 4096 3731 4132 :
3759 4073 3873 4132 abiit

2273 4173 2484 4229 ancilla
2537 4177 2592 4227 et
2641 4172 2948 4227 nunciavit
2973 4171 3061 4226 eis
3095 4175 3193 4226 :et
3237 4170 3321 4230 illi
3361 4170 3608 4241 profecti
3646 4170 3785 4229 sunt,
3824 4165 3874 4216 ut

2271 4261 2552 4316 referrent
2570 4261 2648 4316 ad
2660 4275 2861 4329 regem
2877 4259 3061 4315 David
3079 4259 3369 4315 nuncium
3401 4277 3414 4315 :
3449 4275 3569 4314 non
3589 4257 3732 4314 enim
3745 4257 3875 4325 pote-

2271 4355 2402 4404 rant
2427 4349 2632 4418 videri,
2667 4355 2769 4404 aut
2797 4349 3036 4404 introire
3065 4349 3383 4404 civitatem.
3414 4348 3565 4404 Vidit
3592 4350 3772 4404 autem
3791 4353 3872 4396 eos

2271 4439 2518 4510 quidam
2543 4453 2706 4509 puer,
2746 4442 2802 4492 et
2830 4437 3117 4496 indicavit
3141 4436 3428 4492 Absalom
3461 4454 3474 4492 :
3513 4436 3590 4492 illi
3620 4448 3744 4490 vero
3765 4443 3874 4485 con-

2273 4527 2386 4582 cito
2405 4529 2594 4595 gradu
2617 4526 2867 4594 ingressi
2900 4530 3038 4581 sunt
3071 4526 3323 4580 domum
3359 4524 3664 4595 cujusdam
3702 4518 3796 4575 viri
3824 4517 3873 4570 in

2274 4614 2578 4681 Bahurim,
2602 4615 2704 4685 qui
2739 4614 2992 4669 habebat
3024 4620 3262 4684 puteum
3292 4613 3354 4668 in
3394 4611 3671 4668 vestibulo
3700 4607 3874 4673 suo,et

2274 4703 2705 4756 descenderunt
2733 4702 2793 4756 in
2806 4717 2964 4756 eum.
2991 4700 3349 4756 Tulitautem
3373 4699 3596 4763 mulier,
3621 4704 3873 4765 etexpan—

2273 4790 2353 4845 dit
2373 4791 2645 4845 velamen
2676 4806 2854 4860 super
2882 4807 2950 4844 os
2983 4790 3165 4860 putei,
3205 4789 3618 4860 quasisiccans
3646 4785 3870 4856 ptisana:

2273 4886 2331 4934 et
2369 4879 2450 4934 sic
2487 4879 2655 4935 latuit
2683 4895 2798 4933 res.
2829 4881 3094 4951 Cumque
3117 4879 3417 4932 venissent
3458 4877 3602 4932 servi
3626 4871 3869 4930 Absalom

2271 4970 2331 5025 in
2353 4970 2623 5037 domum,
2655 4970 2727 5024 ad
2765 4968 3076 5024 mulierem
3121 4968 3392 5023 dixerunt
3432 4983 3445 5020 :
3481 4965 3580 5020 Ubi
3623 4968 3706 5018 est
3731 4955 3870 5022 Achi-

2270 5075 2442 5115 maas
2471 5060 2820 5115 etJonatlias
2852 5058 2879 5113 ‘2
2907 5061 2969 5112 Et
2993 5056 3294 5128 respondit
3321 5057 3404 5112 eis
3433 5054 3669 5110 mulier:
3699 5053 3873 5138 Transj

2271 5149 2464 5203 ierunt
2484 5149 2827 5204 festinanter
2843 5150 3078 5216 gustata
3103 5145 3414 5216 paululum
3427 5159 3603 5214 aqua.
3627 5143 3692 5194 At
3716 5137 3769 5193 hi
3785 5137 3867 5206 qui

2271 5237 2639 5309 quaerebant,
2668 5252 2805 5290 cum
2834 5250 2956 5290 non
2986 5233 3362 5304 reperissent,
3395 5229 3612 5287 reversi
3655 5229 3780 5282 sunt
3819 5222 3867 5309 in

2274 5307 2655 5380 Hierusalem.
2691 5327 2957 5394 Cumque
2989 5321 3293 5387 abiissent,
3319 5311 3794 5376 ascenderuntilli
3814 5307 3871 5364 de

2272 5427 2472 5483 puteo,
2514 5416 2570 5467 et
2592 5418 2904 5483 pergentes
2928 5410 3360 5466 nunciaverunt
3384 5408 3503 5477 regi
3530 5403 3787 5495 David,et
3804 5395 3872 5458 di-

2270 5505 2485 5558 xerunt
2517 5517 2528 5556 ;
2563 5500 2813 5570 Surgite,
2832 5507 2887 5556 et
2907 5498 3142 5556 transite
3161 5497 3274 5560 cito
3301 5496 3548 5562 ﬂuvium
3581 5511 3595 5546 :
3618 5497 3870 5564 quoniam
