4094 6164
256 247 359 306 541

1445 244 1797 301 DOMINICA
1836 242 1883 299 V
1921 240 2531 309 QUADRAGESIMAZ.

3572 242 3679 301 543

258 371 689 443 hujuscemodi
734 371 895 427 dedit
940 370 1257 427 consilium
1311 374 1519 427 contra
1542 386 1652 425 vos
1678 368 1915 424 Achito-
1947 370 1994 423 A
2028 366 2290 422 cumdati
2305 367 2564 423 claritate
2591 366 2830 433 caelesti,
2850 382 2971 422 non
2996 367 3409 424 incidamusin
3435 368 3675 425 foveam

258 461 691 534 phel.Surrexit
708 475 848 527 ergo
872 459 1059 514 David
1077 466 1133 515 et
1153 459 1347 514 omnis
1378 459 1633 530 populus
1655 458 1917 529 quicum

261 565 333 605 eo
372 557 521 612 erat,
553 554 610 603 et
630 549 993 603 transierunt
1019 547 1363 611 Jordanem,
1396 548 1586 603 donec
1611 546 1917 601 illucesce-

261 642 350 694 ret
366 641 696 707 antequam
711 635 1115 691 denudaretur
1129 635 1382 691 verbum
1400 652 1418 690 :
1434 640 1490 692 et
1518 651 1593 691 ne
1614 650 1769 690 unus
1791 632 1922 705 qui-

264 725 403 781 dem
429 724 712 779 residuus
740 723 979 796 fuit,qui
1002 739 1125 779 non
1146 724 1420 780 transiret
1438 724 1712 779 ﬂuvium.
1738 724 1919 778 Porro

266 812 617 884 Achitophel
651 812 863 867 videns
893 812 1058 883 quod
1081 828 1207 868 non
1234 812 1445 868 fuisset
1468 812 1690 869 factum
1720 810 1920 867 consi-

263 902 415 959 lium
439 916 635 964 suum,
662 901 869 956 stravit
891 900 1135 955 asinum
1166 917 1363 967 suum,
1388 901 1657 965 surrexit,
1689 904 1745 955 et
1774 898 1921 954 abiit

261 989 325 1044 in
351 988 605 1044 domum
626 1004 824 1049 suam,
867 993 923 1044 et
947 989 1006 1044 in
1019 988 1316 1045 civitatem
1334 1005 1508 1045 suam
1526 1007 1537 1043 :
1554 994 1609 1043 et
1630 988 1920 1059 disposita

262 1079 449 1135 domo
485 1092 617 1147 sua,
670 1077 997 1149 suspendio
1040 1078 1273 1143 interiit,
1311 1084 1367 1135 et
1416 1078 1680 1150 sepultus
1720 1080 1807 1132 est
1857 1076 1920 1132 in

257 1164 582 1237 sepulchro
611 1166 797 1236 patris
827 1165 940 1221 sui.
966 1178 1035 1235 Βι.
1064 1172 1275 1222 Amen.

326 1254 691 1323 Antiphona
734 1259 780 1310 1.
815 1255 1043 1310 Inimici
1078 1256 1195 1311 mei
1228 1255 1503 1312 dixerunt
1534 1255 1694 1311 mala
1732 1254 1913 1309 mihi:

260 1342 522 1408 Quando
550 1342 916 1408 morietur,et
936 1345 1123 1415 periet
1142 1359 1362 1400 nomen
1380 1346 1510 1415 ejus
1532 1345 1561 1400 ?
1588 1347 1668 1400 Tu
1693 1347 1913 1406 autem,

257 1430 539 1496 Domine,
564 1431 845 1486 miserere
887 1432 1024 1487 mei.
1074 1432 1135 1497 Y,
1164 1433 1349 1488 Simul
1388 1434 1449 1488 in
1492 1448 1682 1487 unum
1713 1431 1919 1487 adver-

259 1534 396 1574 sum
432 1534 532 1573 me
555 1519 904 1588 cogitabant
932 1520 1092 1576 mala
1115 1521 1418 1578 mihi.N0n
1450 1522 1681 1577 dicatur
1699 1520 1913 1575 Gloria.

330 1606 563 1662 Oratio.
611 1605 838 1663 Inimici
891 1608 997 1675 tui,
1024 1609 1291 1674 Domine,
1326 1611 1624 1680 cupientes
1653 1608 1728 1663 de
1767 1612 1921 1663 terra

2026 456 2260 521 mortis;
2287 456 2387 510 sed
2406 462 2617 526 parato
2639 456 2995 511 cordetuam
3019 456 3077 510 in
3091 457 3327 527 populis
3352 456 3673 517 exaltemus

2024 545 2489 601 misericordiam
2502 545 2781 610 veritatis;
2807 544 2910 617 qui
2925 560 3027 615 pro
3041 544 3213 600 nobis
3231 545 3558 602 sustinuisti
3574 543 3673 601 ob-

2025 631 2332 703 probrium
2371 636 2584 689 crucis.

2098 721 2265 776 Pater
2301 726 2520 779 noster.

2664 816 2753 870 Ad
2781 816 3039 871 Sextum.

2417 903 2614 959 Lectio
2641 904 2782 959 libri
2804 906 2978 959 Amos
3003 904 3170 975 (Cap.
3200 904 3286 975 v).

2098 1001 2163 1055 lt.
2206 991 2326 1047 Deo
2357 994 2600 1061 gratias.

2100 1080 2348 1143 Quaerite
2380 1080 2784 1148 l)ominum,et
2800 1082 2973 1137 vivite
3000 1101 3012 1134 :
3033 1098 3106 1137 ne
3120 1083 3267 1137 forte
3288 1081 3677 1137 comburatur

2026 1172 2091 1224 ut
2121 1168 2273 1236 ignis
2290 1168 2509 1223 domus
2531 1168 2767 1241 Joseph,
2794 1174 2850 1225 et
2876 1170 3267 1233 devorabit,et
3294 1185 3414 1225 non
3432 1169 3541 1224 erit
3570 1169 3677 1241 qui

2026 1255 2329 1325 extinguat
2348 1256 2674 1321 Bethel.Qui
2692 1258 3028 1312 convertitis
3042 1258 3099 1312 in
3114 1257 3501 1329 absynthium
3515 1256 3675 1326 judi-

2029 1343 2267 1409 cium,et
2276 1344 2569 1413 justitiam
2585 1345 2645 1399 in
2665 1349 2821 1400 terra
2845 1344 3194 1417 relinquitis.
3222 1344 3555 1400 Facientem
3574 1346 3676 1397 Ar-

2027 1436 2253 1488 cturum
2273 1434 2649 1502 etOrionem,
2677 1438 2734 1488 et
2762 1437 3199 1489 convertentem
3227 1434 3286 1487 in
3313 1448 3489 1487 mane
3522 1437 3678 1486 tene-

2024 1520 2185 1587 bras,
2216 1521 2443 1577 etdiem
2465 1522 2524 1575 in
2542 1526 2778 1577 noctem
2792 1527 3115 1578 mutantem
3139 1539 3157 1579 :
3176 1520 3280 1593 qui
3299 1525 3471 1575 vocat
3486 1534 3678 1590 aquas

2027 1611 2231 1677 maris,
2259 1616 2316 1666 et
2332 1610 2581 1667 etfundit
2605 1627 2707 1667 eas
2728 1628 2907 1682 super
2924 1611 3138 1666 faciem
3160 1617 3359 1667 terrae:
3386 1608 3678 1663 Dominus

256 1694 515 1767 perdere
559 1709 783 1750 nomen
828 1699 1019 1761 tuum,
1048 1696 1211 1753 mala
1235 1697 1309 1752 de
1346 1704 1400 1753 te
1430 1698 1609 1753 locuti
1638 1703 1792 1762 sunt,
1826 1696 1921 1751 di-
1946 1709 1991 1763 Β
2030 1714 2245 1754 nomen
2268 1699 2630 1768 estejus.Qui
2649 1698 2917 1753 subridet
2942 1700 3278 1754 vastitatem
3296 1712 3475 1767 super
3500 1695 3679 1751 robu-

257 1789 466 1839 centes
495 1800 506 1837 :
530 1784 785 1848 Quando
802 1787 1115 1841 morietur?
1133 1802 1354 1842 nomen
1367 1786 1638 1842 videlicet
1657 1786 1919 1842 volentes

257 1870 518 1944 perdere
553 1871 987 1927 Christianum:
1034 1873 1146 1929 Sed
1175 1878 1233 1928 tu
1267 1874 1537 1939 Domine,
1584 1876 1756 1943 cujus
1786 1890 1921 1945 pro-

256 1960 526 2015 missum
554 1958 730 2014 ﬁdele
760 1962 1225 2033 tenemus,quod
1239 1977 1594 2032 permaneas
1614 1961 1921 2017 nobiscum

254 2063 456 2119 usque
488 2047 566 2103 ad
593 2049 1179 2105 consummationem
1212 2050 1622 2121 smculi,319
1644 2052 1921 2105 miserere

251 2135 466 2201 nobis;
496 2140 555 2191 et
592 2137 879 2192 resuscita
904 2152 1015 2193 nos
1040 2142 1283 2209 propter
1329 2138 1732 2193 innocentiam
1760 2138 1919 2207 ﬁdei,

252 2226 463 2298 quain
497 2230 553 2281 te
585 2226 917 2292 credimus;
948 2230 1158 2282 utnon
1179 2226 1440 2296 gaudeat
1461 2226 1534 2282 de
1562 2227 1736 2282 nobis
1761 2227 1920 2281 insa-

254 2314 483 2370 tiabilis
507 2312 807 2370 inimicus.
850 2325 916 2383 8'.
956 2316 1165 2381 Amen,

326 2403 697 2471 Antiphona
728 2406 777 2457 2.
795 2403 962 2459 Zelus
978 2404 1197 2459 domus
1219 2407 1356 2471 tuae,
1388 2404 1922 2475 Domine,comedit

255 2508 357 2548 me
395 2509 416 2545 :
442 2496 503 2547 et
532 2490 1361 2563 obprobriaexprobrantium
1388 2493 1922 2565 cecideruntsuper

256 2597 377 2637 me.
406 2583 536 2650 Ego
564 2595 703 2635 vero
722 2581 911 2636 oratio
938 2597 1074 2636 mea
1102 2581 1179 2636 ad
1211 2585 1264 2635 te
1287 2582 1551 2636 Domine.
1570 2581 1628 2640 ἵ.
1649 2584 1710 2637 ln
1729 2581 1919 2637 multi-

256 2670 472 2726 tudine
505 2669 927 2727 misericordia:
948 2674 1063 2726 tuae
1089 2669 1307 2726 exaudi
1332 2686 1449 2734 me,
1479 2670 1540 2726 in
1559 2671 1803 2726 veritate
1833 2686 1923 2727 sa-

256 2758 401 2815 lutis
442 2764 583 2815 tute.

331 2849 558 2904 Oratio.
582 2847 812 2905 Christe
834 2849 936 2904 Dei
962 2848 1157 2918 Filius,
1185 2865 1359 2920 quem
1390 2848 1550 2903 zelus
1573 2848 1791 2904 domus
1820 2847 1922 2905 Dei

258 2938 541 2993 Ecclesiae
577 2936 844 2993 videlicet
871 2938 1057 2994 Patris
1089 2938 1189 3004 tui,
1220 2938 1513 3004 comedit;
1546 2938 1693 2993 dum
1716 2936 1925 3009 iniqua.

2030 1787 2806 1859 stum,etdepopulationem
2821 1803 2999 1858 super
3021 1792 3313 1858 potentem
3334 1782 3677 1840 affert.0dio

2026 1875 2369 1931 habuerunt
2388 1875 2795 1944 corripientem
2817 1875 2873 1929 in
2889 1878 3075 1944 porta:
3098 1879 3153 1929 et
3171 1873 3517 1944 loquentem
3543 1885 3675 1940 per—

2027 1963 2175 2019 fecte
2188 1963 2507 2019 abominati
2522 1962 3037 2033 sunt.ldcirco,pro
3052 1978 3123 2017 eo
3135 1960 3301 2033 quod
3314 1958 3676 2029 diripiebatis

2026 2068 2377 2123 pauperem,
2402 2058 2458 2105 et
2486 2051 2753 2122 praedam
2808 2051 3056 2105 electam
3120 2046 3414 2104 tollebatis
3446 2046 3524 2102 ab
3555 2062 3626 2101 eo
3656 2062 3673 2098 :

2029 2141 2243 2197 domos
2263 2140 2492 2211 quadro
2508 2139 2705 2211 lapide
2727 2138 3312 2201 mdiﬁcabitis,etnon
3329 2133 3677 2191 habitabitis

2028 2229 2090 2284 in
2132 2230 2216 2284 eis
2248 2245 2261 2284 :
2315 2229 2524 2284 vineas
2582 2227 2932 2299 plantabitis
2965 2226 3430 2288 amantissimas,
3464 2227 3520 2279 et
3549 2236 3667 2279 non

2026 2317 2245 2373 bibetis
2257 2317 2469 2372 vinum
2493 2317 2875 2381 earum.Quia
2888 2314 3140 2385 cognovi
3158 2313 3337 2368 multa
3350 2311 3574 2367 scelera
3586 2325 3678 2365 ve-

2028 2410 2139 2473 tra,
2158 2412 2216 2462 et
2244 2406 2415 2463 fortia
2428 2411 2673 2478 peccata
2691 2410 2889 2461 vestra
2908 2424 2925 2459 :
2942 2404 3142 2460 hostes
3164 2402 3306 2474 justi
3328 2402 3678 2471 accipientes

2027 2511 2271 2561 munus,
2295 2502 2350 2551 et
2364 2510 2659 2567 pauperes
2678 2494 3079 2565 deprimentes
3092 2493 3150 2547 in
3168 2495 3341 2563 porta
3365 2506 3377 2544 :
3394 2490 3529 2545 ideo
3543 2504 3677 2560 pru-

2030 2585 2182 2639 dens
2194 2584 2255 2638 in
2273 2589 2537 2654 tempore
2553 2583 2650 2637 illo
2670 2581 3055 2651 tacebit,quia
3071 2586 3306 2650 tempus
3330 2578 3548 2634 malum
3564 2581 3669 2632 est.

2033 2670 2283 2737 Quaerite
2309 2671 2559 2734 bonum,
2600 2673 2799 2723 etnon
2822 2668 3069 2731 malum,
3105 2671 3167 2720 ut
3191 2666 3441 2720 vivatis:
3474 2670 3530 2720 et
3570 2664 3683 2718 erit

2029 2760 2317 2815 Dominus
2344 2760 2495 2813 Deus
2524 2756 2907 2812 exercituum.
2943 2766 3015 2823 Βί.
3049 2759 3256 2808 Amen.

2100 2847 2449 2917 Antiphona
2478 2851 2526 2901 1.
2550 2845 2884 2898 Adversum
2907 2858 3001 2896 me
3014 2840 3442 2896 exercebantur
3458 2838 3561 2910 qui
3591 2854 3679 2893 se-

2031 2936 2321 2995 debantin
2337 2940 2536 3006 porta:
2560 2939 2615 2988 et
2630 2933 2693 2987 in
2714 2947 2810 2987 me
2832 2930 3279 3002 psallebantqni
3292 2928 3580 2983 bibebant
3596 2926 3681 2981 vi-

253 3031 561 3096 gerentes,
594 3024 669 3080 de
693 3040 764 3082 ea
792 3024 1057 3081 funiculo
1089 3025 1369 3082 audacter
1385 3026 1631 3098 expellis
1652 3043 1664 3078 :
1687 3025 1759 3080 ab
1790 3041 1922 3081 om-
1952 3051 1995 3108 C
2032 3040 2197 3081 num.
2230 3027 2351 3094 Ego
2379 3040 2520 3079 vero
2551 3023 2804 3079 orabam
2824 3020 2904 3076 ad
2942 3026 3017 3086 te,
3042 3019 3311 3074 Domine.
3352 3016 3416 3077 ἵ.
3446 3014 3676 3071 Inimici

254 3115 427 3170 nium
470 3129 587 3168 nos
616 3112 997 3182 iniquitatum
1043 3112 1309 3169 funiculo
1340 3113 1583 3170 absolve
1610 3133 1624 3179 ;
1657 3119 1834 3186 atque
1861 3115 1923 3169 in

250 3204 445 3259 medio
459 3202 687 3258 domus
703 3208 817 3258 tua:
830 3202 1008 3272 digne
1022 3202 1289 3258 habitare
1304 3202 1584 3257 concede:
1604 3218 1725 3275 quo
1739 3202 1922 3273 etipsi

253 3291 478 3347 domus
497 3291 725 3347 tibimet
744 3291 1065 3363 spiritualis
1092 3290 1345 3355 etfecti,a
1374 3294 1427 3346 te
1452 3305 1791 3346 mereamur
1808 3305 1923 3345 coe-

253 3380 390 3435 litus
422 3378 712 3445 laureari,
738 3390 802 3439 R.
833 3384 1039 3433 Amen.

322 3472 368 3525 Α
382 3469 677 3539 ntiphona
691 3467 957 3522 3.Emitte
976 3483 1217 3522 manum
1233 3465 1677 3531 tuam,Domine
1692 3466 1759 3521 de
1778 3465 1918 3531 alto,

256 3558 419 3630 eripe
444 3572 568 3623 me,
592 3560 648 3612 et
670 3555 850 3611 libera
866 3572 962 3611 me
978 3556 1052 3611 de
1071 3571 1257 3611 manu
1281 3555 1540 3611 ﬁliorum
1564 3554 1916 3610 alienorum.

256 3646 316 3705 ῒ.
352 3649 627 3710 Quorum
668 3659 733 3699 os
784 3643 1054 3699 locutum
1081 3648 1167 3698 est
1190 3643 1511 3698 vanitatem
1544 3660 1560 3697 :
1595 3649 1650 3698 et
1678 3642 1923 3698 dextera

258 3750 493 3796 eorum,
524 3733 767 3787 dextera
795 3732 1145 3803 iniquitatis.

328 3834 395 3891 ﬁ.
426 3824 653 3876 Omnes
674 3819 849 3875 amici
874 3820 990 3874 mei
1012 3819 1176 3874 obliti
1198 3823 1336 3875 sunt
1362 3834 1480 3887 me,
1510 3825 1566 3876 et
1591 3819 1922 3874 insidianti-

256 3910 376 3967 bus
406 3909 555 3965 mihi
590 3907 832 3963 tradidit
860 3924 979 3972 me,
1008 3924 1187 3980 quem
1202 3908 1555 3977 diligebam:
1580 3907 1923 3963 etterribili-

256 3998 377 4054 bus
404 3997 620 4065 oculis,
643 3996 823 4068 plaga
840 3996 1063 4050 crudeli
1090 3998 1449 4068 percutiens,
1472 4002 1640 4052 aceto
1658 3996 1917 4065 potavit:

259 4087 411 4157 jam,
446 4088 620 4148 Deus,
649 4100 806 4156 pone
832 4083 1057 4138 vulneri
1093 4096 1232 4139 meo
1267 4083 1540 4150 salutem,
1574 4084 1638 4137 P.
1672 4087 1734 4137 Et
1762 4098 1923 4137 resu-

266 4176 419 4231 scita
441 4192 553 4231 me.
576 4176 634 4237 ῒ.
662 4174 773 4241 Qui
793 4175 1007 4230 edebat
1032 4190 1219 4246 panes
1266 4190 1453 4239 meos,
1480 4174 1796 4246 ampliavit
1820 4173 1921 4228 ad-

262 4280 502 4319 versum
517 4280 610 4320 me
624 4262 1200 4337 supplantationem:
1219 4267 1280 4318 tu
1294 4262 1794 4330 autem,Domine,
1814 4261 1922 4318 mi-

259 4369 459 4409 serere
485 4354 627 4420 mei,
667 4353 742 4407 P.
771 4354 833 4407 Et
860 4351 1150 4407 resuscita
1172 4368 1293 4407 me.

329 4444 564 4498 Preces.
584 4441 773 4496 Verus
797 4443 949 4495 Deus
972 4439 1328 4505 misericors,
1344 4443 1407 4496 P.
1427 4440 1796 4514 Supplicanti
1819 4455 1925 4511 pu-

257 4531 406 4605 pillo
434 4531 739 4587 miserere.
772 4526 831 4590 tn
880 4528 989 4594 Qui
1029 4529 1326 4584 mundum
1349 4529 1592 4585 redimis
1634 4529 1924 4585 etinsione

260 4620 518 4691 cruoris,
548 4623 606 4675 et
643 4617 887 4673 vulnere
934 4616 1136 4685 caedis,
1181 4618 1255 4674 P.
1283 4617 1670 4690 Supplicanti.
1701 4618 1762 4679 ἲν.
1815 4618 1926 4671 Per

260 4709 457 4765 crucis
516 4706 875 4775 sanguinem
933 4712 988 4759 et
1017 4712 1271 4760 mortem
1312 4706 1553 4760 vulnere
1613 4721 1782 4761 sacro
1818 4708 1923 4759 tuo

260 4797 564 4854 Mundum
603 4794 862 4859 salvasti,
932 4793 1002 4847 P.
1061 4792 1445 4865 Supplicanti.
1504 4792 1562 4853 κν.
1595 4795 1703 4858 Qui
1732 4791 1923 4849 crucis

260 4885 455 4955 gloria
485 4886 690 4940 tartari
709 4880 979 4936 dissolvis
1008 4896 1273 4951 pwnam,
1304 4881 1603 4936 credentes
1635 4890 1690 4937 tu
1733 4884 1918 4953 salva,

256 4976 321 5031 P.
354 4972 751 5047 Supplicanti.
780 4972 839 5030 ἓν.
875 4971 1073 5025 Crucis
1128 4971 1483 5041 mysterium
1514 4970 1588 5026 sit
1636 4971 1922 5029 omnibus

261 5065 337 5120 ad
349 5064 702 5136 profectum,
731 5058 1199 5134 quosredemisti
1220 5063 1281 5115 in
1300 5058 1542 5121 Mundo,
1572 5059 1637 5112 P.
1690 5061 1919 5131 Suppli—

269 5154 440 5211 cauti.

325 5244 633 5313 Hymnus.
663 5240 706 5296 Ο
734 5242 1048 5294 Nazarene.
1081 5240 1194 5307 fol.
1242 5240 1359 5293 Mi.

332 5331 648 5401 Capitula.
682 5328 947 5383 Miserere
964 5325 1135 5381 nobis
1155 5330 1325 5391 Deus,
1352 5324 1628 5381 miserere
1642 5326 1837 5393 nobis,
1867 5331 1923 5384 et

266 5419 317 5477 in
348 5428 403 5477 te
429 5417 805 5475 confidentes
838 5414 1058 5471 exaudi
1084 5430 1095 5464 :
1127 5414 1578 5470 adversantium
1602 5431 1771 5470 arma
1786 5432 1925 5471 con-

266 5508 450 5581 fringe
479 5526 494 5575 ;
535 5508 787 5580 laqueos
820 5504 995 5561 nobis
1026 5503 1264 5560 destrue
1290 5506 1697 5576 praeparatos:
1722 5512 1782 5559 ut
1812 5505 1924 5561 cir-

2030 3114 2149 3170 mei
2164 3113 2441 3169 dixerunt
2464 3112 2623 3168 mala
2639 3110 2783 3167 mihi
2807 3129 2819 3167 :
2841 3109 3094 3176 Quando
3127 3107 3496 3173 morietur,et
3523 3104 3679 3176 peri-

2028 3202 2118 3258 bit
2146 3218 2368 3258 nomen
2398 3204 2547 3273 ejus.

2106 3292 2559 3349 0ratio.Christe
2572 3306 2675 3346 rex
2685 3288 3013 3360 noster,qui
3029 3287 3182 3342 dura
3201 3300 3310 3355 pro
3328 3282 3528 3353 impiis
3544 3296 3682 3352 sup-

2030 3382 2272 3452 portasti
2288 3378 2754 3451 obprobria,dum
2768 3377 3037 3430 adversus
3054 3379 3104 3429 te
3117 3373 3244 3427 vino
3258 3370 3384 3425 mali
3393 3372 3477 3425 ιῑω
3491 3385 3683 3439 crapu-

2027 3469 2146 3525 lata
2160 3476 2216 3525 tu
2227 3471 2322 3523 rba
2332 3464 2849 3524 omnisintidelium
2863 3459 3291 3517 exercereturin
3307 3461 3560 3529 portaztu
3575 3472 3681 3511 nos

2027 3558 2407 3615 miseratione
2421 3554 2662 3611 assidua
2674 3557 2727 3609 et
2741 3552 2812 3608 ab
2826 3550 3079 3607 omnium
3092 3552 3464 3621 peccatorum
3479 3549 3684 3600 conta-

2029 3648 2205 3717 gione
2219 3642 2661 3712 emunda;etpize
2674 3640 2917 3696 actionis
2929 3637 3189 3693 efﬁcacia
3200 3634 3495 3706 operando
3508 3630 3684 3701 glori-

2027 3735 2286 3805 ﬁca:quo
2300 3734 2359 3787 in
2374 3732 2614 3787 termino
2628 3730 2756 3784 vita:
2770 3733 2986 3783 nostra:
2998 3742 3115 3781 non
3128 3722 3685 3789 confundamur,ini-

2028 3822 2189 3877 micis
2201 3820 2417 3877 nostris
2433 3820 2591 3890 loqui
2604 3818 2661 3873 in
2676 3816 2972 3888 porta;sed
2985 3819 3316 3869 sanctorum
3328 3810 3683 3879 Angelorum

2029 3910 2376 3966 occursione
2398 3907 2750 3964 adtollamur
2766 3905 2965 3959 laetitia
2990 3904 3444 3975 sempiternam).
3468 3904 3677 3953 Amen.

2101 4000 2441 4067 Antiphona
2462 4003 2513 4052 2.
2545 3998 2610 4051 In
2636 4002 2739 4052 tua
2762 3996 2989 4065 justitia
3018 3993 3207 4049 libera
3235 4007 3353 4056 me,
3388 3987 3637 4044 Domine
3664 4002 3679 4041 :

2030 4088 2250 4145 inclina
2274 4086 2353 4143 ad
2381 4101 2699 4143 meaurem
2727 4090 2913 4149 tuam,
2938 4082 3297 4149 accelera,ut
3329 4077 3546 4149 eripias
3560 4091 3679 4131 me.

2030 4179 2162 4239 litin
2176 4183 2229 4233 te
2255 4177 2503 4234 Domine
2518 4174 2900 4247 speravi,non
2918 4170 3327 4228 confundarin
3353 4173 3642 4223 aeternum
3660 4181 3679 4219 :

2030 4268 2093 4322 in
2124 4272 2224 4322 tua
2238 4266 2468 4337 justitia
2494 4264 2679 4319 libera
2708 4278 2825 4326 me,
2859 4265 2916 4317 et
2942 4261 3105 4331 eripe
3135 4274 3252 4314 me.

2105 4356 2324 4411 Oratio.
2360 4354 2566 4409 Libera
2586 4369 2696 4408 nos
2721 4351 2969 4406 Domine
3000 4349 3061 4403 in
3085 4353 3189 4405 tua
3222 4346 3451 4418 justitia
3475 4362 3489 4411 ;
3522 4348 3579 4400 et
3603 4343 3684 4399 ad

2032 4460 2269 4517 precem
2298 4448 2568 4499 nostram
2600 4440 2821 4496 inclina
2852 4454 3060 4495 aurem
3101 4442 3269 4493 tuam
3302 4452 3314 4492 :
3345 4440 3409 4491 ut
3438 4451 3474 4490 a
3503 4433 3680 4489 malis

2033 4534 2234 4606 erepti,
2263 4528 2945 4594 etrecreaticcelestibus,
2981 4528 3160 4598 320
3182 4531 3406 4580 aeterna
3423 4537 3534 4577 nos
3553 4534 3682 4574 esse

2031 4624 2268 4679 vestitos
2298 4620 2739 4677 immortalitate
2768 4618 3056 4673 laetemur.
3093 4628 3155 4685 ﬂ.
3182 4618 3393 4668 Amen.

2101 4712 2445 4781 Antiphona
2465 4714 2515 4766 3.
2540 4707 2766 4764 Exaudi
2796 4722 2999 4762 vocem
3025 4702 3312 4760 orationis
3339 4714 3508 4766 mete,
3530 4696 3678 4751 dum

2032 4816 2136 4856 oro
2168 4800 2245 4855 ad
2264 4805 2335 4867 te,
2376 4798 2652 4854 Domine:
2674 4798 2820 4851 dum
2850 4795 3126 4850 levavero
3158 4805 3371 4846 manus
3401 4801 3567 4842 meas
3602 4784 3682 4840 ad

2030 4889 2323 4961 templum
2378 4892 2654 4943 sanctum
2678 4891 2865 4947 tuum,
2908 4883 2970 4943 V.
3004 4883 3295 4949 Dirigatur
3338 4875 3527 4932 oratio
3552 4890 3684 4931 mea

2030 4978 2183 5033 sicut
2207 4976 2591 5033 incensumin
2617 4977 2937 5045 conspectu
2961 4977 3062 5027 tuo
3086 4988 3099 5024 :
3128 4966 3379 5023 elevatio
3395 4980 3682 5023 manuum

2029 5080 2305 5120 mearum
2333 5062 2688 5118 sacriﬁcium
2711 5059 3141 5132 vespertinum.

2102 5166 2165 5223 BI.
2192 5152 2431 5208 Intende
2488 5151 2565 5205 ad
2595 5152 2926 5205 orationem
2960 5162 3182 5216 meam,
3219 5144 3504 5213 Domine;
3537 5141 3680 5213 quia

2028 5241 2377 5297 humiliatus
2406 5255 2542 5294 sum
2572 5240 2770 5294 nimis.
2796 5236 3034 5299 inliduc
3058 5236 3132 5292 de
3163 5249 3391 5290 carcere
3410 5231 3677 5286 animam

2032 5345 2228 5385 meam
2252 5328 2329 5384 ad
2358 5327 2766 5382 conﬁtendum
2785 5326 3014 5380 nomini
3040 5320 3390 5391 tuo;P.Quia
3406 5315 3679 5374 humilia-

2032 5423 2125 5474 tus
2153 5434 2284 5472 sum
2315 5416 2513 5471 nimis.

2103 5508 2327 5562 Preces.
2362 5505 2772 5563 Paenitentiam
2789 5504 3027 5575 agimus
3042 5514 3149 5573 pro
3166 5495 3339 5554 malis
3360 5494 3599 5553 nostris.
3614 5498 3673 5553 P.
