4094 6164
228 231 342 286 545

1416 224 1769 281 DOMINICA
1807 225 1853 282 V
1891 224 2504 294 QUADBAGESIME.

3535 243 3659 299 546

232 356 383 411 cius.
423 353 777 427 Speculator
805 354 1029 424 autem,
1055 351 1459 423 Contemplor,
1493 352 1595 419 ait,
1645 368 1890 409 cursum
1924 352 1969 407 A
2002 352 2155 411 beret
2180 370 2340 423 eum,
2375 356 2424 411 si
2454 355 2616 413 vult:
2647 371 2723 413 ne
2742 357 3116 433 derelinquas
3145 377 3254 419 nos
3302 362 3361 420 in
3412 364 3653 422 tribula-

232 443 472 517 prioris,
516 441 689 516 quasi
713 456 956 498 cursum
994 442 1314 499 Achimaas
1353 440 1457 497 ﬁlii
1488 441 1699 498 Sadoc.
1726 444 1787 497 Et
1812 441 1894 499 ait

233 531 709 590 rex:Virbonus
735 534 857 587 est:
891 535 947 588 et
992 530 1279 587 nuncium
1333 535 1581 603 portans
1636 530 1886 597 bonum,

232 621 419 679 venit.
462 620 743 678 Clamans
772 625 971 677 autem
1002 619 1341 690 Achimaas,
1364 620 1511 678 dixit
1533 622 1612 677 ad
1641 636 1844 691 regem
1873 642 1885 677 :

244 710 415 769 Salve
434 725 557 767 rex.
595 711 662 766 Et
688 709 949 766 adorans
974 724 1198 779 regem,
1231 725 1433 766 coram
1460 725 1531 766 eo
1574 726 1801 783 pronus
1828 713 1890 767 in

242 804 483 864 terram,
526 798 637 855 ait:
684 797 1031 854 Benedictus
1069 799 1357 855 Dominus
1397 799 1551 855 Deus
1590 803 1745 865 tuus,
1787 798 1891 871 qui

243 886 534 944 conclusit
546 886 815 942 homines
833 886 1513 959 quilevaveruntmanus
1527 903 1669 945 suas
1686 892 1891 945 contra

239 975 558 1033 dominum
574 991 782 1031 meum
804 989 1023 1045 regem.
1042 977 1107 1032 Et
1129 976 1209 1032 ait
1223 993 1323 1032 rex
1345 994 1359 1031 :
1379 979 1551 1033 Estne
1569 992 1683 1048 pax
1704 992 1891 1050 puero

233 1062 838 1137 Absalon?Dixitque
866 1064 1219 1121 Achimaas:
1252 1063 1381 1121 Vidi
1414 1066 1731 1123 tumultum
1761 1082 1891 1123 ma-

231 1168 450 1225 gnum,
474 1168 614 1208 cum
641 1152 898 1209 mitteret
940 1152 1092 1209 Joab
1124 1168 1326 1209 servus
1364 1159 1522 1221 tuus,
1556 1170 1592 1209 o
1641 1170 1762 1220 rex,
1795 1170 1892 1211 me

232 1255 480 1298 servum
514 1244 714 1297 tuum:
743 1239 948 1297 nescio
976 1240 1156 1298 aliud.
1192 1241 1280 1297 Ad
1309 1258 1488 1314 quem
1517 1258 1640 1309 rex,
1668 1244 1891 1308 Transi,

232 1328 333 1399 ait,
376 1334 438 1386 et
488 1334 581 1386 sta
630 1329 748 1386 hic.
777 1329 1042 1403 Cumque
1085 1330 1181 1386 ille
1220 1331 1553 1401 transisset,
1592 1338 1649 1388 et
1693 1337 1891 1400 staret,

231 1418 701 1493 apparuitChusi
722 1435 734 1475 :
756 1423 812 1476 et
825 1419 1071 1475 veniens
1083 1420 1164 1476 ait
1186 1436 1197 1473 :
1218 1422 1446 1476 Bonum
1469 1424 1722 1493 apporto
1747 1437 1897 1479 nun-

230 1507 392 1563 cium
404 1548 417 1571 ,
434 1505 681 1564 domine
695 1506 777 1562 mi
791 1520 895 1566 rex
918 1506 1400 1580 :judicavitenim
1422 1524 1530 1581 pro
1545 1514 1597 1565 te
1612 1511 1896 1565 Dominus

228 1595 413 1652 hodie
449 1595 526 1651 de
548 1611 737 1652 manu
765 1596 1037 1652 omnium
1060 1597 1165 1669 qui
1194 1602 1575 1655 surrexerunt
1591 1603 1799 1655 contra
1818 1603 1891 1655 te.

2001 444 2158 500 tione
2182 450 2386 501 nostra
2419 461 2432 512 ;
2476 449 2532 503 et
2559 462 2634 503 ne
2665 462 2701 503 a
2738 450 2793 503 te
2827 463 2936 504 nos
2968 450 3239 522 elonges:
3273 458 3338 510 ut
3386 459 3448 510 tu
3487 453 3650 511 solus

2000 531 2061 588 in
2092 534 2456 605 adjutorium
2486 541 2755 593 nostrum
2775 537 3233 612 respicias,quin
3258 543 3318 598 in
3348 544 3527 600 Cruce
3550 549 3649 601 tua

1998 626 2318 694 potestates
2347 623 2523 695 hujus
2552 624 2752 682 Mundi
2794 627 3143 700 triumphas.
3178 640 3245 699 ἢν.
3284 632 3494 691 Amen.

2069 710 2417 781 Antiphone
2446 716 2502 769 2.
2556 714 2963 786 Quadraginta
3000 716 3175 773 annis
3204 719 3510 789 proximus
3540 721 3648 778 fui-

2000 800 2366 869 generationi
2397 801 2556 870 huic,
2590 809 2646 860 et
2664 803 2778 860 dixi
2799 821 2811 860 :
2836 805 3194 878 Semperisti
3218 812 3418 863 errant
3446 808 3644 865 corde.

2001 888 2228 954 Quibus
2260 890 2459 961 juravi
2480 891 2537 946 in
2562 891 2651 948 ira
2692 908 2868 950 mea:
2901 897 3029 950 Non
3072 894 3401 952 introibunt
3452 895 3512 951 in
3564 912 3651 953 re-

2000 978 2198 1050 quiem
2214 994 2433 1035 meam.
2453 979 2519 1040 37.
2557 980 2666 1036 Ubi
2700 986 3077 1039 tentaverunt
3107 1000 3203 1039 me
3227 988 3424 1057 patres
3449 984 3650 1055 vestri,

2002 1066 2423 1139 probaverunt,
2449 1072 2504 1124 et
2531 1069 2810 1127 viderunt
2837 1087 3021 1143 opera
3046 1088 3200 1128 mea.

2075 1155 2304 1212 Oratio.
2345 1157 2717 1230 Domine,qui
2738 1158 2962 1231 populo
2989 1165 3091 1215 tuo
3104 1175 3212 1232 per
3232 1159 3650 1234 quadragena.

2000 1244 2156 1300 rium
2188 1261 2494 1301 numerum
2531 1263 2829 1304 annorum
2859 1249 3170 1321 proximus
3213 1249 3402 1318 fuisti;
3437 1256 3655 1322 praesta

2005 1334 2274 1390 Ecclesiae
2304 1338 2633 1407 tuee,quam
2658 1336 2965 1408 acquisisti
2981 1338 3170 1408 pretio
3184 1339 3493 1408 sanguinis
3520 1340 3603 1395 tui
3630 1358 3649 1411 ς

2005 1426 2069 1477 ut
2092 1421 2271 1478 corde
2290 1437 2412 1478 non
2448 1428 2677 1479 errent:
2719 1424 2825 1479 sed
2856 1424 3149 1480 infusione
3180 1427 3374 1482 Sancti
3409 1428 3654 1499 Spiritus

2004 1509 2167 1566 illam
2188 1510 2385 1582 reple;
2414 1515 2470 1567 et
2498 1526 2631 1567 eam
2666 1511 2769 1568 tibi
2799 1508 3039 1569 adsocia
3071 1512 3131 1569 in
3163 1518 3385 1570 aeterna
3408 1515 3654 1572 beatitu-

2004 1597 2166 1655 dine.
2194 1610 2257 1669 Βτ.
2290 1603 2504 1655 Amen.

228 1684 393 1741 Dixit
428 1690 633 1742 autem
654 1700 759 1741 rex
793 1684 871 1741 ad
903 1685 1110 1741 Chusi:
1144 1687 1320 1741 Estne
1350 1702 1471 1758 pax
1499 1702 1687 1759 puero
1713 1688 1896 1744 Absa'
1918 1718 1963 1773 Β
2074 1687 2427 1756 Antiphona
2448 1691 2499 1743 3.
2534 1685 2765 1744 Inimici
2792 1688 2907 1744 mei
2962 1688 3178 1762 vivent,
3233 1694 3289 1746 et
3342 1688 3653 1747 confortati

226 1773 331 1830 lon
354 1774 385 1829 ?
408 1773 511 1829 Cui
528 1773 901 1846 respondens
918 1773 1117 1840 Chusi,
1133 1773 1315 1845 Fiant,
1342 1774 1889 1848 inquit,sicutpuer,

229 1862 462 1919 inimici
512 1862 744 1918 domini
788 1862 907 1918 mei
934 1862 1111 1933 regis,
1138 1867 1195 1918 et
1220 1863 1485 1919 universi
1511 1864 1615 1936 qui
1644 1880 1890 1921 consur-

228 1954 388 2022 gunt
424 1949 703 2007 adversus
733 1966 873 2008 eum
892 1950 954 2007 in
983 1950 1231 2007 malum.
1274 1953 1665 2008 Contristatus
1692 1953 1891 2026 itaque

224 2038 631 2104 rex,ascendit
646 2039 1022 2097 cmnaculum
1036 2045 1303 2113 portae,et
1320 2040 1573 2097 ﬂevit.Et
1590 2041 1671 2097 sic
1691 2041 1893 2113 loque-

224 2128 432 2194 batur,
448 2128 673 2185 vadens
698 2146 710 2183 :
731 2128 838 2185 Fili
855 2128 937 2185 mi
953 2128 1508 2200 Absalon,Absalon
1528 2129 1609 2185 ﬁli
1622 2132 1732 2186 mi:
1756 2130 1893 2203 quis

224 2217 381 2274 mihi
412 2217 632 2274 tribuat
659 2226 721 2273 ut
758 2233 869 2289 ego
896 2218 1118 2274 moriar
1144 2234 1255 2292 pro
1281 2223 1359 2290 te,
1389 2218 1656 2275 Absalon
1676 2219 1760 2275 ﬁli
1786 2219 1891 2284 mi,

225 2306 338 2363 Fili
366 2306 776 2364 miAbsalon?
814 2307 989 2379 (Cap.
1012 2309 1162 2380 xrx.)
1191 2308 1548 2364 Nunciatum
1578 2313 1665 2366 est
1694 2313 1893 2365 autem

227 2394 389 2452 Joab
443 2395 613 2467 quod
650 2407 753 2451 rex
781 2395 966 2463 ﬂeret,
999 2401 1053 2453 et
1091 2396 1324 2469 lugeret
1365 2396 1551 2452 ﬁlium
1591 2414 1804 2454 suum:
1839 2400 1896 2454 et

229 2499 411 2540 versa
441 2488 531 2540 est
556 2484 804 2541 victoria
830 2484 891 2540 in
935 2483 1161 2541 luctum
1191 2483 1249 2541 in
1294 2484 1389 2541 die
1440 2484 1542 2542 illa
1594 2487 1757 2542 omni
1792 2502 1895 2559 po-

220 2572 372 2645 pulo
398 2590 411 2627 :
447 2572 677 2629 audivit
705 2573 864 2629 enim
894 2572 1156 2647 populus
1183 2574 1245 2629 in
1284 2572 1380 2631 die
1410 2574 1516 2631 illa
1545 2574 1695 2631 dici:
1725 2575 1893 2632 Dolet

220 2676 325 2717 rex
346 2677 534 2735 super
562 2660 683 2718 ﬁlio
706 2677 834 2718 suo.
870 2660 1271 2719 Etdeclinavit
1299 2662 1556 2736 populus
1582 2663 1645 2720 in
1677 2664 1772 2720 die
1793 2663 1894 2720 illa

221 2750 464 2823 ingredi
484 2750 1120 2824 civitatem,quomodo
1148 2750 1446 2810 declinare
1471 2751 1619 2810 solet
1636 2752 1893 2826 populus

222 2853 443 2896 versus
460 2844 518 2896 et
545 2839 783 2911 fugiens
799 2839 874 2897 de
886 2840 1112 2913 praelio.
1136 2840 1317 2898 Porro
1336 2856 1441 2897 rex
1457 2841 1691 2914 operuit
1715 2833 1896 2914 caput

226 2944 430 3001 suum,
466 2933 524 2986 et
546 2928 849 2987 clamabat
874 2946 1021 2987 voce
1050 2946 1310 3002 magna:
1344 2931 1446 2988 Fili
1480 2931 1562 2988 mi
1606 2931 1890 2999 Absalon,

225 3018 499 3076 Absalon
521 3018 606 3075 ﬁli
637 3020 740 3076 mi.
764 3023 1080 3091 Ingressus
1117 3034 1259 3091 ergo
1288 3022 1439 3077 Joab
1474 3020 1553 3077 ad
1598 3036 1801 3092 regem
1832 3021 1892 3078 in

2004 1780 2143 1831 sunt
2171 1791 2350 1848 super
2375 1792 2495 1832 me:
2538 1782 2595 1832 et
2624 1777 2991 1850 multiplicati
3014 1785 3151 1833 sunt
3189 1793 3369 1851 super
3412 1795 3539 1834 me:
3576 1795 3650 1835 ne

2000 1862 2381 1935 derelinquas
2411 1881 2525 1921 me.
2560 1876 2622 1935 Βι.
2647 1866 2889 1922 Intende
2911 1865 3129 1923 animae
3165 1882 3334 1935 meae,
3373 1871 3429 1923 et
3449 1867 3652 1924 'libera

1999 1968 2135 2010 eam
2162 1969 2175 2005 :
2210 1958 2446 2025 propter
2469 1954 2744 2011 inimicos
2772 1971 2938 2011 meos
2971 1955 3132 2028 eripe
3161 1971 3279 2012 me.

2070 2042 2371 2111 Hymnus.
2401 2042 2444 2099 Ο
2468 2045 2781 2108 Nazarene,
2802 2043 2922 2099 lux.
2956 2044 3061 2113 fol.
3108 2044 3226 2099 144.

2075 2130 2301 2187 Oratio.
2325 2129 2553 2187 Inimici
2578 2131 3168 2198 tui,Domine,vivent
3184 2132 3243 2187 in
3256 2131 3479 2204 poenis:
3499 2147 3653 2206 quos

2002 2219 2342 2276 destruxisti
2372 2221 2640 2292 potentia
2672 2220 2868 2277 Crucis
2893 2238 2905 2277 :
2926 2223 3052 2278 Non
3083 2236 3225 2292 ergo
3258 2237 3439 2294 super
3470 2222 3657 2278 Eccle-

2003 2308 2145 2365 siam
2172 2313 2337 2365 tuam
2368 2308 2614 2365 ulterius
2637 2309 3057 2376 confortentur,
3100 2310 3206 2382 qui
3251 2310 3434 2367 semel
3465 2310 3657 2381 gloria

2002 2398 2117 2452 tua:
2151 2396 2451 2469 passionis
2471 2398 2684 2454 evincti
2706 2403 2883 2455 sunt:
2918 2398 3269 2456 utmembra
3301 2403 3402 2457 tua
3438 2399 3654 2455 vexillo

2004 2484 2206 2542 Crucis
2238 2491 2460 2558 erepta,
2493 2488 2639 2543 etde
2668 2488 2837 2545 hoste
2872 2488 3177 2545 victoriam
3194 2488 3450 2561 capiant,
3481 2492 3537 2544 et
3561 2503 3655 2544 ex-

2003 2577 2208 2646 optata
2237 2574 2311 2630 de
2334 2575 2534 2647 spoliis
2564 2576 2826 2632 hostium
2846 2575 3013 2632 lucra
3028 2575 3401 2649 conquirant.

2073 2661 2239 2718 Pater
2268 2668 2482 2719 noster.

2608 2751 2717 2809 Ad
2746 2752 3040 2820 Vesperos.

2074 2839 2303 2895 Lauda.
2340 2838 2630 2895 Dominus
2659 2839 3016 2896 illuminatio
3046 2854 3200 2905 mea,
3230 2843 3286 2896 et
3315 2839 3473 2896 salus
3502 2854 3656 2909 mea,

2002 2942 2185 2999 quem
2216 2926 2438 2984 timebo
2457 2928 2485 2983 ?

2073 3015 2437 3085 Antiphona.
2494 3016 2759 3074 Clamavi
2803 3016 2879 3074 ad
2932 3020 2988 3073 te
3022 3016 3290 3082 Domine,
3314 3022 3371 3073 et
3391 3015 3656 3074 dixizTu

228 3107 508 3173 domum,
529 3107 707 3164 dixit:
729 3081 1059 3164 Convfudisti
1074 3081 1249 3165 hodie
1269 3107 1466 3165 vultus
1485 3081 1757 3166 omnium
1776 3126 1895 3166 ser-
1924 3081 1967 3139 δ
2006 3121 2147 3178 spes
2188 3120 2324 3162 mea
2354 3122 2436 3172 es,
2462 3106 2659 3178 portio
2690 3122 2825 3163 mea
2844 3107 2905 3163 in
2936 3112 3089 3164 terra
3122 3106 3466 3163 viventium.
3500 3107 3659 3163 Educ

229 3208 448 3253 Vorum
466 3200 730 3262 tuorum,
754 3197 855 3269 qui
870 3196 1100 3254 salvam
1122 3197 1387 3255 fecerunt
1414 3200 1679 3255 animam
1702 3204 1889 3267 tuam,

229 3292 283 3342 et
338 3285 617 3341 animam
655 3284 918 3342 ﬁliorum
967 3290 1227 3354 tuorum,
1294 3291 1351 3343 et
1391 3287 1650 3345 ﬁliarum
1704 3294 1889 3353 tuam,

230 3376 505 3432 animam
527 3391 784 3431 uxorum
804 3377 1406 3442 tuarum,etanimam
1419 3377 1894 3436 concubinarum

227 3470 497 3521 tuarum.
524 3464 728 3535 Diligis
749 3464 1016 3521 odientes
1045 3470 1118 3533 te,
1140 3470 1195 3522 et
1212 3467 1349 3523 odio
1377 3466 1566 3523 habes
1588 3467 1897 3538 diligentes

226 3558 282 3610 te
308 3574 321 3613 :
357 3552 751 3609 etostendisti
780 3552 979 3621 hodie,
1016 3555 1156 3627 quia
1185 3570 1309 3611 non
1339 3571 1514 3612 curas
1545 3556 1618 3611 de
1636 3555 1895 3612 ducibus

230 3643 372 3707 tuis,
398 3646 459 3697 et
494 3641 570 3698 de
599 3641 785 3698 servis
814 3641 968 3698 tuis:
1002 3647 1058 3698 et
1081 3657 1215 3699 vere
1246 3645 1500 3714 cognovi
1528 3645 1732 3709 modo,
1753 3643 1899 3717 quia

234 3732 286 3787 si
311 3730 581 3787 Absalon
614 3730 850 3795 viveret,
886 3736 943 3787 et
971 3747 1181 3789 omnes
1218 3748 1330 3789 nos
1385 3734 1894 3799 occubuissemus,

233 3822 378 3876 tunc
408 3819 674 3893 placeret
702 3818 831 3875 tibi.
858 3820 1023 3876 Nunc
1051 3836 1193 3892 ergo
1232 3836 1429 3893 surge,
1452 3826 1509 3878 et
1537 3822 1813 3895 procede,
1843 3824 1900 3880 et

234 3908 549 3982 alloquens
576 3908 818 3965 satisfac
857 3910 1039 3965 servis
1070 3910 1220 3966 tuis:
1272 3910 1412 3984 juro
1459 3912 1622 3968 enim
1653 3911 1757 3969 tibi
1793 3929 1901 3986 per

236 3999 589 4064 Dominum,
608 3998 769 4071 quod
800 3998 851 4054 si
870 4014 991 4055 non
1009 3999 1240 4067 exieris,
1264 4015 1341 4057 ne
1365 4016 1521 4059 unus
1541 4000 1787 4074 quidem
1813 4018 1901 4058 re-

241 4103 571 4145 mansurus
605 4084 684 4143 sit
728 4091 923 4144 tecum
953 4092 1125 4146 nocte
1152 4088 1372 4147 haczet
1418 4091 1592 4163 pejus
1636 4091 1743 4147 erit
1786 4092 1901 4149 hoc

250 4175 379 4242 tibi,
411 4191 589 4246 quam
620 4176 826 4233 omnia
855 4176 1015 4233 mala
1042 4192 1179 4249 quae
1208 4184 1499 4235 venerunt
1525 4194 1703 4251 super
1720 4183 1794 4244 te,
1822 4178 1900 4236 ab

246 4261 649 4321 adolescentia
680 4268 783 4321 tua
836 4280 1027 4338 usque
1047 4266 1108 4320 in
1134 4282 1420 4338 praesens.
1457 4266 1717 4324 Surrexit
1759 4282 1901 4339 ergo

241 4370 347 4410 rex
372 4357 430 4409 et
460 4352 611 4410 sedit
638 4353 697 4409 in
717 4358 914 4426 porta:
940 4359 994 4412 et
1010 4352 1173 4411 omni
1191 4355 1416 4429 populo
1440 4357 1791 4414 nunciatum
1814 4361 1904 4414 est

2003 3194 2078 3251 de
2119 3210 2375 3252 carcere.
2407 3194 2679 3253 Psalmus
2704 3211 2847 3253 CXLI.

2078 3285 2303 3341 Lauda.
2326 3285 2641 3350 Quomodo
2682 3284 2860 3340 dilexi
2888 3284 3082 3356 legem
3115 3287 3303 3353 tuam,
3364 3283 3657 3340 Domine?

2007 3375 2130 3430 tota
2159 3373 2253 3431 die
2278 3374 2581 3430 meditatio
2628 3389 2768 3429 mea
2792 3378 2896 3429 est.
2938 3372 3294 3432 V.Retribue
3326 3387 3499 3427 servo
3531 3375 3651 3438 tuo,

2006 3462 2235 3519 vivam:
2270 3467 2326 3519 et
2352 3462 2687 3518 custodiam
2721 3476 3047 3517 sermones.

2074 3552 2372 3623 Hymnus.
2397 3550 2652 3608 Verbum
2676 3550 2877 3606 Patris.
2907 3551 3020 3619 fol.
3043 3550 3167 3605 252.

2078 3640 2374 3711 Capitula.
2419 3639 2699 3709 Gloriose,
2729 3644 2961 3712 potens.
2991 3640 3099 3708 fol.
3134 3640 3258 3694 264.

2078 3729 2307 3786 Lauda.
2337 3727 2807 3799 Fecijudicium.
2832 3728 2943 3799 fol.
2977 3731 3099 3784 296.

2648 3832 2809 3872 FEBIA
2851 3832 3029 3873 SEXTA

2580 3904 2680 3960 Ad
2717 3906 3083 3963 Matutinum.

2078 3992 2449 4066 Antiphona.
2486 3993 2645 4050 Multi
2697 3993 2901 4050 dicunt
2945 3994 3151 4050 animas
3192 4007 3374 4049 meae:
3424 3993 3549 4049 Non
3575 3996 3663 4049 est

2008 4083 2169 4141 salus
2186 4084 2299 4155 ipsi
2327 4084 2387 4139 in
2410 4082 2531 4140 Deo
2562 4082 2712 4154 ejus.
2734 4084 2817 4139 Tu
2843 4088 3045 4140 autem
3073 4082 3326 4139 Domine
3353 4086 3660 4153 susceptor

2008 4189 2180 4231 meus
2209 4188 2290 4229 es.
2326 4174 2589 4229 Psalmus
2618 4188 2697 4228 ιιι.

2081 4261 2294 4320 Oratio.
2329 4261 2690 4334 Multiplicati
2721 4265 2878 4327 sunt,
2906 4260 3170 4318 Domine.
3202 4260 3312 4331 fol.
3362 4263 3480 4315 170.

2080 4350 2421 4423 Antz'phona
2448 4353 2497 4407 1.
2528 4351 2765 4409 Placeat
2786 4350 2909 4417 tibi,
2945 4350 3214 4417 Domine,
3256 4349 3507 4405 liberare
3527 4364 3659 4404 me:

238 4441 415 4515 quod
436 4457 541 4498 rex
572 4441 799 4500 sederet
827 4443 888 4499 in
915 4449 1088 4516 porta
1106 4463 1124 4500 :
1154 4443 1434 4519 venitque
1448 4446 1724 4505 universa
1748 4447 1903 4506 mul-
1932 4438 1979 4494 D
2013 4441 2257 4498 Domine
2274 4440 2335 4497 in
2349 4438 2637 4499 auxilium
2654 4437 3081 4512 mequrespice
3103 4456 3115 4491 :
3137 4437 3665 4503 confundantur,et

242 4530 438 4588 titudo
460 4546 663 4589 coram
691 4546 829 4603 rege
855 4551 867 4592 :
915 4532 1093 4589 Israel
1123 4538 1320 4590 autem
1362 4534 1510 4607 fugit
1534 4536 1595 4593 in
1627 4536 1901 4594 taberna-

244 4619 387 4677 cula
426 4636 556 4676 sua.
590 4631 651 4689 av.
684 4620 892 4677 Amen.

316 4709 669 4781 Antiphone
704 4716 755 4768 t.
797 4710 908 4778 Qui
944 4705 1366 4771 custodiebant
1384 4714 1653 4773 animam
1679 4731 1900 4783 meam,

249 4798 575 4857 consilium
604 4799 871 4857 fecerunt
891 4800 951 4856 in
968 4816 1172 4866 unum,
1207 4800 1503 4859 dicentes:
1540 4805 1715 4877 322
1749 4806 1905 4861 Deus

243 4887 612 4961 derelinquit
635 4886 836 4949 illum:
860 4889 1313 4963 persequimini,
1329 4895 1387 4948 et
1418 4893 1905 4966 comprehendite

243 4994 411 5049 eum,
455 4975 605 5051 quia
637 4993 760 5034 non
790 4984 897 5050 est,
921 4980 1024 5052 qui
1040 4978 1250 5036 liberet
1265 4996 1422 5037 eum.
1450 4981 1609 5038 Deus
1635 4999 1905 5051 meus,ne

250 5066 497 5139 elonges
528 5082 565 5123 a
593 5082 726 5123 me:
761 5068 915 5124 Deus
940 5084 1134 5135 meus,
1179 5069 1240 5125 in
1279 5070 1645 5141 adjutorium
1702 5088 1907 5129 meum

250 5155 514 5214 intende.
543 5154 612 5217 ἡ.
639 5155 815 5223 Deus,
844 5157 904 5213 in
929 5160 980 5213 te
1006 5159 1270 5231 speravi:
1300 5159 1548 5217 Domine
1604 5178 1727 5220 non
1770 5179 1908 5221 con-

250 5243 472 5303 {under
494 5244 557 5302 in
586 5248 895 5303 aeternum.

319 5330 531 5389 Oratio
553 5330 765 5386 LDeus
781 5331 1200 5405 virtutum,qui
1216 5349 1352 5390 cum
1371 5350 1530 5393 esses
1548 5337 1906 5411 Deus,spon-

250 5421 422 5477 tanee
448 5423 503 5476 te
549 5419 978 5491 comprehendi
1014 5420 1248 5479 voluisti
1280 5427 1545 5499 tempore
1571 5428 1900 5501 passionis;

250 5505 398 5569 dum
423 5508 816 5569 adversumte
837 5500 1153 5570 consilium
1183 5508 1464 5588 facerent,
1495 5515 1792 5576 dicentes:
1819 5500 1905 5576 Li-

2009 4536 2392 4589 revereantur
2428 4546 2638 4588 omnes
2685 4528 3052 4604 inquirentes
3107 4528 3371 4585 animam
3413 4542 3611 4583 meam
3645 4544 3658 4581 :

2012 4625 2537 4690 avertanturretro,
2572 4627 2629 4677 et
2657 4621 3026 4686 erubescant,
3056 4619 3161 4693 qui
3209 4617 3472 4690 cogitant
3517 4612 3663 4669 mihi

2012 4712 2192 4770 mala.
2214 4712 2276 4772 v.
2300 4704 2511 4767 Ferant
2534 4709 2845 4767 confestim
2870 4707 3285 4765 confusionem
3334 4720 3526 4767 suam,
3559 4699 3664 4773 qui

2014 4800 2219 4859 dicunt
2243 4799 2421 4856 mihi:
2451 4801 2632 4870 Euge,
2660 4812 2829 4868 euge.
2867 4792 3004 4853 Non
3030 4796 3269 4851 dicatur
3300 4792 3513 4848 Gloria.

2088 4888 2314 4948 Oratio.
2340 4883 2575 4945 Placeat
2603 4886 2710 4943 tibi
2731 4884 2979 4943 Domine
2995 4882 3240 4940 liberare
3252 4895 3363 4937 nos
3385 4880 3458 4937 de
3479 4895 3665 4938 manu

2013 4979 2276 5037 hostium
2297 4995 2309 5033 :
2334 4982 2391 5035 et
2407 4976 2853 5035 confundantur
2866 4980 2921 5031 et
2941 4974 3319 5030 revereantur
3335 4974 3667 5044 quaerentes

2015 5068 2302 5138 deglutire
2332 5082 2473 5124 nos:
2506 5070 2568 5122 In
2599 5064 2887 5122 auxilium
2909 5062 3084 5119 nobis
3116 5075 3380 5126 occurre,
3413 5060 3519 5132 qui
3551 5059 3669 5115 fac-

2018 5163 2109 5215 tus
2135 5174 2197 5213 es
2223 5161 2425 5213 noster
2454 5154 2719 5227 adjutor:
2757 5159 2820 5211 ut
2865 5168 2987 5211 non
3022 5151 3451 5210 erubescamus
3491 5150 3552 5205 in
3574 5164 3670 5203 ac-

2015 5245 2173 5306 tibus
2221 5244 2548 5317 pravitatis,
2581 5243 2685 5317 qui
2718 5251 2831 5300 tua:
2872 5259 2979 5299 nos
3022 5240 3323 5299 credimus
3353 5239 3666 5295 innovatos

2016 5334 2205 5406 gloria
2229 5332 2546 5407 passionis.
2579 5343 2643 5404 Βτ.
2676 5339 2886 5390 Amen.

2085 5423 2417 5495 Antiphone
2454 5429 2507 5481 2.
2541 5425 2742 5482 Locuti
2782 5428 2923 5481 sunt
2946 5422 3263 5481 adversum
3289 5432 3386 5472 me
3440 5410 3667 5475 inimici

2016 5517 2132 5575 mei
2161 5516 2343 5583 mala,
2365 5520 2423 5576 et
2446 5512 2821 5577 sermonibus
2851 5513 2971 5572 odii
3002 5505 3664 5573 circumdederuntme.
