4094 6164
141 242 249 313 549

1308 252 1657 310 DOMINICA
1695 224 1745 309 v
1784 224 2397 321 QUADRAGESle’E.

3432 236 3539 315 550

141 379 276 435 veni
298 379 376 434 de
392 377 1400 451 omnidomoJoseph,descendique
1415 380 1471 434 in
1489 394 1798 434 occursum
1831 380 1879 432 A
1914 378 2914 447 ettraduxeruntregemetdomum
2927 382 3052 453 ejus
3067 384 3409 451 Jordanem,
3434 400 3564 442 om-

145 467 374 524 domini
389 468 506 522 mei
523 466 699 535 regis.
716 466 1103 538 Respondeas
1120 483 1260 521 vero
1275 467 1477 522 Abisai
1497 466 1652 521 ﬁlius
1673 469 1800 521 Sar-

145 559 257 612 viae
279 556 459 611 dixit:
498 555 799 627 Numquid
829 570 937 625 pro
966 554 1058 608 his
1091 555 1285 609 verbis
1320 572 1438 610 non
1500 556 1805 613 occidetur

148 646 473 717 Semei,qui
490 644 1089 699 maledixeritchristo
1113 645 1343 698 Domini
1366 646 1467 699 ?l§t
1486 646 1563 699 ait
1584 644 1761 699 David
1791 660 1802 699 :

155 736 306 804 Quid
337 737 500 797 mihi,
531 735 772 789 etvobis
792 734 871 788 ﬁli
897 735 1159 789 Sarviaz?
1193 752 1297 788 cur
1319 734 1620 789 efficiiiiini
1663 734 1808 789 mihi

156 824 335 881 hodie
356 822 415 877 in
439 823 653 877 sathan
676 822 704 875 ?
727 838 943 892 ergone
974 822 1150 876 hodie
1196 823 1577 878 interﬁcietur
1614 822 1698 877 vir
1749 823 1810 877 in

158 913 388 969 Israel?
409 928 482 967 an
512 913 725 979 ignoro
750 911 928 965 hodie
960 928 1054 966 me
1096 910 1317 967 factum
1370 928 1573 981 regem
1633 927 1812 984 super

156 1000 386 1057 Israel?
409 1003 471 1054 Et
491 998 573 1054 ait
600 1015 705 1054 rex
726 999 917 1055 Semei
952 1016 963 1053 :
995 1002 1119 1054 Non
1149 999 1438 1054 morieris.
1464 1000 1811 1071 Juravitque

156 1090 225 1145 ei.
255 1087 648 1160 Miphiboseth
678 1102 920 1159 quoque
945 1086 1101 1141 ﬁlius
1134 1086 1275 1144 Saul
1295 1088 1600 1142 descendit
1621 1088 1682 1141 in
1712 1104 1808 1143 oc-

153 1194 395 1234 cursum
428 1178 607 1245 regis,
629 1174 809 1230 illotis
827 1174 1102 1246 pedibus,
1122 1182 1175 1230 et
1198 1176 1439 1231 intonsa
1468 1175 1661 1230 barba
1685 1192 1697 1230 :
1717 1192 1808 1230 ve-

154 1272 395 1337 stesque
428 1280 572 1318 suas
603 1262 962 1319 nonlaverat
990 1280 1025 1318 a
1055 1263 1151 1318 die
1169 1280 1290 1335 qua
1321 1281 1592 1336 egressus
1621 1264 1812 1320 fuerat

151 1370 272 1417 rex.
310 1368 511 1425 usque
535 1351 612 1407 ad
643 1351 1173 1407 diemreversionis
1195 1354 1322 1423 ejus
1355 1353 1411 1407 in
1440 1369 1605 1426 pace.
1643 1355 1814 1407 Cum-

152 1459 267 1515 que
285 1440 648 1496 occurrisset
679 1440 822 1511 regi,
843 1440 1186 1495 dixiteirex:
1220 1443 1411 1507 Quare
1442 1457 1562 1495 non
1602 1440 1813 1495 venisti

153 1528 833 1599 mecum,Miphiboseth
854 1528 964 1582 ?Et
990 1529 1360 1599 respondens
1400 1530 1479 1584 ait
1510 1550 1520 1587 :
1551 1528 1813 1586 Domine

154 1621 379 1679 mirex,
403 1632 613 1671 servus
632 1631 801 1671 meus
816 1618 1169 1686 contempsit
1190 1633 1285 1671 me
1314 1636 1325 1671 :
1371 1617 1613 1688 dixique
1635 1617 1685 1671 ei
1706 1631 1814 1687 ego

1913 484 2141 539 nesque
2157 468 2309 522 viros
2338 470 2762 525 Davidcumeo
2786 470 2812 524 ?
2840 473 2904 527 Et
2928 474 3442 543 responditomnis
3471 475 3561 530 vir

1913 557 2059 611 Juda
2089 556 2164 610 ad
2195 556 2351 611 viros
2384 558 2558 613 lsrael
2591 558 2770 629 :quia
2811 558 2955 615 mihi
3009 561 3250 631 propior
3289 569 3375 618 est
3406 579 3509 619 rex
3541 578 3555 618 :

1917 644 2301 699 curirasceris
2316 661 2493 718 super
2506 647 2615 702 hac
2632 664 2688 701 re
2711 647 2737 701 ?
2751 647 3046 719 numquid
3065 650 3434 709 comedimus
3452 652 3558 709 ali-

1919 733 2063 803 quid
2087 750 2155 788 ex
2187 750 2340 803 rege,
2367 739 2469 789 aut
2498 752 2748 791 munera
2774 736 2951 791 nobis
2991 736 3134 792 data
3180 745 3316 794 sunt
3335 739 3361 793 Ὺ
3386 742 3447 794 Et
3476 756 3563 795 re~

1920 820 2161 891 spondit
2186 821 2270 876 vir
2302 822 2478 879 lsrael
2508 824 2586 879 ad
2613 824 2767 879 viros
2799 824 2971 893 Juda,
3000 826 3170 891 etait;
3203 826 3565 898 Decempar-

1918 909 2075 964 tibus
2100 911 2293 980 major
2310 927 2419 983 ego
2438 929 2573 967 sum
2594 913 2758 985 apud
2783 928 3010 983 regem,
3030 914 3342 986 magisque
3373 915 3452 971 ad
3470 931 3568 973 me

1918 999 2166 1070 pertinet
2182 999 2580 1071 David,quam
2602 1001 2677 1059 ad
2697 1007 2770 1057 te:
2796 1018 2900 1056 cur
2920 1001 3107 1059 fecisti
3122 1002 3270 1061 mihi
3291 1003 3568 1074 injuriam

1920 1091 1975 1141 et
2004 1103 2125 1141 non
2150 1087 2295 1143 mihi
2325 1088 2675 1145 nunciatum
2707 1094 2791 1145 est
2811 1090 3008 1161 priori,
3028 1094 3088 1145 ut
3117 1091 3464 1149 reducerem
3481 1107 3569 1151 re-

1920 1190 2056 1246 gem
2082 1192 2283 1231 meum
2301 1174 2329 1231 ‘l’
2362 1178 2571 1233 Durius
2601 1184 2801 1234 autem
2829 1178 3262 1249 responderunt
3286 1180 3389 1236 viri
3412 1180 3570 1241 ludo.

1920 1264 2059 1318 viris
2092 1264 2289 1319 Israel.
2321 1265 2495 1335 (Cap.
2522 1266 2646 1334 xx.)
2671 1265 2896 1321 Accidit
2920 1282 3160 1338 quoque
3203 1272 3265 1325 ut
3290 1268 3373 1329 ibi
3413 1273 3570 1328 esset

1922 1352 2007 1405 vir
2030 1351 2480 1419 Belial,nomine
2500 1353 2674 1420 Seba,
2690 1352 2846 1409 ﬁlius
2862 1354 3105 1409 Bochri:
3128 1355 3214 1411 vir
3233 1357 3559 1414 Jemineus:

1924 1444 1982 1495 et
2009 1440 2510 1505 cecinitbuccina,
2546 1448 2601 1496 et
2622 1442 2702 1496 ait
2731 1459 2744 1495 :
2774 1457 2897 1497 non
2929 1448 3014 1497 est
3035 1443 3208 1499 nobis
3223 1460 3361 1514 pars
3390 1446 3449 1501 in
3466 1449 3574 1501 Da.

1924 1528 2041 1592 vid,
2064 1544 2256 1600 neque
2282 1528 2580 1585 hereditas
2596 1529 2655 1584 in
2678 1528 2796 1585 ﬁlio
2812 1529 2923 1585 lsai
2957 1550 2970 1584 :
2991 1538 3282 1587 revertere
3298 1533 3360 1589 in
3378 1533 3574 1590 taber-

1924 1616 2139 1670 nacula
2161 1624 2259 1671 tua
2306 1616 2497 1673 lsrael.
2533 1620 2594 1673 Et
2626 1624 2938 1689 separatus
2973 1623 3061 1675 est
3089 1620 3289 1676 omnis
3334 1621 3513 1678 Israel
3537 1637 3575 1679 a

154 1706 427 1762 famulus
460 1710 622 1767 tuus,
654 1708 718 1759 ut
749 1704 1186 1759 sterneretmihi
1208 1704 1467 1767 asinum,
1489 1711 1543 1760 et
1571 1705 1817 1760 descen-
1848 1715 1891 1768 B
1926 1705 2128 1773 David,
2148 1711 2502 1778 secutusque
2518 1707 2769 1762 estSeba
2788 1707 2976 1765 ﬁlium
2992 1707 3196 1763 Bochri
3220 1728 3233 1768 :
3256 1710 3365 1767 viri
3380 1716 3576 1767 autem

156 1795 308 1850 dcns
335 1793 572 1849 abirem
603 1809 742 1847 cum
768 1807 905 1861 rege
932 1809 943 1846 :
966 1790 1216 1847 claudus
1246 1793 1405 1848 enim
1441 1810 1572 1847 sum
1605 1810 1815 1848 servus

158 1890 327 1940 tuus.
358 1887 610 1953 insuper
640 1887 695 1937 et
724 1881 1029 1936 accusavit
1059 1897 1154 1937 me
1183 1898 1417 1937 servum
1456 1888 1623 1937 tuum
1653 1882 1731 1937 ad
1763 1887 1817 1937 te

162 1970 487 2028 dominum
514 1986 718 2025 meum
732 1984 934 2039 regem
960 1973 1056 2025 :tu
1086 1973 1289 2025 autem
1316 1970 1554 2024 domine
1586 1970 1667 2025 mi
1692 1986 1813 2035 rex,

160 2062 317 2116 sicut
350 2058 601 2129 angelus
627 2058 823 2122 Deies,
849 2058 943 2113 fac
957 2058 1120 2131 quod
1143 2058 1429 2130 placitum
1455 2064 1541 2113 est
1566 2058 1688 2114 tibi.
1715 2062 1819 2119 Ne-

156 2166 274 2223 que
296 2150 461 2204 enim
491 2147 829 2203 fuitdomus
859 2149 1042 2219 patris
1082 2148 1199 2203 mei
1227 2148 1343 2205 nisi
1373 2150 1534 2203 morti
1554 2149 1820 2203 obnoxia

155 2238 411 2295 domino
426 2252 563 2292 meo
575 2237 719 2305 regi:
737 2242 797 2291 tu
812 2252 1017 2292 aurem
1035 2237 1286 2309 posuisti
1301 2253 1385 2291 me
1398 2252 1633 2291 servum
1658 2241 1821 2291 tuum

152 2329 307 2383 inter
335 2324 628 2381 convivas
651 2341 873 2379 mensae
904 2330 1019 2379 ture
1051 2341 1063 2380 :
1110 2325 1255 2396 quid
1280 2342 1417 2395 ergo
1432 2325 1619 2379 habes
1643 2324 1819 2395 justae

154 2415 451 2490 querelae?
462 2417 566 2469 aut
577 2413 723 2485 quid
738 2429 985 2484 possum
1002 2414 1152 2468 ultra
1168 2412 1476 2470 vociferari
1495 2412 1571 2468 ad
1590 2413 1822 2483 regem?

155 2505 245 2559 Ait
266 2519 418 2573 ergo
446 2504 501 2557 ei
516 2501 808 2567 reszuid
834 2501 987 2556 ultra
1006 2501 1266 2572 loqueris
1293 2502 1321 2557 ?
1349 2501 1533 2557 ﬁxum
1552 2500 1818 2573 estquod

148 2592 391 2649 locutus
423 2604 562 2645 sum
598 2605 610 2642 :
642 2594 706 2643 tu
722 2594 778 2643 et
810 2590 948 2645 Siba
977 2588 1219 2643 dividite
1250 2589 1683 2662 possessiones.
1719 2591 1821 2642 Re-

146 2680 525 2753 sponditque
538 2676 929 2748 Miphiboseth
940 2676 1062 2749 regi
1082 2694 1094 2730 :
1118 2677 1301 2731 Etiam
1317 2681 1531 2731 cuncta
1548 2675 1816 2747 accipiat,

143 2775 494 2842 postquam
508 2781 786 2821 reversus
802 2770 887 2819 est
904 2765 1183 2820 dominus
1198 2781 1365 2820 meus
1384 2779 1485 2820 rex
1504 2762 1748 2837 paciﬁce
1763 2764 1823 2817 in

147 2860 420 2914 domum
451 2870 651 2909 suam.
692 2853 942 2908 Berzelai
967 2869 1206 2926 quoque
1252 2853 1607 2917 Galaadites,
1644 2866 1825 2906 senex

147 2946 358 3009 valde,
386 2941 767 2998 descendens
792 2940 865 2995 de
879 2940 1168 3011 Rogelim,
1195 2941 1671 3010 traduxitregem
1702 2940 1826 2994 Jor-

146 3038 414 3104 danem,
458 3036 709 3104 paratus
724 3032 900 3086 etiam
916 3031 1067 3086 ultra
1080 3030 1329 3085 ﬂuvium
1355 3032 1637 3103 prosequi
1665 3046 1823 3095 eum,

146 3129 296 3181 Erat
327 3127 540 3178 autem
564 3120 813 3175 Berzelai
844 3118 1181 3175 Galaadites
1208 3135 1387 3174 senex
1408 3118 1604 3187 valde,
1628 3119 1688 3174 id
1720 3123 1828 3188 est,

150 3210 619 3281 octogenarius,
651 3212 707 3262 et
736 3206 864 3277 ipse
911 3208 1167 3278 praebuit
1204 3208 1485 3263 alimenta
1509 3209 1655 3277 regi,
1692 3224 1831 3262 cum

150 3302 513 3357 moraretur
531 3297 591 3351 in
617 3296 844 3350 castris:
870 3295 975 3350 fuit
1001 3296 1224 3367 quippe
1243 3295 1503 3350 virdives
1524 3297 1721 3352 nimis.
1743 3295 1833 3350 Dl-

148 3390 241 3445 xit
270 3388 491 3458 itaque
518 3400 625 3440 rex
648 3383 725 3438 ad
746 3383 1002 3437 Berzelai
1036 3400 1048 3438 :
1079 3383 1223 3437 Veni
1256 3399 1513 3452 mecum,
1536 3389 1599 3438 ut
1636 3384 1835 3457 requi-

151 3495 330 3535 escas
364 3489 623 3530 securus
649 3474 710 3527 in
740 3472 1129 3528 Hierusalem.
1154 3474 1219 3527 Et
1253 3473 1333 3527 ait
1364 3473 1615 3527 Berzelai
1640 3474 1715 3528 ad
1748 3491 1835 3530 re-

153 3583 298 3637 gem
338 3582 352 3619 :
392 3565 558 3628 Quot
586 3566 726 3615 sunt
758 3559 921 3615 dives
948 3575 1247 3615 annorum
1283 3561 1412 3615 vitae
1450 3577 1621 3627 meae,
1654 3567 1715 3617 ut
1743 3580 1833 3617 as-

154 3656 437 3713 cendam
456 3665 599 3705 cum
613 3649 821 3718 regein
836 3648 1224 3703 Hierusalem?
1247 3650 1674 3719 Octogenarius
1701 3668 1835 3705 sum

152 3743 375 3801 hodie:
394 3738 700 3809 numquid
714 3738 913 3806 vigent
930 3751 1141 3792 sensus
1154 3738 1269 3791 mei
1284 3736 1361 3791 ad
1380 3737 1735 3793 discernend
1746 3756 1838 3794 um

158 3847 387 3895 suave,
434 3832 544 3883 aut
568 3841 842 3881 amarum
865 3822 893 3878 ?
922 3830 1025 3880 aut
1054 3824 1347 3879 delectare
1373 3832 1567 3896 potest
1599 3844 1839 3884 servum

159 3929 353 3979 tuum
385 3918 561 3973 cibus
583 3919 685 3970 aut
714 3914 927 3987 potus?
955 3914 1269 3970 velaudire
1298 3930 1549 3985 possum
1572 3914 1723 3970 ultra
1740 3932 1841 3971 vo-

159 4027 298 4067 cem
310 4009 838 4075 cantorum,atque
853 4003 1265 4057 cantatricum?
1280 4017 1459 4073 quare
1479 4018 1687 4057 servus
1703 4008 1839 4057 tuus

162 4101 248 4154 sit
280 4092 723 4152 oneridomino
736 4106 871 4145 meo
897 4091 1019 4161 regi
1039 4090 1392 4145 ‘?Paululum
1406 4090 1729 4161 procedam
1758 4090 1843 4145 fa-

167 4187 548 4244 mulustuus
574 4180 1131 4237 abJordanetecum
1159 4195 1315 4235 :non
1341 4180 1581 4248 indigeo
1611 4179 1723 4235 hac
1758 4180 1844 4235 vi-

162 4271 681 4339 cissitudine,sed
709 4268 981 4331 obsecro,
1018 4274 1082 4324 ut
1112 4272 1369 4323 revertar
1401 4285 1609 4323 servus
1632 4275 1767 4324 tuus
1790 4276 1846 4326 et

153 4360 488 4422 moriarin
513 4360 748 4415 civitate
765 4363 982 4423 mea,et
996 4356 1251 4427 sepeliar
1266 4357 1438 4427 juxta
1457 4357 1843 4428 sepulchrum

155 4452 374 4527 patris
410 4449 552 4513 mei,
586 4452 643 4502 et
674 4446 879 4502 matris
905 4462 1075 4501 meae.
1105 4448 1203 4500 Est
1232 4453 1435 4500 autem
1463 4462 1671 4501 servus
1710 4454 1846 4502 tuus

152 4544 527 4601 Chamaam
562 4554 574 4590 :
606 4535 733 4607 ipse
749 4534 932 4589 vadat
946 4540 1159 4597 tecum,
1185 4533 1429 4589 domine
1457 4535 1736 4601 mirex,et
1754 4536 1848 4592 fac

154 4624 567 4702 ei,quicquid
588 4624 818 4680 bonum
834 4621 1197 4677 tibividetur.
1218 4622 1367 4675 Dixit
1395 4622 1595 4692 itaque
1624 4626 1678 4677 et
1700 4638 1803 4676 rex
1832 4637 1844 4676 :

152 4724 423 4778 Mecum
456 4718 721 4768 transeat
745 4712 1097 4777 Chamaam,
1130 4714 1187 4765 et
1216 4726 1328 4779 ego
1360 4708 1577 4764 faciam
1608 4711 1850 4782 ei,quic-

158 4808 336 4883 quid
373 4804 485 4861 tibi
515 4801 885 4875 placuerit,et
908 4815 1088 4855 omne
1116 4800 1281 4871 quod
1298 4800 1582 4870 petierisa
1607 4800 1850 4865 me,im—

155 4894 765 4972 petrabis.Cumque
778 4890 1082 4945 transisset
1095 4889 1405 4943 universus
1422 4888 1670 4959 populus
1684 4893 1739 4943 et
1751 4905 1853 4943 rex

156 4987 546 5045 Jordanem,
575 4980 804 5047 restitit,
870 4984 925 5033 et
949 4977 1221 5033 oculatus
1254 4980 1340 5031 est
1365 4993 1468 5031 rex
1498 4977 1773 5041 Berzelai,
1799 4980 1857 5031 et

152 5070 509 5132 benedixit
535 5068 588 5123 ei
621 5086 636 5126 :
678 5072 735 5122 et
763 5067 858 5121 ille
888 5082 1161 5121 reversus
1216 5072 1303 5120 est
1331 5065 1391 5119 in
1420 5065 1619 5119 locum
1652 5080 1851 5119 suum.

151 5159 491 5221 Transivit
516 5172 661 5226 ergo
685 5172 789 5210 rex
811 5156 889 5210 ad
919 5155 1246 5224 Galgalam,
1281 5160 1337 5210 et
1362 5155 1684 5209 Chamaam
1718 5170 1855 5209 cum

151 5267 271 5310 eo:
326 5248 536 5304 omnis
562 5251 767 5300 autem
786 5244 1045 5314 populus
1079 5244 1227 5298 Juda
1258 5244 1603 5298 traduxerat
1630 5258 1855 5313 regem,

147 5350 226 5400 et
254 5337 477 5395 media
507 5340 740 5390 tantum
758 5349 899 5404 pars
913 5332 1250 5387 atfueratde
1276 5331 1500 5403 populo
1531 5334 1728 5386 lsrael.
1754 5334 1857 5386 Ita-

142 5445 313 5506 que
342 5442 563 5483 omnes
584 5424 691 5479 viri
726 5423 909 5478 Israel
934 5428 1347 5477 concurrentes
1374 5422 1448 5476 ad
1470 5420 1859 5490 regem,dixe-

142 5522 339 5581 runt
363 5516 421 5572 ei
443 5531 458 5571 :
502 5515 768 5581 Quarete
785 5510 1115 5568 furatisunt
1126 5510 1338 5568 fratres
1350 5510 1536 5567 nostri
1560 5509 1669 5565 viri
1683 5510 1709 5564 J
1716 5509 1857 5581 uda,

1924 1796 1949 1849 J
1958 1795 2075 1850 uda
2088 1795 2466 1851 adhaeserunt
2482 1795 2605 1865 regi
2627 1812 2757 1856 suo.
2774 1799 3077 1855 alordane
3096 1814 3286 1871 usque
3302 1798 3575 1856 Hierusa-

1926 1883 2069 1939 lem.
2093 1885 2357 1954 Cumque
2383 1884 2637 1939 venisset
2652 1901 2750 1940 rex
2764 1886 2823 1941 in
2840 1886 3090 1943 domum
3105 1903 3278 1942 suam
3296 1887 3357 1941 in
3381 1887 3577 1942 Hieru-

1930 1971 2139 2037 salem,
2156 1972 2281 2027 tulit
2300 1971 2507 2028 decem
2523 1974 2798 2029 mulieres
2814 1976 3206 2041 concubinas,
3236 1990 3392 2046 quas
3412 1974 3580 2029 dere-

1924 2060 2180 2133 liquerat
2204 2060 2280 2115 ad
2308 2061 2756 2118 custodiendam
2776 2064 3102 2133 domum,et
3132 2062 3373 2119 tradidit
3390 2075 3491 2119 eas
3515 2062 3580 2118 in

1929 2148 2568 2213 custodiam,alimenta
2602 2151 2686 2205 eis
2706 2151 3008 2222 praebens:
3042 2158 3235 2209 etnon
3249 2157 3335 2208 est
3359 2152 3582 2219 ingres-

1930 2254 2030 2290 sus
2047 2236 2120 2291 ad
2140 2254 2259 2303 eas,
2291 2236 2396 2292 sed
2418 2242 2587 2294 erant
2637 2238 2723 2294 cla
2736 2256 2855 2293 usae
2889 2256 3076 2312 usque
3098 2240 3160 2295 in
3186 2240 3345 2296 diem
3367 2237 3579 2295 mortis

1931 2342 2051 2380 suae
2070 2326 2130 2381 in
2153 2324 2438 2382 viduitate
2462 2327 2742 2383 viventes.
2778 2327 2930 2384 Dixit
2955 2334 3157 2385 autem
3174 2344 3274 2384 rex
3297 2329 3533 2384 Amasaa
3559 2344 3575 2377 :

1933 2415 2207 2469 Convoca
2223 2414 2365 2468 mihi
2383 2431 2592 2470 omnes
2622 2416 2949 2473 virosJuda
2973 2417 3033 2473 in
3050 2418 3211 2473 diem
3240 2416 3498 2483 tertium,
3527 2418 3586 2471 et

1930 2506 1992 2557 tu
2014 2502 2220 2558 adesto
2248 2505 2691 2576 praesensAbiit
2716 2520 2858 2574 ergo
2885 2511 3193 2571 Amasa,ut
3226 2507 3585 2561 convocaret

1931 2592 1961 2644 J
1969 2590 2151 2645 udam
2179 2596 2234 2647 et
2261 2596 2523 2648 moratus
2544 2598 2633 2647 est
2650 2598 2815 2648 extra
2836 2592 3141 2663 placitum,
3157 2594 3320 2664 quod
3346 2594 3585 2650 eicons-

1934 2679 2165 2733 tituerat
2196 2694 2319 2734 rex.
2377 2678 2470 2735 Ait
2520 2685 2721 2735 autem
2780 2680 2965 2735 David
3025 2680 3099 2736 ad
3127 2680 3363 2736 Abisai:
3400 2680 3579 2750 325

1932 2768 2098 2821 Nunc
2143 2766 2338 2834 magis
2378 2766 2703 2821 afﬂicturus
2733 2772 2823 2822 est
2850 2782 2962 2822 nos
2990 2768 3138 2823 Seba
3162 2766 3321 2823 ﬁlius
3352 2768 3581 2833 Bochri,

1935 2869 2124 2925 quam
2145 2853 2453 2908 Absalom:
2477 2853 2611 2908 tolle
2634 2870 2773 2926 ergo
2801 2870 3006 2910 servos
3027 2854 3259 2911 domini
3274 2854 3439 2921 tui,et
3454 2869 3584 2926 per-

1939 2958 2187 3014 sequere
2206 2958 2436 3010 eum,ne
2455 2941 2601 2998 forte
2623 2943 2882 3000 inveniat
2919 2944 3186 2999 civitates
3222 2944 3503 3007 munitas,
3529 2946 3587 3001 et

1862 3058 1903 3116 ρ
1938 3032 2182 3101 effugiat
2204 3032 2568 3100 nos.Egressi
2592 3038 2729 3089 sunt
2753 3047 2895 3102 ergo
2920 3048 3059 3087 cum
3089 3032 3281 3091 eoviri
3307 3031 3589 3099 Joab,Ce-

1940 3121 2089 3177 rethi
2110 3136 2351 3191 quoque
2370 3126 2425 3175 et
2440 3119 2701 3175 Phelethi
2721 3136 2733 3175 :
2755 3126 2811 3175 et
2830 3137 3039 3176 omnes
3056 3121 3288 3177 robusti
3319 3122 3591 3178 exierunt

1942 3212 2015 3266 de
2048 3208 2411 3265 Hierusalem
2429 3208 2506 3263 ad
2538 3209 3021 3280 persequendum
3075 3210 3231 3266 Seba
3270 3209 3461 3264 ﬁlium
3484 3209 3592 3264 Bo-

1945 3298 2365 3369 chri.Cumque
2391 3296 2678 3351 illicssent
2695 3298 2867 3366 juxta
2885 3297 3149 3368 lapidem
3164 3294 3593 3366 grandem,qui

1945 3393 2030 3442 est
2060 3387 2121 3440 in
2148 3386 2414 3448 Gabaon,
2458 3390 2680 3439 Amasa
2704 3383 2950 3439 veniens
2988 3384 3241 3439 occurrit
3262 3383 3363 3438 eis.
3406 3383 3589 3438 Porro

1944 3474 2097 3530 Joab
2112 3473 2353 3528 vestitus
2371 3478 2495 3527 erat
2514 3472 2712 3528 tunica
2738 3472 2937 3527 stricta
2954 3471 3030 3527 ad
3050 3486 3397 3527 mensuram
3422 3469 3591 3526 habi-

1946 3566 2038 3637 tus
2070 3561 2179 3625 sui,
2208 3561 2539 3631 etdcsuper
2568 3560 2867 3615 accinctus
2898 3559 3097 3629 gladio
3110 3559 3484 3632 dependente
3498 3574 3594 3613 us-

1946 3656 2061 3721 que
2093 3648 2171 3702 ad
2208 3647 2329 3714 illa,
2378 3647 2439 3702 in
2493 3648 2735 3717 vagina,
2788 3648 2893 3720 qui
2923 3647 3243 3703 fabricatus
3282 3647 3394 3703 levi
3424 3652 3594 3703 motu.

1947 3736 2149 3808 egredi
2178 3740 2428 3807 poterat,
2459 3740 2515 3792 et
2555 3742 2879 3807 percutere.
2921 3736 3074 3792 Dixit
3105 3736 3307 3808 itaque
3335 3734 3486 3791 Joab
3517 3734 3599 3791 ad.

1948 3824 2451 3881 Amasam:Salve
2470 3824 2551 3878 mi
2591 3823 2787 3878 frater.
2830 3825 2899 3880 Et
2922 3824 3103 3879 tenuit
3126 3840 3313 3881 manu
3350 3824 3595 3881 dextera

1950 3918 2483 3977 mentumAmasae,
2503 3912 2966 3983 quasiosculans
2983 3928 3141 3967 eum.
3175 3912 3356 3967 Porro
3376 3915 3601 3968 Amasa

1950 4018 2072 4057 non
2095 4000 2437 4057 observavit
2464 4000 2752 4070 gladium,
2777 4016 2957 4073 quem
2996 4000 3260 4057 habebat
3290 4000 3460 4064 Joab,
3492 3998 3599 4072 qui

1950 4091 2245 4163 percussit
2273 4105 2411 4143 eum
2433 4089 2495 4143 in
2530 4089 2710 4145 latere
2740 4096 2796 4144 et
2820 4089 3029 4145 effudit
3064 4089 3344 4145 intestina
3378 4089 3509 4158 ejus
3536 4089 3601 4144 in

1952 4185 2191 4244 terram,
2208 4183 2543 4233 etmortuus
2558 4183 2664 4246 est,
2681 4193 2789 4233 nec
2828 4178 3160 4235 secundum
3172 4178 3389 4234 vulnus
3407 4192 3606 4249 appo-

1956 4266 2244 4321 suit.Joab
2261 4273 2460 4321 autem
2477 4265 2741 4321 etAbisai
2772 4265 2946 4322 frater
2975 4267 3104 4338 ejus
3134 4266 3428 4338 persecuti
3460 4268 3603 4320 sunt

1957 4355 2109 4412 Seba
2139 4355 2333 4410 ﬁlium
2365 4354 2591 4410 Bochri.
2626 4357 2849 4409 Interea
2869 4354 3119 4427 quidam
3167 4354 3296 4422 viri,
3324 4370 3463 4409 cum
3495 4359 3607 4410 ste-

1954 4444 2161 4499 tissent
2180 4444 2350 4512 juxta
2372 4443 2628 4498 cadaver
2653 4450 2888 4499 Amasae
2916 4442 2988 4498 de
3016 4443 3188 4498 sociis
3227 4444 3399 4509 Joab,
3442 4442 3607 4498 dixe-

1954 4538 2118 4589 runt:
2143 4535 2286 4586 Ecce
2324 4531 2428 4602 qui
2449 4546 2577 4586 esse
2602 4531 2789 4586 voluit
2812 4548 2920 4604 pro
2949 4530 3100 4587 Joab
3150 4547 3351 4588 comes
3381 4530 3597 4587 David.

1957 4628 2180 4679 Amasa
2193 4625 2392 4676 autem
2406 4636 2761 4692 conspersus
2776 4620 3401 4692 sanguine,jacebatin
3416 4617 3609 4674 media.

1958 4714 2079 4766 via.
2120 4710 2269 4765 Vidit
2299 4710 2409 4764 hoc
2442 4710 2690 4782 quidam
2712 4709 2813 4773 vir,
2846 4710 3010 4782 quod
3033 4709 3377 4764 subsisteret
3406 4704 3609 4761 omnis

1960 4798 2219 4873 populus
2244 4798 2320 4854 ad
2343 4797 2672 4853 videndum
2702 4814 2860 4864 eum,
2884 4801 2940 4852 et
2966 4798 3189 4852 amovit
3216 4802 3497 4851 Amasam
3532 4792 3610 4850 de

1961 4890 2059 4944 via
2088 4889 2148 4942 in
2174 4887 2765 4959 agrum,operuitque
2792 4902 2931 4941 eum
2955 4885 3328 4951 vestimento,
3360 4898 3435 4938 ne
3466 4883 3616 4939 sub-

1964 4977 2235 5031 sisterent
2261 4980 2631 5031 transeuntes
2662 4979 2902 5047 propter
2924 4989 3083 5028 eum.
3106 4977 3318 5027 Amoto
3348 4987 3489 5042 ergo
3511 4972 3611 5028 illo

1964 5065 2039 5121 de
2070 5065 2183 5130 via,
2212 5063 2501 5119 transibat
2533 5063 2729 5117 omnis
2756 5064 3108 5133 virsequens
3136 5060 3284 5117 Joab
3316 5062 3393 5119 ad
3419 5076 3613 5134 perse-

1966 5154 2275 5226 quendum
2300 5152 2452 5207 Seba
2476 5151 2663 5206 filium
2693 5149 2915 5206 Bochri.
2951 5153 3128 5205 Porro
3170 5150 3265 5205 ille
3296 5150 3613 5205 transierat

1966 5256 2072 5312 per
2113 5256 2322 5294 omnes
2376 5240 2564 5294 tribus
2598 5239 2777 5293 lsrael
2826 5255 3014 5311 usque
3055 5239 3115 5293 in
3173 5238 3439 5303 Abelam,
3469 5242 3525 5290 et
3548 5235 3611 5291 in.

1972 5329 2323 5384 Bethmacha
2343 5344 2353 5383 :
2375 5344 2703 5400 omnesque
2727 5328 2833 5383 viri
2850 5326 3369 5397 electicougregali
3384 5325 3620 5380 fuerant

1969 5417 2046 5474 ad
2076 5433 2233 5472 eum.
2277 5419 2569 5473 Venerunt
2598 5418 2891 5491 itaque,et
2920 5413 3354 5487 oppugnabant
3382 5428 3521 5468 eum
3550 5411 3617 5469 in

1968 5505 2175 5577 Abela,
2210 5504 2342 5563 etin
2372 5507 2750 5577 Bethmacha,
2786 5511 2844 5561 et
2868 5500 3387 5561 circumdederunt
3424 5497 3619 5579 muni-
