4094 6164
569 215 680 281 665

1847 195 2301 266 BBEVIARIUM
2339 203 2733 266 GOTHICUM.

3791 227 3871 287 556

573 338 946 406 Salomon.Et
963 339 1230 398 ascendit
1256 336 1537 396 universa
1564 334 2031 406 multitudopost
2060 345 2221 398 eum,
2251 331 2298 386 Α
2327 345 2422 396 ne,
2449 332 2674 407 populo
2690 337 2822 405 tuo;
2882 337 2940 388 P.
2975 333 3123 399 Quia
3160 334 3529 406 peccavimus
3576 340 3690 400 tibi.
3730 345 3780 405 γ’
3814 353 3873 408 De

573 439 630 493 et
657 433 914 507 populus
948 430 1288 487 canentium
1318 428 1493 495 tibiis,
1523 431 1578 483 et
1629 424 1957 482 laetantium
2000 420 2220 491 gaudio

572 539 818 595 magno,
845 525 903 579 et
930 521 1192 577 insonuit
1211 526 1364 575 terra
1396 535 1431 574 a
1451 517 1707 573 clamore
1721 529 1950 570 eorum.
1983 508 2221 565 Audivit

573 620 775 672 autem
805 611 1148 676 Adonias,et
1171 623 1378 665 omnes
1391 608 1494 680 qui
1523 605 1748 662 invitati
1781 603 2016 658 fuerant
2038 597 2217 660 abeo,

569 704 820 776 jamque
851 699 1190 757 convivium
1216 697 1448 752 ﬁnitum
1479 700 1603 752 erat
1625 715 1638 750 :
1662 693 1766 748 sed
1788 686 2217 776 328etloab,

575 791 780 849 audita
808 804 951 848 voce
978 787 1162 857 tubae,
1192 789 1272 843 ait
1304 803 1319 841 :
1353 785 1508 851 Quid
1538 783 1648 840 sibi
1674 781 1800 837 vult
1829 781 2055 836 clamor
2082 775 2220 832 civi-

575 881 710 938 tatis
736 876 1192 936 tumultuantis?
1220 875 1430 932 Adhuc
1479 889 1550 930 eo
1587 872 1886 944 loquente,
1921 866 2220 924 Jonathan

573 970 733 1026 ﬁlius
753 967 1038 1024 Abiathar
1062 963 1386 1022 sacerdotis
1407 963 1594 1018 venit:
1622 961 1714 1017 cui
1741 959 1886 1015 dixit
1917 955 2178 1012 Adonias
2203 972 2216 1007 :

572 1057 904 1128 Ingredere,
937 1054 1082 1127 quia
1109 1053 1200 1109 vir
1224 1052 1388 1109 fortis
1421 1067 1506 1118 es,
1532 1055 1588 1108 et
1609 1051 1773 1106 bona
1801 1046 2219 1104 nuntians.Re-

571 1144 932 1218 sponditque
958 1141 1253 1199 Jonathan
1292 1140 1555 1197 Adonim.
1589 1143 1998 1211 Nequaquam:
2032 1133 2222 1190 domi-

571 1249 688 1292 nus
715 1233 865 1290 enim
894 1239 1098 1288 noster
1125 1246 1228 1286 rex
1257 1229 1448 1286 David
1474 1244 1676 1299 regem
1709 1225 2008 1282 constituit
2058 1223 2218 1280 Salo-

571 1338 852 1380 monem:
885 1322 1157 1393 misitque
1179 1335 1318 1376 cum
1371 1335 1443 1375 eo
1497 1318 1689 1375 Sadoc
1743 1314 2135 1378 sacerdotem,
2165 1315 2220 1368 et

571 1412 803 1469 Nathan
834 1409 1213 1482 prophetam,
1237 1412 1293 1464 et
1320 1407 1604 1463 Banaiam
1650 1405 1841 1460 ﬁlium
1891 1403 2134 1467 Joiadze,
2164 1405 2221 1457 et

571 1500 798 1558 Cerethi
828 1503 884 1555 et
908 1498 1184 1565 Phelethi,
1217 1503 1272 1553 et
1296 1497 1712 1569 imposuerunt
1741 1510 1878 1550 eum
1902 1507 2078 1563 super
2091 1506 2218 1545 mu-

569 1587 693 1646 lam
730 1589 914 1659 regis.
948 1590 1368 1659 Unxeruntque
1407 1601 1538 1642 eum
1567 1584 1756 1640 Sadoc
1811 1581 2114 1645 sacerdos,
2163 1584 2218 1636 et

2329 421 2760 478 Crucisthrono
2803 423 3001 494 aspice
3044 437 3157 477 nos
3188 421 3452 492 miseros,
3503 431 3555 483 et
3590 434 3873 501 passionum

2327 510 2700 581 compeditos
2725 510 2997 578 vinculis;
3023 511 3241 566 nostris
3264 511 3537 585 iabsolve,
3578 519 3873 594 Redemptor,

2329 599 2673 670 suppliciis;
2722 603 2777 655 P.
2832 601 2999 665 Quia.
3029 599 3089 660 in
3127 600 3340 656 Passus
3369 600 3605 674 ﬂagella,
3645 613 3690 664 et
3731 614 3875 669 Crucis

2326 685 2626 756 injuriam,
2648 694 3146 761 persequutorum
3162 690 3456 744 sustinens
3483 695 3734 762 convicia,
3762 700 3878 760 dona

2326 773 2553 831 delictis
2599 777 2814 832 nostris
2849 778 3288 849 paenitentiam;
3315 781 3369 834 P.
3417 780 3574 844 Quia.
3604 781 3658 842 ἲν.
3695 786 3783 850 Qui
3815 789 3878 858 ju.

2327 867 2450 918 stus
2495 863 2702 934 judex,
2733 865 2889 922 male
2924 866 3222 936 judicatus
3279 881 3358 932 es,
3409 872 3461 923 et
3494 885 3685 940 pcenas
3731 876 3876 931 Crucis

2326 953 2633 1025 suscepisti
2659 955 2978 1025 innocens;
3015 960 3078 1010 tu
3107 971 3217 1012 nos
3250 971 3285 1013 a
3319 956 3504 1028 pmnis
3544 961 3733 1016 nostris
3763 963 3880 1022 salva

2324 1041 2652 1097 redimens:
2676 1045 2734 1097 P.
2769 1042 2920 1109 Quia
2947 1041 3008 1104 ῒ.
3041 1047 3166 1100 Vox
3194 1049 3297 1101 tua
3344 1045 3568 1103 Patrem
3615 1062 3711 1120 pro
3751 1052 3879 1109 nobis

2326 1130 2849 1204 exspostulet,quae
2875 1131 3053 1188 silens
3085 1132 3193 1189 fuit
3220 1132 3363 1190 olim
3389 1139 3516 1190 ante
3535 1136 3554 1206 j
3565 1136 3832 1209 udicem,ut
3846 1146 3881 1198 te

2325 1226 2614 1288 regnante
2645 1221 3022 1293 perfruamur
3057 1223 3338 1279 Domino:
3373 1225 3430 1278 P.
3465 1224 3622 1290 Quia.

2398 1309 2671 1380 Hymnus.
2737 1312 2780 1366 Ο
2809 1312 3258 1381 ΝᾶΖᾶΓΘΠθ.Ῑ’οἰ.
3287 1315 3412 1368 lii.

2399 1398 2692 1468 Capitula.
2725 1401 2908 1470 Surge
2932 1403 3102 1467 Deus,
3127 1406 3182 1455 et
3219 1401 3429 1474 judica
3455 1405 3679 1462 terram:
3724 1408 3776 1460 ut
3811 1409 3882 1479 qui

2326 1487 2553 1541 cunctis
2580 1487 2914 1544 dominaris
2945 1489 3246 1560 Gentibus,
3271 1489 3403 1561 jam
3432 1492 3778 1548 resurrexisse
3802 1511 3887 1549 cre-

2325 1574 2506 1640 daris,
2528 1592 2562 1632 a
2591 1577 2812 1650 quibus
2843 1593 2903 1632 es
2934 1578 3288 1634 cruciﬁxus:
3321 1595 3445 1652 quo
3472 1579 3577 1634 sibi
3602 1585 3796 1655 uterque
3811 1599 3888 1655 ρο⁴

569 1680 798 1736 Nathan
828 1677 1122 1750 propheta
1151 1691 1343 1745 regem
1373 1676 1434 1730 in
1461 1673 1680 1730 Gihon:
1713 1676 1768 1728 et
1815 1669 2217 1727 ascenderunt
2245 1678 2290 1734 Β
2331 1666 2506 1737 pulus
2527 1668 2808 1724 charitate
2829 1669 3187 1728 consentiat:
3210 1670 3358 1726 dum
3383 1670 3833 1728 circumcisionem
3852 1677 3891 1729 et

567 1767 709 1824 inde
735 1764 1362 1832 laetantes,etinsonuit
1384 1764 1592 1819 civitas
1618 1761 1772 1817 :baec
1792 1766 1879 1817 est
1893 1774 2215 1830 vox,quam

569 1856 842 1912 audistis.
874 1854 989 1913 Sed
1017 1858 1074 1910 et
1096 1854 1379 1912 Salomon
1402 1851 1567 1909 sedet
1583 1867 1762 1923 super
1780 1850 1998 1906 solium
2025 1847 2211 1918 regni.

567 1946 634 2000 Et
656 1944 910 2015 ingressi
930 1943 1083 1999 servi
1112 1943 1269 2012 regis
1292 1941 1725 1999 benedixerunt
1749 1939 1996 1996 domino
2009 1940 2214 1993 nostro

563 2032 690 2102 regi
716 2032 931 2102 David,
953 2031 1250 2088 dicentes:
1283 2030 1616 2103 Ampliﬁcet
1637 2031 1790 2084 Deus
1817 2042 2038 2083 nomen
2055 2025 2215 2082 Salo-

563 2121 763 2178 monis
793 2137 975 2194 super
1004 2135 1248 2177 nomem
1273 2123 1466 2188 tuum,
1501 2116 1905 2189 etmagnificet
1931 2117 2215 2172 thronum

563 2214 760 2268 tuum.
799 2207 867 2267 Et
893 2210 1168 2268 adoravit
1192 2226 1294 2266 rex
1326 2211 1387 2266 in
1416 2209 1630 2266 lectulo
1661 2225 1807 2265 suo:
1858 2207 2104 2280 insuper
2159 2210 2216 2262 et

561 2301 693 2358 hinc
717 2301 949 2359 locutus
964 2304 1051 2358 est
1082 2317 1095 2353 :
1128 2300 1473 2356 Benedictus
1487 2301 1774 2356 Dominus
1805 2299 1962 2353 Deus
2012 2293 2211 2366 Israel,

561 2390 667 2464 qui
698 2389 864 2447 dedit
880 2389 1061 2446 hodie
1083 2389 1389 2446 sedentem
1417 2390 1477 2445 in
1506 2388 1655 2445 solio
1688 2403 1843 2457 meo,
1872 2385 2213 2442 videntibus

562 2479 750 2537 oculis
777 2479 948 2536 meis.
972 2491 1036 2550 ni.
1057 2484 1270 2540 Amen.

631 2568 975 2639 Antiphona
1011 2572 1058 2623 t.
1093 2566 1363 2636 Effunde,
1398 2565 1662 2631 Domine,
1710 2579 1888 2638 super
1936 2563 2213 2619 inimicos

559 2667 728 2715 meos
758 2656 912 2714 iram
939 2661 1134 2714 tuam:
1167 2659 1225 2713 et
1258 2653 1590 2727 indignatio
1615 2655 1717 2710 irae
1747 2658 1862 2710 tuae
1888 2653 2214 2726 apprehen-

557 2741 661 2802 dat
686 2761 810 2804 eos.
843 2742 969 2803 Fiat
999 2745 1294 2802 habitatio
1325 2759 1530 2801 eorum
1583 2743 1817 2800 deserta
1847 2759 1861 2798 :
1891 2746 1948 2798 et
1972 2757 2092 2799 non
2123 2742 2209 2797 in-

556 2833 712 2892 trent
745 2834 808 2891 in
836 2833 1198 2906 tuajustitia.
1229 2832 1298 2894 ῒ.
1335 2831 1652 2890 Deleantur
1695 2830 1768 2887 de
1812 2830 1962 2888 libro
2019 2830 2211 2886 viven-

558 2918 708 2981 tium
744 2928 839 2980 :et
867 2939 1004 2980 cum
1029 2922 1205 2994 justis
1230 2938 1352 2979 non
1374 2921 1730 2978 scribantur.

630 3011 854 3068 Oratio.
888 3010 1158 3078 Eﬂ‘unde,
1201 3010 1471 3075 Domine,
1511 3026 1689 3082 super
1729 3009 2002 3066 inimicos
2041 3023 2208 3064 meos
2237 3035 2278 3092 ρ

558 3097 711 3156 Iram
740 3103 906 3156 tuam
931 3120 944 3155 :
972 3105 1036 3156 ut
1059 3098 1426 3156 habitatione
1453 3115 1661 3155 eorum
1687 3103 2076 3172 permanente
2107 3097 2206 3153 de-

558 3193 733 3254 serta,
761 3187 1003 3245 tandem
1031 3186 1359 3261 aliquando
1385 3192 1715 3259 agnoscant
1738 3187 1936 3244 locum
1969 3186 2202 3251 furoris,

557 3281 614 3332 et
638 3277 938 3347 injustitiaa
971 3293 1114 3333 suae:
1135 3283 1196 3333 ut
1216 3277 1620 3333 conversionis
1645 3276 1800 3332 illius
1823 3276 1899 3332 ad
1928 3282 1980 3332 te
2008 3276 2206 3331 aditus

552 3369 755 3438 pateat
783 3365 843 3421 in
871 3365 1145 3432 Ecclesia,
1178 3366 1322 3438 quia
1351 3369 1596 3422 terrenae
1640 3363 1892 3421 civitatis
1925 3365 2202 3422 Hierusa-

553 3451 672 3510 lem
703 3453 1086 3527 perdiderunt
1105 3454 1346 3512 auxilia.
1373 3465 1435 3524 Ri.
1472 3455 1682 3510 Amen.

624 3544 977 3614 Antiphona
1000 3546 1052 3598 2.
1085 3545 1235 3600 Dum
1266 3547 1768 3614 congregarentur
1794 3559 2004 3599 omnes
2027 3544 2204 3600 simul

555 3631 875 3690 adversum
898 3649 1015 3704 me,
1049 3639 1109 3690 ut
1131 3634 1753 3706 accipereutanimam
1787 3634 2203 3700 meam,consi-

551 3719 674 3779 liati
703 3727 860 3779 sunt.
883 3721 1006 3794 Ego
1038 3739 1178 3779 vero
1209 3724 1269 3778 in
1297 3727 1348 3779 te
1381 3722 1638 3796 speravi,
1671 3723 1938 3779 Domine.
1980 3721 2041 3782 Ῡ.
2073 3723 2202 3778 Illu-

552 3813 716 3868 mina
736 3812 941 3869 faciem
975 3818 1139 3868 tuam
1173 3828 1352 3885 super
1374 3829 1610 3868 servum
1647 3818 1835 3875 tuum,
1864 3816 1920 3867 ct
1967 3811 2200 3868 salvum

550 3915 648 3956 me
676 3901 768 3958 fac
791 3900 852 3957 in
892 3906 994 3959 tua
1025 3901 1454 3958 misericordia.

623 3990 845 4046 Oratio.
870 3987 1155 4047 ineffabili
1179 3989 1426 4046 Domine
1449 3989 1708 4046 enituisli
1727 3988 2030 4062 patientia,
2059 3990 2198 4046 dum

549 4081 913 4150 congregata
942 4080 1138 4135 omnis
1187 4078 1364 4134 simul
1411 4079 1731 4135 adversum
1767 4083 1818 4132 te
1870 4077 2197 4134 inﬁdelium

547 4168 816 4237 turba,ut
835 4167 1175 4241 acciperent
1203 4169 1467 4225 animam
1490 4173 1682 4224 tuam:
1701 4167 2040 4224 nitebantur
2061 4184 2200 4223 con-

546 4257 714 4323 siliis,
739 4259 905 4332 quod
933 4260 993 4314 in
1020 4258 1217 4315 verbis
1237 4264 1291 4314 te
1321 4263 1807 4331 caperent,quem
1837 4259 2040 4331 utique
2068 4261 2199 4315 Ver-

542 4341 692 4443 bum
721 4347 822 4403 Dei
859 4364 991 4443 esse
1020 4347 1342 4443 nescirent:
1367 4351 1424 4403 et
1449 4347 1604 4419 ideo,
1630 4347 1732 4420 qui
1756 4353 1879 4404 tam
1911 4349 2197 4420 potentia-
2225 4387 2270 4443 Ι)

543 4434 675 4492 liter
703 4437 892 4493 vicisti
930 4436 991 4493 in
1031 4437 1171 4493 tuis:
1207 4436 1539 4506 gloriﬁcare
1563 4441 1613 4493 te
1647 4437 1895 4508 dignare
1948 4437 2010 4492 in
2058 4455 2196 4494 cons

543 4523 904 4582 fessionibus
928 4526 1172 4583 nostris.
1201 4537 1263 4598 13:.
1289 4527 1494 4582 Amen.

611 4613 962 4686 Antiphona
983 4619 1034 4673 3.
1068 4614 1317 4672 Domine
1346 4615 1603 4673 retribue
1633 4630 1743 4689 pro
1771 4631 1894 4672 me:
1940 4617 2193 4676 Domine

539 4704 951 4763 misericordia
979 4712 1081 4763 tua
1109 4705 1171 4762 in
1203 4711 1492 4764 mternum
1512 4723 1525 4761 :
1556 4721 1738 4778 opera
1751 4709 2191 4778 manuumjtua-

536 4803 674 4853 rum
702 4810 778 4852 ne
807 4794 1129 4869 despicias.
1147 4794 1215 4858 1V.
1257 4794 2035 4853 ConﬁteanturtibiDomine
2058 4813 2189 4854 om-

535 4898 644 4940 nes
658 4899 830 4956 reges
849 4889 1018 4943 terra:
1043 4901 1056 4943 :
1075 4885 1181 4959 qui
1195 4885 1725 4942 audieruntomnia
1739 4884 2055 4942 verbaoris
2083 4888 2184 4944 tui.

604 4984 670 5045 ni.
726 4975 872 5032 Ecce
943 4990 1066 5032 non
1124 4973 1410 5032 auxilium
1492 4975 1655 5040 mihi,
1703 4979 1760 5031 et
1817 4973 2015 5031 dilecti
2067 4978 2187 5034 mei

531 5067 906 5120 recesserunt
929 5080 965 5121 a
995 5079 1118 5121 me:
1147 5066 1462 5121 suscitatus
1490 5063 1848 5138 falsiloquus
1900 5065 2182 5122 adversus

530 5147 746 5212 faciem
776 5169 1000 5211 meam.
1029 5155 1098 5213 P.
1129 5154 1552 5212 Contradicens
1565 5154 1710 5211 mihi
1737 5153 2068 5211 frenduitin
2086 5172 2182 5214 me

528 5243 809 5301 dentibus
830 5244 974 5299 suis.
1005 5242 1070 5305 ῒ.
1120 5247 1294 5302 Facta
1346 5249 1438 5301 est
1487 5243 1786 5301 hereditas
1837 5261 1972 5302 mea
2035 5245 2183 5301 mihi

526 5334 839 5407 tamquam
868 5331 961 5389 leo
988 5331 1048 5388 in
1074 5332 1252 5389 silva:
1295 5332 1459 5388 dedit
1488 5338 1695 5390 contra
1759 5351 1853 5391 me
1904 5333 2182 5393 adversa-

523 5419 648 5479 rius
678 5438 891 5484 vocem
919 5439 1113 5481 suam.
1144 5422 1204 5480 P.
1238 5421 1661 5479 Contradicens
1688 5423 1855 5480 mihi.

592 5511 828 5575 Preces.
854 5512 1140 5582 Miserere,
1171 5515 1230 5571 et
1250 5525 1452 5587 parce,
1493 5508 1954 5572 clementissime
1984 5513 2179 5570 Domi-

2326 1755 2685 1827 praeputium
2712 1772 2870 1812 nexu
2900 1757 3038 1812 ﬁdei
3072 1757 3410 1815 christianae
3428 1757 3776 1829 adglomeres.

2399 1843 2568 1900 Pater
2580 1849 2797 1902 noster.

3020 1935 3116 1992 Ad
3143 1935 3407 1994 Sextam.

2439 2022 2631 2078 Lectio
2657 2022 2797 2079 libri
2835 2024 3153 2082 Hieremiae
3193 2025 3507 2097 Propheta!
3536 2025 3690 2097 (Cap.
3718 2025 3805 2098 ni).

2391 2122 2454 2179 ni.
2489 2114 2608 2168 Deo
2639 2111 2886 2184 gratias.

2392 2200 2645 2256 Verbum
2661 2202 2824 2274 quod
2843 2201 3066 2259 factum
3083 2206 3170 2259 est
3183 2202 3260 2259 ad
3273 2203 3624 2260 Hieremiam
3639 2219 3670 2260 a
3685 2203 3890 2270 Domino,

2320 2286 2566 2344 dicens:
2605 2290 2906 2362 Numquid
2944 2291 3145 2348 vidisti
3194 2308 3329 2364 qua:
3376 2292 3574 2349 fecerit
3600 2291 3889 2348 adversatrix

2320 2385 2536 2441 Israel?
2565 2386 2707 2442 abiit
2729 2387 2965 2444 sibimet
3001 2405 3182 2462 super
3212 2405 3464 2447 omnem
3496 2395 3733 2446 montem
3757 2387 3892 2444 excel-

2323 2490 2478 2543 sum,
2509 2479 2563 2530 et
2590 2476 2702 2531 sub
2741 2477 3087 2548 omniligno
3118 2477 3431 2546 frondoso,
3465 2485 3519 2536 et
3547 2479 3795 2535 fornicata
3830 2481 3897 2532 est

2319 2562 2430 2619 ibi.
2463 2566 2529 2619 Et
2556 2564 2698 2631 dixi,
2733 2581 2871 2622 cum
2891 2566 3126 2624 fecisset
3151 2567 3278 2624 haec
3291 2568 3532 2625 omnia:
3561 2568 3641 2623 Ad
3660 2583 3741 2623 me
3759 2581 3897 2622 rever-

2319 2657 2474 2710 tere:
2520 2659 2574 2710 et
2621 2671 2744 2711 non
2783 2661 2869 2713 est
2918 2672 3173 2716 reversa.
3227 2661 3293 2715 Et
3345 2659 3496 2715 vidit
3541 2654 3899 2730 prmvaricatrix

2319 2758 2484 2799 soror
2503 2743 2633 2814 ejus
2665 2745 2835 2812 Juda,
2869 2747 3015 2818 quia
3043 2763 3152 2819 pro
3183 2763 3274 2817 eo,
3309 2747 3484 2820 quod
3516 2747 3762 2804 naechata
3781 2746 3898 2800 esset

2318 2831 2681 2889 adversatrix
2707 2834 3279 2906 Israel,dimisissem
3295 2853 3458 2904 eam,
3486 2842 3542 2894 et
3592 2835 3839 2892 dedissem
3861 2832 3900 2887 ei

2316 2919 2584 2977 libellum
2609 2921 2838 2995 repudii
2862 2940 2874 2974 :
2899 2926 2955 2978 et
2983 2939 3104 2979 non
3129 2924 3324 2981 timuit
3357 2924 3769 2998 praevaricatrix
3784 2920 3899 2976 Juda

2317 3025 2486 3066 soror
2515 3011 2665 3082 ejus,
2699 3011 2800 3067 sed
2829 3011 2996 3078 abiit,
3027 3016 3082 3068 et
3113 3013 3408 3070 fornicata
3435 3020 3526 3072 est
3553 3011 3900 3085 ctiamipsalﬁt

2319 3099 2596 3156 facilitate
2629 3100 3039 3157 fornicationis
3067 3119 3190 3157 suae
3212 3103 3644 3160 contaminavit
3667 3101 3900 3159 terram,et

2316 3189 2607 3244 mmchata
2624 3195 2714 3244 est
2744 3207 2880 3244 cum
2908 3190 3106 3262 lapide
3129 3191 3464 3263 etligno.Et
3493 3193 3552 3248 in
3575 3189 3817 3247 omnibus
3829 3185 3896 3241 his

2315 3292 2435 3332 non
2449 3282 2534 3333 est
2556 3293 2789 3334 reversa
2813 3278 2889 3334 ad
2913 3295 3007 3334 me
3027 3281 3477 3352 praevaricatrix
3498 3274 3901 3350 sororejusJuda

2314 3366 2376 3422 in
2407 3372 2527 3423 toto
2553 3367 2730 3423 corde
2764 3384 2894 3436 suo,
2947 3368 3053 3423 sed
3085 3370 3143 3424 in
3176 3371 3520 3437 mendacio,
3555 3370 3630 3426 ait
3657 3365 3898 3424 Dominus.

2315 3457 2380 3511 Et
2401 3455 2547 3512 dixit
2579 3456 2867 3512 Dominus
2890 3455 3068 3529 329
3091 3458 3169 3513 ad
3186 3475 3277 3514 me
3300 3476 3312 3514 :
3335 3459 3682 3517 Justificavit
3697 3457 3902 3511 animam

2313 3561 2482 3600 suam
2514 3546 2839 3601 aversatrix
2858 3547 3524 3620 Israel,comparalione
3549 3541 3900 3621 praevaricatu-

2313 3635 2394 3690 cis
2445 3636 2613 3690 Juda.
2643 3635 2820 3706 Vade,
2847 3641 2902 3691 et
2960 3635 3154 3692 clama
3209 3653 3528 3695 sermones
3578 3638 3711 3693 istos
3751 3637 3902 3689 contra

2311 3724 2684 3795 Aquilonem,
2719 3728 2771 3779 et
2801 3724 2998 3780 dices:
3034 3728 3342 3782 Revertere
3385 3725 3708 3783 aversatrix
3749 3717 3899 3780 Israel.

2311 3811 2390 3866 ait
2413 3813 2779 3876 Dominus,et
2807 3828 2927 3868 non
2954 3818 3217 3870 avertam
3249 3815 3470 3872 faciem
3491 3831 3680 3873 meam
3698 3809 3900 3869 avobis:

2309 3903 2450 3974 quia
2481 3908 2718 3958 sanctus
2749 3919 2859 3972 ego
2901 3904 3715 3972 sum,dicitDominus,etnon
3737 3903 3901 3956 irascar

2309 3990 2366 4045 in
2381 3994 3181 4063 perpetuum.Verumtamen
3198 3993 3347 4050 scito
3373 3995 3738 4066 iniquitatem
3761 3994 3901 4048 tuam,

2308 4081 2451 4152 quia
2474 4080 2531 4135 in
2567 4081 2881 4136 Dominum
2903 4084 3085 4136 Deum
3145 4087 3317 4139 tuum
3345 4083 3731 4156 praevaricata
3765 4093 3839 4132 es:
3865 4077 3903 4126 et

2307 4168 2788 4240 disperdistivias
2809 4176 2940 4226 tuas
2966 4169 3173 4227 alienis
3203 4171 3317 4227 sub
3345 4172 3520 4228 omni
3548 4171 3702 4243 ligno
3718 4162 3901 4223 frondo-

2307 4272 2394 4322 so,
2418 4264 2473 4313 et
2495 4275 2702 4315 vocem
2729 4275 2924 4314 meam
2951 4275 3071 4315 non
3094 4260 3337 4331 audisti,
3369 4261 3456 4317 ait
3488 4261 3772 4318 Dominus.
3800 4254 3904 4308 Con-

2315 4348 2608 4403 vertimini
2629 4348 2730 4403 filii
2760 4354 3139 4411 revertentes.
3166 4349 3308 4406 dicit
3331 4351 3642 4408 Dominus.
3665 4359 3723 4418 13;.
3747 4349 3902 4402 Amen.

2376 4437 2723 4507 Antiphona
2746 4438 2795 4491 t.
2818 4438 2907 4493 Ad
2926 4444 2979 4494 te
3004 4440 3324 4496 Dominum
3345 4457 3491 4497 cum
3515 4438 3805 4497 tribularer
3825 4430 3904 4486 cla-

2302 4527 2498 4582 mavi:
2546 4531 2604 4582 et
2644 4526 2949 4582 exaudivit
2991 4543 3108 4584 me.
3171 4530 3424 4586 Domine
3464 4528 3652 4584 libera
3690 4524 3899 4582 animam

2302 4631 2502 4672 meam
2534 4615 2758 4672 alabiis
2787 4614 3029 4687 iniquis,
3062 4620 3118 4672 et
3145 4632 3180 4673 a
3201 4616 3409 4688 lingua
3442 4616 3676 4675 dolosa.

2373 4705 2600 4762 Oratio.
2629 4704 2717 4760 Ad
2747 4709 2800 4760 te
2832 4705 3325 4770 Dominum,dum
3359 4705 3716 4762 tribulamur
3732 4699 3900 4758 clama-

2299 4809 2436 4850 mus
2470 4811 2484 4850 :
2519 4799 2582 4850 ut
2605 4809 2715 4849 nos
2741 4809 2777 4850 a
2800 4793 2974 4851 labiis
3011 4793 3232 4868 iniquis
3276 4794 3529 4860 liberes,
3577 4799 3634 4851 et
3683 4809 3717 4850 a
3739 4789 3900 4859 lingua

2297 4882 2508 4940 dolosa
2535 4887 2716 4938 tutes:
2767 4897 2878 4939 nec
2908 4882 3358 4940 blandientibus
3410 4882 3775 4957 iniquitatem
3815 4886 3898 4957 nos

2294 4970 2574 5028 humilies
2591 4988 2603 5037 ;
2623 4988 2732 5028 nec
2756 4987 3056 5028 recessum
3086 4988 3124 5028 a
3153 4971 3399 5029 veritate
3422 4956 3900 5035 suadentibus,ad-

2295 5077 2535 5118 sensum
2554 5065 2829 5117 nostrum
2854 5061 3155 5118 incurves.
3189 5072 3250 5132 11v.
3281 5065 3503 5118 Amen.

2363 5152 2711 5221 Antiphona
2735 5155 2786 5207 2.
2831 5151 3106 5207 Discerne
3158 5164 3415 5208 causam
3462 5165 3656 5208 meam
3704 5139 3900 5204 Domine

2291 5239 2365 5296 de
2394 5246 2565 5310 gente
2597 5256 2718 5296 non
2759 5245 2967 5296 sancta
2999 5256 3012 5294 :
3054 5238 3132 5296 ab
3154 5238 3400 5296 homine
3432 5239 3644 5312 iniquo
3668 5231 3899 5292 etdolow

2289 5329 2477 5385 libera
2509 5346 2624 5386 me.
2656 5329 2718 5390 ἢν.
2744 5331 2935 5396 Quare
2967 5329 3144 5384 tristis
3174 5345 3236 5385 es
3270 5328 3481 5386 anima
3511 5343 3647 5385 mea
3668 5324 3695 5380 7
3722 5340 3750 5382 e
3770 5327 3899 5394 tqua-

2287 5431 2350 5486 re
2381 5423 2705 5477 conturbas
2734 5435 2819 5474 me
2843 5419 2870 5475 ‘I
2922 5421 3106 5492 Spera
3134 5419 3196 5475 in
3244 5421 3384 5488 Deo,
3423 5418 3702 5492 quoniam
3744 5410 3902 5470 adhuc

2288 5507 2615 5568 conﬁtebor
2642 5509 2724 5566 illi
2747 5528 2761 5570 :
2795 5507 3054 5567 salutare
3082 5506 3284 5568 vultus
3310 5504 3457 5578 mei,
3496 5509 3554 5566 et
3577 5506 3726 5566 Deus
3747 5511 3898 5560 meus.
