4094 6164
148 213 246 271 657

1328 207 1682 267 DOMINICA
1722 208 1767 265 V
1801 207 2413 281 QUADRAGESIM/E.

3450 230 3559 289 558

221 336 443 395 Oratio.
474 335 577 392 Dei
606 334 794 391 Patris
829 334 1133 405 Unigenite
1154 334 1276 400 Fili,
1291 336 1390 409 qui
1410 335 1797 408 passionetua
1822 335 1872 390 A
1971 339 2321 412 Antiphonti
2337 352 2356 403 l
2372 388 2385 402 .
2406 348 2647 405 Multum
2665 348 3043 420 peregrinata
3061 356 3150 411 est
3172 354 3378 413 anima
3398 371 3555 415 mea,

153 426 428 486 discernis
461 440 713 482 causam
731 424 943 496 populi
964 424 1047 480 tui
1068 440 1106 481 a
1132 439 1309 495 grege
1326 424 1676 481 insatiabilis
1691 424 1797 480 ini-

154 517 310 588 inici;
346 516 624 571 discerne
653 530 899 570 causam
916 518 1184 569 nostram
1209 530 1245 571 a
1260 518 1433 584 gente
1449 529 1571 569 non
1592 517 1798 570 sancta

154 623 249 682 per
271 605 571 679 passionis
604 608 719 661 tua
744 604 1065 674 potentiam
1092 621 1106 657 :
1130 607 1195 659 ut
1231 608 1294 659 tu
1322 603 1484 660 solus
1528 603 1589 659 in
1612 618 1799 660 causa

156 696 415 755 Ecclesia
433 700 549 751 tua
564 695 913 765 agnoscaris
932 712 946 762 ;
966 693 1069 767 qui
1083 698 1137 749 te
1149 694 1389 751 voluisti
1403 694 1527 751 fieri
1541 694 1795 766 pretium

154 790 365 843 nostra
392 782 849 855 redemptionis.
887 794 951 851 Br.
991 785 1199 839 Amen.

217 875 547 945 Antiphona
580 876 632 929 3.
666 875 729 928 In
763 871 1446 937 Deolaudaboverbum,
1467 873 1525 928 in
1542 872 1797 929 Domino

148 962 405 1021 laudabo
420 976 758 1018 sermonem
778 978 789 1015 :
804 960 865 1016 in
880 961 1133 1017 Domino
1148 961 1425 1033 sperabo,
1440 977 1564 1017 non
1576 960 1799 1017 timebo

148 1050 288 1125 quid
327 1049 476 1106 mihi
502 1049 679 1106 faciat
702 1050 904 1106 homo.
935 1049 991 1108 ἰν.
1022 1049 1308 1107 Dominus
1334 1051 1482 1107 mihi
1514 1050 1754 1122 adjutor
1783 1065 1795 1105 :

147 1145 199 1199 et
226 1155 339 1210 ego
370 1139 708 1212 despiciam
733 1138 1007 1194 inimicos
1037 1154 1224 1195 meos.

210 1241 273 1299 Ir.
318 1227 861 1285 Circumdederunt
891 1243 987 1285 me
1012 1228 1236 1285 inimici
1278 1231 1395 1285 mei
1445 1230 1599 1286 sicut
1654 1244 1799 1301 apes

145 1335 364 1387 ceram,
394 1322 452 1375 et
477 1321 828 1374 exarserunt
856 1318 919 1373 in
946 1333 1042 1374 me
1065 1318 1214 1374 sicut
1240 1319 1395 1388 ignis
1424 1319 1487 1374 in
1504 1319 1800 1392 spinis.P.

145 1413 479 1482 Tamquam
513 1407 794 1463 cumulus
826 1423 1021 1463 arena
1052 1407 1349 1479 impulsus
1380 1425 1513 1464 sum
1544 1413 1609 1464 ut
1633 1408 1806 1464 cade-

145 1514 267 1559 rem
301 1520 315 1555 :
355 1501 413 1553 et
435 1497 727 1553 Dominus
751 1497 1011 1568 suscepit
1038 1512 1156 1552 me.
1188 1497 1249 1555 ἣν.
1275 1497 1456 1562 Quasi
1473 1504 1651 1569 rupto
1675 1513 1805 1553 mu-

144 1606 206 1647 ro
234 1594 296 1644 et
332 1586 743 1659 apertajanua
773 1585 1383 1658 inrueruntsuperme
1416 1604 1428 1641 :
1460 1591 1514 1642 et
1544 1586 1621 1643 ad
1639 1601 1804 1643 meas

142 1676 426 1736 miserias
460 1675 682 1732 evoluti
720 1679 878 1732 sunt.
914 1677 985 1732 P.
1013 1678 1368 1747 Tamquam.

212 1768 448 1826 Preces.
483 1764 730 1831 Exaudi,
780 1765 1049 1834 Domine,
1100 1780 1305 1837 preces
1356 1770 1611 1833 nostras,
1645 1765 1708 1820 P.
1741 1767 1807 1821 Et

142 1858 438 1914 miserere
464 1854 658 1913 nobis.
705 1853 765 1915 ἵ.
824 1854 994 1911 Cruci
1026 1852 1222 1918 afﬁxe,
1262 1858 1319 1911 et
1360 1855 1535 1910 morti
1573 1853 1806 1925 adjudi-

140 1951 304 2013 cate,
336 1946 409 2002 P.
446 1948 525 2001 Et.
567 1944 626 2003 ἡ.
654 1943 765 2009 Qui
795 1944 1058 2000 moriens
1084 1944 1385 2000 redemisti
1405 1944 1709 2008 saculum,
1737 1944 1805 2000 P.

139 2040 232 2095 Et.
262 2036 327 2095 ἲ.
362 2036 430 2091 Ut
457 2033 671 2090 salvati
700 2048 807 2105 per
833 2035 1078 2091 Crucem
1108 2033 1359 2089 transire
1390 2033 1709 2100 possimus,
1742 2032 1805 2087 P.

139 2128 228 2183 Et.
275 2123 340 2183 ἵ.
380 2125 534 2181 Mors
560 2121 739 2177 nobis
770 2126 871 2178 tua
900 2122 1079 2179 vitam
1111 2126 1391 2179 aeternam
1434 2122 1807 2192 conferat,!P.

140 2217 212 2270 Et
250 2212 561 2269 miserere.

218 2304 534 2372 Hymnus.
566 2302 610 2357 Ο
656 2303 971 2357 Nazarene.
1012 2302 1123 2370 fol.
1171 2303 1287 2356 144.

222 2392 465 2448 Oratio.
496 2389 749 2461 ,Respice
786 2390 1056 2453 Domine,
1089 2390 1386 2461 populum
1415 2391 1579 2445 tuum
1602 2409 1614 2460 ;
1637 2393 1694 2446 et
1714 2406 1812 2445 su-

146 2497 260 2555 per
289 2480 573 2536 odientes
597 2482 649 2534 te
670 2478 926 2535 exaltare
945 2477 1331 2548 magniﬁcus:
1352 2494 1421 2535 ac
1446 2494 1567 2546 eos,
1592 2479 1695 2550 qui
1712 2478 1815 2535 ad-

146 2586 404 2627 versum
429 2568 638 2625 ﬁdeles
664 2573 798 2625 tuos
818 2567 1115 2624 declinare
1144 2567 1443 2633 festinant,
1474 2568 1533 2623 in
1546 2566 1817 2640 pracipi-

151 2667 273 2719 tem
302 2663 471 2719 verte
492 2660 731 2715 ruinam
763 2678 774 2717 :
805 2663 870 2715 ut
908 2658 1141 2715 confusi
1171 2662 1227 2715 et
1268 2657 1508 2728 turbati,
1539 2661 1592 2712 te
1620 2656 1815 2713 solum

153 2751 523 2809 altissimum
550 2748 611 2805 in
643 2748 809 2805 omni
834 2752 985 2804 terra
1008 2748 1328 2804 Dominum
1358 2749 1812 2821 recognoscant.

226 2842 399 2898 Pater
430 2844 649 2896 noster.

758 2928 843 2983 Ad
893 2929 1224 2999 VeSperum.

1904 425 2053 484 Cum
2078 432 2171 488 his
2186 436 2291 506 qui
2329 436 2580 493 oderant
2606 452 2840 508 pacem,
2882 454 3038 496 eram
3072 443 3357 513 paciﬁcus
3408 446 3558 503 dum

1904 515 2196 591 loquebar
2232 523 2369 595 illis,
2402 526 2844 599 impugnabant
2872 543 2970 585 me
3000 531 3201 601 gratis.
3246 532 3308 594 ir.
3336 534 3425 591 Ad
3449 536 3559 592 Do-

1903 606 2140 666 minum
2172 627 2309 669 cum
2355 615 2671 671 tribularer
2710 616 2984 688 clamavi,
3018 623 3074 675 et
3110 620 3414 679 exaudivit
3438 639 3555 680 me.

1980 697 2206 756 Oratio.
2236 703 2484 759 Multum
2498 706 2979 777 peregrinantem
3004 708 3273 765 animam
3288 714 3559 766 nostram

1906 784 1967 840 in
1984 786 2385 847 tabernaculis
2408 794 2615 861 Cedar,
2639 798 2704 850 tu
2725 794 2969 862 Christe,
2992 796 3174 869 330
3194 798 3296 854 lux
3316 813 3460 855 vera
3470 801 3562 870 ju-

1908 874 2102 945 stitia,
2140 885 2526 950 peccatorum
2574 886 2917 941 nostrorum
2960 886 3237 944 tenebras
3278 902 3429 945 exue
3461 903 3474 944 :
3508 891 3566 944 et

1909 970 2132 1021 sancta
2190 967 2470 1026 claritatis
2519 975 2630 1028 tua
2671 972 2868 1029 lucem
2894 974 3316 1045 perfunde;ut
3344 976 3405 1032 in
3445 976 3563 1033 hoc

1908 1055 2139 1111 mundo
2166 1072 2303 1113 cum
2334 1059 2678 1116 odientibus
2697 1077 2911 1133 pacem
2934 1063 3190 1135 paciﬁci,
3213 1064 3340 1120 etin
3359 1064 3561 1121 futuro

1910 1144 2129 1201 saeculo
2151 1162 2290 1203 cum
2326 1148 2463 1205 ﬁliis
2488 1150 2874 1222 Hierusalem,
2898 1156 3099 1210 sancta
3119 1153 3562 1211 confaderante

1909 1235 2250 1307 concordia,
2284 1252 2625 1295 mereamur
2652 1254 2783 1296 esse
2812 1240 2990 1297 beati.
3025 1252 3090 1313 Bt.
3130 1244 3341 1299 Amen.

1981 1323 2613 1393 Antiphona2.Judica
2625 1343 2722 1384 me
2737 1331 2913 1397 Deus,
2940 1333 2998 1386 et
3024 1330 3293 1388 discerne
3313 1346 3562 1389 causam

1912 1426 2115 1468 meam
2139 1413 2213 1469 de
2245 1420 2420 1485 gente
2449 1431 2571 1473 non
2602 1421 2809 1474 sancta
2836 1434 2849 1474 :
2879 1417 2958 1474 ab
2987 1419 3229 1476 homine
3273 1419 3480 1492 iniquo
3511 1425 3567 1475 et

1913 1499 2124 1558 doloso
2153 1502 2342 1561 libera
2360 1521 2477 1561 me.
2502 1505 2564 1568 ὴ.
2600 1507 2751 1573 Quia
2776 1511 2839 1563 tu
2865 1522 2928 1564 es
2958 1508 3113 1565 Deus
3140 1523 3331 1575 meus,
3373 1511 3430 1565 et
3453 1508 3569 1566 for-

1914 1589 2103 1648 titudo
2130 1608 2271 1650 mea
2294 1612 2306 1653 :
2342 1610 2529 1668 quare
2548 1611 2645 1652 me
2666 1596 2936 1669 repulisti
2955 1597 2983 1653 ?
3004 1602 3060 1654 et
3074 1613 3262 1670 quare
3277 1597 3459 1654 tristis
3477 1597 3568 1654 in-

1832 1695 1877 1750 B
1914 1679 2080 1745 cedo,
2115 1680 2263 1738 dum
2289 1684 2501 1753 afﬂigit
2528 1700 2626 1740 me
2655 1684 2975 1741 inimicus?

1989 1770 2215 1827 Oratio.
2250 1772 2476 1829 Christe
2507 1774 2609 1829 Dei
2648 1773 2826 1844 ﬁlius,
2880 1775 3149 1833 discerne
3179 1790 3427 1834 causam
3454 1791 3567 1833 no-

1918 1862 2101 1916 stram
2145 1859 2221 1916 de
2260 1866 2435 1932 gente
2458 1876 2579 1920 non
2611 1867 2819 1921 saneta
2847 1878 2955 1936 per
2992 1864 3334 1937 passionem
3366 1868 3567 1922 tuam:

1918 1951 1983 2003 ut
2008 1951 2072 2003 tu
2112 1948 2276 2005 solus
2305 1950 2385 2006 sis
2414 1952 2475 2007 in
2509 1967 2697 2009 causa
2724 1957 2929 2011 nostra
2960 1954 3281 2020 defensor;
3334 1954 3433 2026 qui
3461 1968 3573 2027 pro

1919 2036 2094 2093 nobis
2119 2054 2339 2110 passus
2361 2056 2424 2097 es
2460 2042 2850 2114 sepulturam.
2884 2053 2950 2113 ﬂ.
2977 2048 3190 2100 Amen.

1991 2128 2323 2197 Antiphona
2346 2130 2406 2185 3.
2452 2131 2702 2201 Adjutor
2744 2135 2802 2187 et
2830 2135 3139 2205 susceptor
3176 2147 3350 2190 meus
3402 2139 3464 2189 tu
3489 2148 3573 2200 es,

1922 2216 2078 2271 Deus
2110 2234 2123 2272 :
2156 2232 2232 2274 ne
2261 2217 2539 2276 discedas
2568 2235 2605 2277 a
2626 2235 2741 2276 me.
2770 2223 2834 2276 In
2865 2220 3232 2293 adjutorium
3258 2237 3464 2278 meum
3489 2220 3578 2278 in-

1922 2304 2121 2375 tende,
2148 2306 2441 2364 Domine:
2475 2308 2554 2365 ad
2603 2309 3022 2381 adjuvandum
3073 2326 3171 2367 me
3217 2311 3452 2369 festina.
3498 2310 3567 2373 ἵ.

1924 2392 2399 2467 Confundantur,
2465 2400 2525 2453 et
2570 2401 2950 2455 revereantur
2998 2398 3222 2455 inimici
3271 2398 3440 2460 mei:
3475 2399 3581 2473 qui

1924 2486 2203 2554 quarunt
2239 2484 2508 2541 animam
2539 2500 2761 2542 meam.

1999 2570 2223 2626 Oratio.
2253 2571 2519 2643 Adjutor,
2562 2576 2618 2629 et
2651 2578 2958 2646 susceptor
2985 2578 3192 2632 noster
3223 2576 3494 2646 Domine,
3518 2578 3577 2635 in

1925 2658 2023 2729 adj
2034 2660 2289 2715 utorium
2308 2664 2579 2716 nostrum
2591 2661 2709 2717 inte
2718 2662 2831 2717 nde
2848 2678 2862 2729 ;
2876 2665 2941 2718 ut
2955 2663 3058 2734 qui
3069 2664 3452 2735 passionibus
3462 2666 3579 2720 tuis

1926 2748 2080 2802 votis
2096 2747 2510 2804 sincerissimis
2525 2748 3234 2819 anhelamus,adiutorem
3245 2754 3302 2807 te
3313 2754 3578 2808 nostrum

1928 2836 1989 2892 in
2013 2836 2161 2909 ipsis
2191 2838 2409 2893 nostris
2439 2838 2757 2896 conatibus
2780 2840 3131 2897 sentiamus.
3162 2851 3232 2909 ni.
3262 2843 3477 2898 Amen.

2001 2937 2063 2996 re.
2099 2928 2255 2982 Deus
2276 2927 2475 2996 Israel,
2495 2933 2735 3002 propter
2750 2933 2805 2985 te
2826 2928 3080 2986 sustinui
3103 2930 3531 3003 improperium
3564 2949 3575 2991 :

226 3019 462 3077 Lauda.
499 3017 596 3074 Sol
625 3017 869 3087 agnovit
891 3033 1168 3073 occasum
1210 3032 1405 3072 suum.
1432 3017 1633 3072 Posuit
1660 3020 1819 3072 tene-
1848 3052 1894 3113 Β
1929 3017 2136 3088 operui
2166 3017 2495 3074 reverentia
2519 3018 2732 3075 faciem
2757 3034 2980 3075 meam.
3027 3021 3351 3077 Extraneus
3389 3020 3581 3079 factus

153 3111 321 3179 bras,
359 3114 419 3166 et
448 3108 611 3165 facta
632 3112 717 3163 est
749 3123 895 3163 nox.

227 3199 610 3269 Antz'phona.
634 3196 802 3268 Eripe
824 3212 919 3253 me
939 3198 1184 3253 Domine
1208 3195 1285 3252 ab
1306 3196 1547 3253 homine
1571 3197 1764 3254 malo:
1784 3212 1821 3254 a.

157 3290 279 3347 viro
310 3290 530 3361 iniquo
562 3285 748 3342 libera
778 3303 895 3343 me.
918 3288 1209 3342 Psalmus.
1246 3302 1476 3341 cxxxrx.

228 3379 472 3437 Lauda.
504 3374 787 3433 Viderunt
818 3392 934 3437 me,
986 3380 1041 3431 et
1068 3379 1382 3431 moverunt
1422 3376 1616 3447 capita
1662 3386 1818 3432 sua:

152 3470 385 3541 adjuva
435 3482 555 3529 me,
596 3465 844 3521 Domine
870 3467 1024 3520 Deus
1064 3481 1250 3519 uicus.
1285 3464 1345 3523 ἡ.
1381 3465 1629 3520 Domine
1668 3466 1824 3520 Deus

155 3559 370 3615 salutis
393 3572 573 3622 mea,
603 3554 667 3610 in
692 3554 787 3609 die
813 3554 1089 3616 clamavi,
1122 3559 1179 3609 ct
1208 3559 1378 3610 nocte
1410 3570 1611 3609 coram
1638 3558 1714 3611 te.

230 3648 532 3719 Hymnus.
562 3644 819 3700 Verbum
850 3644 1058 3699 Patris.
1094 3644 1205 3712 fol.
1236 3646 1357 3697 252.

843 3734 1152 3802 Capitula.

226 3825 429 3883 Multa
471 3827 631 3887 sunt,
662 3821 928 3885 Domine,
956 3822 1296 3894 iniquitates
1318 3824 1572 3885 nostra;
1608 3820 1710 3876 sed
1740 3823 1823 3890 tu,

159 3916 446 3983 Domine,
472 3913 569 3985 qui
587 3928 649 3969 es
664 3912 1369 3982 retributorjustissimus,
1390 3911 1605 3966 delicta
1625 3913 1830 3966 nostra

157 4004 295 4062 dele
325 4003 628 4077 propitius
646 4021 657 4060 :
673 4002 810 4059 vide
822 4003 872 4072 ej
883 4000 1527 4072 ulantiumlachrymas
1551 4016 1562 4055 :
1584 4000 1831 4070 captivis

161 4107 430 4150 occurre
454 4092 747 4148 restitutor
776 4092 1049 4162 egregius
1076 4107 1088 4146 :
1117 4096 1188 4155 et,
1225 4089 1325 4162 qui
1368 4090 1428 4143 in
1458 4088 1671 4144 diebus
1703 4087 1832 4143 istis

160 4182 241 4240 ad
273 4186 336 4238 te
359 4180 439 4236 de
462 4181 1024 4251 transgressionihus
1040 4180 1278 4236 veniam
1299 4177 1620 4251 postulant,
1640 4193 1759 4233 non
1777 4181 1833 4233 te

158 4269 625 4330 severissimum
674 4270 969 4341 reperiant
1020 4269 1323 4340 judicem;
1368 4268 1473 4323 sed
1530 4268 1731 4323 mitem
1772 4282 1834 4323 se

154 4361 486 4434 gaudeant
513 4360 809 4416 invenisse
842 4361 1076 4431 patrem
1102 4363 1158 4413 et
1182 4358 1522 4414 dominum.

220 4454 421 4509 Pater
452 4452 673 4505 noster.

220 4539 614 4599 Benedictio.
650 4540 825 4605 Deus,
853 4539 1017 4611 apud
1059 4552 1240 4611 quem
1292 4540 1383 4592 est
1424 4535 1836 4592 misericordia

150 4634 449 4709 copiosa,
478 4630 819 4687 efﬁciatnos
846 4630 955 4685 sibi
970 4645 1074 4701 per
1087 4628 1377 4698 gemitum
1403 4642 1543 4683 vasa
1564 4625 1835 4682 mundis-

149 4727 345 4782 sima;
392 4732 465 4790 Bt.
497 4726 710 4776 Amen.
742 4720 973 4792 Quique
1013 4722 1104 4775 est
1143 4716 1490 4773 indeﬁciens
1520 4714 1837 4770 divinitatis

150 4820 411 4877 natura,
448 4811 579 4881 ipse
600 4809 1006 4881 spiritualibus
1035 4806 1259 4864 deliciis
1279 4806 1501 4863 reﬁciat
1532 4803 1839 4860 inﬁrmita-

149 4907 288 4961 tem
315 4904 621 4958 nostram.
655 4910 721 4969 Β).
743 4901 951 4955 Amen.
985 4900 1055 4954 Ut
1084 4898 1267 4953 corda
1298 4898 1505 4951 nostra
1526 4909 1663 4950 eum
1688 4909 1840 4949 sem-

141 5009 275 5070 per
298 4991 582 5049 esuriant
629 4994 808 5063 atque
849 4988 1072 5056 sitiant,
1104 4987 1183 5043 ad
1224 5002 1407 5060 quem
1438 4988 1576 5041 vota
1623 4988 1839 5040 nostra

138 5082 567 5143 abstinentia
598 5080 887 5138 clamant.
925 5090 989 5140 11-.
1023 5083 1232 5134 Amen.

231 5174 489 5231 Lauda.
512 5169 954 5241 Fecijudicium
982 5171 1037 5223 et
1074 5166 1393 5239 justitiam.
1430 5165 1541 5236 fol.
1572 5168 1694 5219 296.

886 5275 1155 5316 SABBATO.

749 5349 850 5405 Ad
878 5349 1267 5404 Matutz’nmn.

244 5444 613 5515 Antiphona
626 5482 638 5497 .
650 5442 733 5497 Tu
750 5437 1226 5508 autem,Domine
1241 5480 1252 5493 .
1266 5436 1543 5493 Psalmus
1557 5432 1841 5492 3.0ratio.

142 5533 494 5597 Quamvis.
522 5532 637 5604 fol.
672 5531 793 5587 141.

1930 3121 2066 3160 sum
2088 3104 2370 3162 fratribus
2390 3106 2563 3173 meis,
2596 3112 2651 3163 et
2678 3107 2899 3180 hospes
2922 3107 3058 3163 ﬁliis
3076 3108 3283 3165 matris
3306 3124 3478 3166 mea.
3504 3110 3577 3166 P.

1931 3195 2227 3261 Quoniam
2252 3196 2413 3252 zelus
2435 3195 2653 3252 domus
2677 3200 2792 3252 tua
2822 3197 3084 3253 comedit
3110 3212 3226 3253 me.
3244 3196 3306 3257 ἲν.
3341 3200 3403 3253 In
3423 3198 3579 3253 mul-

1929 3284 2177 3340 titudine
2215 3285 2635 3341 misericordiae
2666 3290 2781 3340 tua
2821 3284 3037 3342 exaudi
3079 3300 3195 3351 me,
3236 3284 3297 3340 in
3336 3284 3579 3342 veritate

1932 3372 2144 3428 salutis
2173 3377 2314 3429 tua.
2352 3374 2417 3429 P.
2453 3373 2767 3439 Quoniam.

2005 3463 2228 3519 Oratio.
2268 3462 2489 3519 Christe
2519 3462 2621 3517 Dei
2655 3462 2776 3529 Fili,
2820 3477 2996 3534 quem
3033 3461 3189 3518 zelus
3217 3462 3438 3519 domus
3462 3463 3583 3527 Dei,

1932 3551 2209 3607 Ecclesia
2230 3552 2500 3607 videlicet
2529 3552 2716 3607 Patris
2742 3551 2845 3620 tui,
2873 3551 3163 3622 comedit;
3205 3551 3353 3607 dum
3374 3552 3587 3625 iniqua

1934 3646 2203 3712 gerentes
2252 3641 2325 3696 de
2352 3657 2422 3697 ea
2448 3640 2712 3697 funiculo
2746 3640 3029 3697 audacter
3048 3640 3323 3713 expellis;
3348 3641 3427 3698 ab
3444 3657 3582 3697 om-

1934 3730 2104 3786 nium
2135 3744 2246 3785 nos
2285 3729 2549 3785 funiculo
2578 3730 2961 3801 iniquitatum
2989 3729 3266 3799 absolve;
3300 3735 3479 3803 atque
3525 3730 3587 3787 in

1934 3819 2135 3876 medio
2160 3818 2379 3875 domus
2400 3821 2514 3874 tua
2553 3819 2726 3889 digne
2752 3818 3021 3875 habitare
3055 3819 3317 3876 concede
3343 3836 3358 3877 :
3386 3835 3509 3892 quo
3534 3823 3591 3876 et

1938 3908 2049 3980 ipsi
2081 3907 2300 3963 domus
2347 3907 2572 3964 tibimet
2598 3908 2921 3980 spiritualis
2968 3908 3179 3973 effecti,
3213 3925 3248 3966 a
3279 3913 3333 3965 te
3366 3924 3590 3967 merea-

1938 4013 2074 4053 mur
2098 3998 2325 4053 caelitus
2352 3998 2632 4054 laureari.
2674 4009 2736 4068 ἢ.
2761 4001 2969 4055 Amen.

2544 4106 2617 4160 In
2656 4105 2980 4172 Laudibus,

2012 4213 2381 4283 Antiphona.
2402 4214 2513 4269 Cor
2526 4211 2823 4268 mundum
2838 4228 2972 4269 crea
2983 4211 3043 4268 in
3058 4228 3154 4268 me
3168 4212 3405 4280 Deus,et
3426 4210 3594 4285 spiri-

1943 4304 2070 4358 tum
2100 4310 2327 4358 rectum
2358 4302 2580 4358 innova
2616 4301 2676 4357 in
2701 4300 3032 4357 visceribus
3058 4302 3209 4358 meis
3239 4302 3510 4359 Psalmus
3541 4320 3591 4356 ιι.

1864 4414 1909 4470 D
2017 4391 2234 4447 Oratio.
2280 4390 2482 4446 Cordis
2529 4390 2734 4456 nostri,
2767 4390 2881 4460 fol.
2909 4390 3031 4447 210.
3067 4391 3405 4447 Canticum.
3437 4392 3595 4449 Sana

1943 4496 2061 4545 me,
2088 4480 2357 4535 Domine.
2385 4480 2495 4549 fol.
2522 4483 2650 4536 259.

2013 4568 2498 4626 Matutinarium.
2538 4569 2822 4625 Auditam
2857 4568 2951 4625 fac
2987 4568 3130 4625 mihi
3164 4584 3341 4626 mane
3372 4566 3595 4624 miseri-

1946 4659 2208 4716 cordiam
2241 4662 2427 4727 tuam,
2455 4658 2597 4730 quia
2637 4658 2699 4713 in
2744 4663 2800 4714 te
2831 4658 3084 4733 speravi,
3104 4658 3370 4714 Domine.
3402 4655 3464 4715 ἵ.
3490 4656 3593 4710 De-

1946 4753 2215 4805 monstra
2237 4747 2381 4803 mihi
2400 4747 2583 4810 viam,
2615 4747 2676 4802 in
2715 4763 2837 4820 qua
2869 4746 3169 4804 ambulem
3191 4764 3209 4818 ;
3240 4743 3381 4817 quia
3411 4741 3491 4799 ad
3516 4745 3592 4810 te,

1949 4837 2217 4905 Domine,
2250 4836 2443 4893 levavi
2473 4837 2740 4892 animam
2768 4852 2989 4893 meam.

2018 4948 2249 5004 Lauda.
2283 4947 2346 5001 ln
2376 4945 2593 5002 sanctis
2624 4944 2774 5016 ejus.

2073 5056 2270 5112 Lectio
2310 5052 2453 5109 libri
2480 5052 2805 5109 Malachim
2833 5052 3079 5124 (Regum
3111 5050 3203 5107 ΙΙΙ
3227 5066 3360 5122 cap.
3392 5052 3472 5123 ll).

2022 5174 2085 5233 ﬁ.
2128 5163 2249 5216 Deo
2283 5158 2528 5229 gratias.

2025 5252 2087 5305 ln
2114 5248 2226 5304 illis
2238 5248 2450 5303 diebus
2474 5262 2487 5302 :
2513 5246 2801 5304 Salomon
2824 5247 3168 5320 seditsuper
3193 5247 3475 5303 thronum
3490 5242 3598 5299 Da-

1957 5341 2055 5397 vid
2079 5338 2264 5412 patris
2292 5338 2404 5403 sui,
2422 5341 2479 5394 et
2508 5337 2811 5396 ﬁrmatum
2851 5342 2939 5394 est
2975 5352 3225 5409 regnum
3255 5336 3384 5405 ejus
3408 5331 3596 5387 nimis.

1954 5433 2022 5487 Et
2047 5430 2352 5500 ingressus
2375 5433 2463 5485 est
2477 5428 2739 5486 Adonias
2758 5428 2917 5484 ﬁlius
2942 5426 3156 5497 Aggith
3178 5423 3255 5480 ad
3276 5420 3603 5479 Bethsabee

1953 5524 2211 5581 matrem
2244 5518 2602 5578 Salomonis.
2643 5520 2786 5584 Qua
2807 5516 2953 5573 dixit
2976 5516 3028 5573 ei
3066 5531 3083 5575 :
3124 5511 3495 5573 Paciﬂcusne
3519 5516 3608 5572 est
