4094 6164
166 251 267 307 565

1275 251 1622 309 DOMINICA
1662 246 1729 305 IN
1772 244 1997 303 ΒΑΜἰὲ
2037 246 2472 306 PALMARUM.

3466 255 3576 315 568

224 377 535 448 Capitula.
566 377 744 441 Deus,
777 378 882 451 qui
914 378 993 435 ad
1045 377 1344 449 judicium
1392 394 1530 434 cum
1585 376 1812 435 Sanctis
1843 372 1890 428 A
1920 388 2082 430 nunc
2102 374 2523 445 navigantibus
2545 373 2935 433 nobisintuitu
2950 390 3193 448 superno
3208 378 3565 450 adsiste.Sic,

156 466 437 524 omnibus
468 467 694 535 venies,
718 471 774 523 et
831 470 1035 523 tamen
1064 482 1226 523 nunc
1256 468 1317 524 in
1350 467 1572 537 gremio
1602 464 1810 522 matris
1918 478 2293 535 quaesumus,
2312 464 2638 523 famulatus
2662 464 2849 522 nostri
2876 468 3017 522 vota
3047 468 3340 542 suscipias
3367 488 3380 528 :
3405 476 3467 529 ut
3487 473 3568 530 ad

156 554 426 612 Ecclesim
441 555 589 612 facis
605 571 712 627 per
722 554 896 610 ﬁdem
914 559 1174 627 populos
1185 556 1457 613 habitare
1477 555 1805 619 unanimes,

1915 550 2100 608 lucem
2130 554 2280 609 lucis
2312 553 2635 611 abundanti
2665 571 2768 611 nos
2798 553 3195 613 misericordia
3219 558 3562 618 sublevando

153 646 389 718 suscipe
410 660 652 718 precem
682 644 927 700 familiae
958 652 1091 715 tum,
1121 650 1178 701 et
1196 644 1450 701 benedic
1497 644 1809 701 hereditati
1914 642 2227 713 perducas.
2261 653 2326 712 Βι.
2353 645 2563 699 Amen.

148 738 263 790 tum
289 752 303 790 :
326 734 594 804 injunge,
623 740 688 788 ut
709 738 767 789 et
795 733 1020 789 renatis
1039 734 1166 805 jam
1198 734 1371 790 nobis
1396 733 1681 789 omnibus
1700 748 1808 805 per

147 839 374 895 aquam
407 831 463 879 et
490 822 775 894 Spiritum
805 824 1089 878 Sanctum
1120 822 1192 878 sit
1236 824 1511 879 remissio
1536 830 1805 895 peccato-

141 927 278 968 rum
305 928 321 977 ;
346 914 404 967 et
433 910 529 967 his
552 910 687 984 quis
713 910 1107 967 sacramentis
1126 910 1267 967 ﬁdei
1289 910 1592 968 initiantur
1615 910 1803 983 perfe‘

137 1006 244 1055 ctm
284 998 653 1055 credulitalis
689 998 1073 1071 imprimatur
1108 1000 1465 1072 mysterium
1501 1016 1622 1073 quo
1655 1004 1712 1056 et
1738 1000 1799 1056 in

130 1087 310 1145 nobis
332 1090 391 1145 et
410 1087 473 1143 in
508 1087 623 1143 illis
654 1086 738 1144 ita
774 1102 930 1144 verm
962 1087 1105 1143 ﬁdei
1135 1094 1513 1146 sacramenta
1552 1088 1798 1145 fructiﬁ-

131 1181 287 1244 cent,
313 1180 382 1232 ut
397 1180 481 1247 tu,
503 1176 665 1232 solus
684 1179 1186 1233 sacramentorum
1204 1177 1468 1250 ipsorum
1486 1180 1711 1247 auctor,
1734 1177 1795 1233 in

126 1265 309 1322 nobis
340 1281 509 1322 nunc
544 1270 602 1322 et
628 1266 690 1322 in
714 1268 1004 1322 mternum
1028 1265 1192 1323 solus
1224 1265 1471 1324 exultes.

194 1355 373 1411 Pater
387 1360 614 1411 noster.

197 1443 555 1501 Benedictio.
579 1443 863 1516 Deus,qui
884 1443 1204 1501 Ecclesiam
1226 1460 1399 1501 suam
1427 1444 1573 1501 ditat
1599 1444 1793 1501 multi-

124 1533 265 1605 plici
294 1533 681 1590 fceconditate
712 1534 1102 1604 credentium,
1137 1539 1193 1591 et
1221 1536 1583 1605 regeneratis
1611 1551 1786 1591 suam

122 1623 398 1696 prmbeat
428 1622 706 1693 gratiam,
737 1627 794 1679 et
818 1624 1251 1695 regeneraturis
1277 1624 1584 1690 concedat,
1616 1628 1683 1680 ut
1708 1624 1787 1681 ad

1984 731 2029 785 A
2042 731 2344 801 ntiphona.
2367 734 2556 803 Super
2570 730 2864 803 populum
2883 734 3070 803 tuum,
3096 734 3252 790 Deus
3275 734 3439 793 salus
3457 740 3565 797 tua

1914 823 1969 875 et
1996 819 2353 876 benedictio.
2394 821 2664 876 Psalmus
2693 837 2774 878 III.

1980 909 2454 980 Antiphona.Cor
2468 909 2766 967 mundum
2789 926 2925 967 crea
2944 910 3005 966 in
3023 926 3135 968 nos
3157 913 3312 969 Deus
3335 930 3349 970 :
3368 919 3423 970 et
3441 915 3562 986 spi-

1907 997 2088 1054 ritum
2115 998 2575 1055 rectuminnova
2588 998 2646 1054 in
2670 999 2995 1056 visceribus
3025 1000 3469 1061 meis.Psalmus
3500 1022 3551 1062 ι..

1975 1088 2334 1158 Antiphona.
2366 1091 2431 1142 In
2459 1087 2677 1146 umbra
2692 1087 2929 1145 alarum
2954 1092 3193 1147 tuarum
3218 1105 3552 1166 speramus,

1901 1172 2077 1243 Deus,
2136 1174 2327 1231 donec
2398 1180 2658 1233 transeat
2713 1192 2750 1234 a
2808 1176 2986 1235 nobis
3025 1177 3330 1252 iniquitas.
3386 1180 3554 1239 Psal-

1900 1278 2031 1318 mus
2061 1280 2167 1319 LV].

1973 1350 2444 1410 Oratio.Domine
2463 1356 2632 1420 Deus,
2652 1355 2818 1426 apud
2837 1371 3021 1427 quem
3046 1356 3395 1416 conﬁtentes
3421 1376 3550 1419 me-

1899 1439 2098 1497 delam
2125 1441 2333 1499 salutis
2360 1442 2666 1499 inveniunt
2690 1462 2704 1511 ;
2733 1443 2862 1500 dele
2892 1446 3265 1517 piaculorum
3296 1448 3549 1508 vulnera

1898 1530 2179 1587 cordibus
2201 1532 2536 1602 hominum;
2564 1537 2621 1589 et
2650 1534 2901 1591 ostende
2919 1551 3099 1609 super
3110 1551 3222 1593 nos
3236 1535 3548 1595 clementim

1894 1623 2013 1675 tum
2026 1620 2423 1678 clarissimum
2446 1623 2997 1698 vultum;tuumque
3019 1626 3385 1685 clamoribus
3404 1646 3549 1702 sup-

122 1717 353 1768 sanctm
407 1712 552 1768 ﬁdei
605 1717 1024 1769 consummata
1074 1715 1426 1785 perveniant
1478 1715 1781 1786 mysteria.
1818 1728 1862 1784 Β
1892 1708 2108 1781 plicum
2136 1710 2355 1768 inclina
2383 1716 2647 1768 sanctum
2676 1713 2931 1770 auditum
2957 1732 2974 1768 :
3007 1715 3235 1772 Effunde
3259 1717 3545 1776 mentibus

119 1814 186 1873 ﬁ.
218 1805 437 1859 Amen.
465 1802 547 1858 Sit
566 1806 955 1875 utrorumque
992 1802 1173 1875 plena
1201 1802 1473 1871 salvatio,
1500 1804 1604 1876 qui
1628 1804 1785 1860 Chri-

119 1893 467 1948 stianorum
486 1898 576 1948 est
600 1907 743 1947 vera
765 1891 1115 1963 redemptio.
1150 1903 1213 1962 Βι.
1248 1896 1457 1948 Amen.
1494 1895 1563 1949 Ut
1589 1893 1651 1948 in
1681 1892 1782 1950 illo

116 1985 174 2038 et
198 1982 513 2037 credentes
540 1980 815 2038 habeatis
836 1981 1037 2047 vitam,
1066 1986 1278 2037 etcum
1304 1981 1616 2037 credituris
1636 1997 1781 2051 gau-

118 2071 220 2127 dia
251 2069 616 2143 possideatis
645 2070 930 2126 caelestia.
956 2081 1022 2141 ﬁ.
1056 2077 1264 2125 Amen.

186 2160 428 2217 Lauda.
459 2159 651 2226 Pater,
676 2158 938 2217 clariﬁca
961 2176 1056 2215 me
1082 2159 1366 2225 claritate,
1390 2176 1575 2232 quam
1596 2159 1781 2218 habui

119 2250 287 2323 apud
312 2254 371 2305 te
402 2249 760 2322 priusquam
791 2249 1053 2305 mundus
1105 2249 1289 2307 ﬁeret.
1338 2249 1402 2311 ἵ.
1454 2250 1781 2306 Declaratio

120 2354 461 2395 sermonum
486 2342 714 2394 tuorum
734 2338 1038 2395 illuminat:
1066 2342 1121 2395 et
1141 2339 1499 2395 intellectum
1520 2340 1623 2397 dat
1650 2356 1782 2412 par-

121 2428 295 2485 vulis.

190 2520 425 2575 Oratio.
480 2514 806 2574 Declaratio
836 2532 1161 2574 sermonum
1189 2522 1419 2575 tuorum
1446 2518 1777 2575 illuminans

124 2608 395 2673 Domine,
416 2606 603 2663 corda
619 2614 674 2662 et
692 2606 1076 2675 intellectum,
1099 2612 1343 2679 pectora
1363 2608 1619 2664 enutriat
1641 2624 1779 2680 par-

123 2696 255 2753 vula
279 2717 292 2756 :
324 2702 391 2753 ut
406 2696 551 2752 dum
567 2695 857 2754 mandata
878 2700 979 2754 tua
1002 2696 1779 2769 conscupiscimus,sapien-

124 2787 211 2842 tim
229 2793 285 2844 et
300 2786 642 2844 intellectus
662 2785 928 2858 spiritum
945 2785 1122 2841 corde
1144 2784 1437 2858 patefacto
1459 2802 1772 2842 sumamus.

122 2887 179 2947 1}.
204 2880 421 2931 Amen.

179 2966 557 3023 Lauda.Hmc
576 2969 665 3021 est
688 2964 991 3036 generatio
1011 2963 1410 3038 qumrentium
1427 2965 1768 3032 Dominum,

1893 1799 2106 1853 nostris
2120 1804 2232 1855 tum
2245 1800 2448 1870 gratim
2465 1800 2694 1857 donum
2721 1819 2733 1868 ;
2748 1806 2803 1857 et
2820 1803 3081 1860 concede
3102 1804 3542 1875 postulantibus

1888 1888 2222 1944 remedium
2253 1890 2570 1962 qumsitum
2596 1908 2610 1957 ;
2638 1906 2708 1947 ac
2720 1892 2915 1963 quiad
2940 1892 3411 1964 impendendum
3438 1894 3539 1953 de-

1887 1975 2080 2032 bitum
2107 1982 2324 2034 nostrae
2353 1980 2650 2035 servitutis
2672 1981 3125 2054 consurgimus;
3159 1982 3396 2040 effunde
3441 1983 3545 2041 be-

1889 2065 2241 2123 nedictionis
2267 2072 2319 2123 et
2352 2067 2560 2124 salutis
2579 2068 3016 2127 abundantiam
3045 2086 3224 2144 super
3244 2073 3540 2145 populum

1888 2159 2062 2212 tuum
2093 2173 2106 2211 :
2148 2172 2219 2212 ac
2243 2156 2374 2213 dele
2421 2158 2756 2214 misericors
2809 2159 3003 2214 scelus
3038 2164 3453 2231 contractum;
3484 2167 3542 2221 et

1889 2244 1982 2301 fac
2018 2260 2142 2301 non
2183 2261 2314 2302 esse
2341 2246 2561 2303 liberos
2589 2264 2626 2304 a
2649 2252 2816 2304 reatu
2851 2248 3216 2306 facinorum:
3247 2250 3393 2307 audi
3436 2268 3541 2323 ge-

1890 2335 2068 2391 mitus
2092 2336 2506 2407 poenitentium
2528 2356 2542 2405 ;
2568 2336 2785 2407 largire
2814 2337 3199 2409 indulgentim
3246 2338 3537 2410 fructum;

1889 2428 1945 2480 et
1973 2424 2337 2481 clamoribus
2355 2425 2723 2497 pulsantium
2761 2426 3029 2484 ﬁdelium
3045 2429 3307 2485 concede
3337 2430 3541 2502 singu-

1886 2511 1959 2569 lis
1989 2513 2340 2584 suffragium
2372 2515 2761 2586 postulatum.
2795 2526 2861 2586 13:.
2899 2517 3111 2572 Amen.

1958 2602 2301 2672 Antiphona
2336 2608 2386 2659 l.
2415 2602 2895 2658 Annunciabitur
2947 2604 3201 2662 Domino
3230 2609 3534 2677 generatio

1887 2695 2157 2746 ventura.
2187 2690 2324 2746 P.Et
2353 2691 2814 2746 annunciabunt
2827 2690 3121 2760 justitiam
3134 2694 3266 2763 ejus
3281 2696 3530 2766 populo,

1884 2778 1988 2851 qui
2010 2782 2479 2850 nascetur,quem
2502 2778 2637 2833 fecit
2652 2778 2951 2833 Dominus.
2972 2779 3087 2841 XN
3093 2781 3309 2837 arrabo
3325 2797 3535 2839 nomen

1885 2871 2056 2923 tuum
2101 2866 2379 2924 fratribus
2427 2866 2615 2923 meis:
2671 2867 2734 2923 in
2764 2866 2955 2925 medio
3003 2868 3277 2926 Ecclesim
3316 2870 3531 2931 lauda-

1882 2955 1962 3012 bo
1986 2960 2065 3013 te.

109 3054 550 3127 requirentium
572 3053 787 3109 faciem
806 3054 905 3109 Dei
925 3053 1130 3111 Jacob.
1147 3052 1207 3115 Υ.
1232 3053 1469 3109 Domini
1484 3057 1574 3108 est
1595 3058 1767 3119 terra,

1940 3046 2178 3102 :Oratz'o.
2212 3048 2373 3111 Ecce,
2397 3046 2663 3114 Domine,
2679 3050 3015 3118 venturam,
3044 3062 3231 3120 quam
3260 3050 3537 3122 prmdixit

110 3151 161 3200 et
187 3142 504 3217 plenitudo
535 3143 664 3214 ejus
693 3159 707 3199 ε
737 3142 898 3199 orbis
929 3146 1241 3211 terrarum,
1275 3148 1331 3198 et
1359 3142 1638 3211 universi,
1667 3145 1771 3215 qui

109 3232 382 3289 habitant
411 3232 474 3287 in
506 3247 599 3288 eo.

174 3323 412 3377 Oratio.
435 3320 687 3376 Ediﬁca
706 3320 956 3376 Domine
984 3336 1163 3392 super
1189 3335 1414 3393 aquam
1435 3320 1769 3377 refectionis

108 3410 348 3482 plebem
379 3424 573 3482 quam
603 3408 872 3466 formasti
896 3423 1001 3481 per
1031 3424 1255 3482 aquam
1280 3408 1681 3480 baptismatis:
1709 3414 1768 3465 ut

108 3499 410 3570 legalibns
434 3497 727 3555 inebriata
756 3496 1063 3562 doctrinis,
1086 3497 1201 3553 illic
1227 3503 1497 3554 nostrum
1518 3498 1769 3569 inrapiat

109 3587 608 3654 desiderium,ubi
624 3590 679 3643 te
701 3587 845 3644 dare
870 3590 1146 3643 mternnm
1170 3587 1452 3659 promittis
1470 3586 1769 3659 prmmium

106 3678 457 3735 Beatorum.
493 3688 556 3747 ﬁ.
599 3682 807 3733 Amen.

166 3787 426 3843 Lauda.
463 3784 824 3857 lnquirentes
881 3784 1199 3841 Dominum
1231 3799 1354 3839 non
1385 3783 1659 3839 deﬁcient
1692 3784 1769 3839 ad

104 3873 691 3930 omnibono.Venite
716 3872 819 3927 ﬁlii
842 3872 1040 3929 audite
1057 3889 1153 3928 me
1187 3890 1199 3929 :
1233 3873 1505 3929 timorem
1538 3873 1769 3929 Domini

102 3962 345 4019 docebo
375 3977 507 4017 vos.
543 3961 605 4023 ἲν.
642 3960 1011 4031 Magniﬁcate
1044 3961 1363 4018 Dominum
1395 3976 1633 4018 mecum
1668 3978 1680 4018 :
1715 3965 1769 4018 et

100 4052 453 4108 exaltemus
484 4065 700 4107 nomen
735 4052 863 4123 ejus
891 4051 952 4107 in
980 4067 1190 4107 unum.

182 4156 423 4212 Oratio.
440 4155 804 4229 lnquirentes
828 4161 879 4214 te
901 4157 1171 4227 Domine,
1191 4156 1507 4225 dignanter
1527 4155 1765 4225 exaudi,

97 4251 298 4319 atque
319 4248 383 4300 ut
397 4246 454 4301 in
472 4249 521 4303 te
541 4247 1033 4317 laudetur_anima
1054 4252 1262 4303 nostra
1280 4247 1456 4319 335
1476 4246 1766 4319 propitius

93 4335 201 4392 ind
213 4333 419 4391 uiator
445 4336 681 4409 imperti
716 4353 729 4389 :
756 4340 811 4393 et
837 4336 979 4408 quia
998 4336 1171 4407 juxta
1192 4352 1254 4392 es
1273 4336 1343 4391 iis
1362 4335 1466 4409 qui
1486 4334 1765 4392 tribulato

96 4428 247 4480 sunt
273 4423 474 4490 corde,
501 4440 699 4481 aurem
731 4428 885 4481 tuam
913 4423 991 4481 ad
1021 4425 1416 4480 contritionem
1447 4422 1625 4479 nostri
1655 4424 1768 4495 spi-
1797 4442 1843 4496 Ι)

95 4514 254 4569 ritus
286 4512 534 4586 pande;
560 4518 617 4569 et
640 4513 717 4570 ad
748 4529 981 4587 pacem,
1014 4530 1149 4586 qum
1176 4517 1491 4584 exsuperat
1520 4528 1765 4568 omnem

98 4618 378 4666 sensum,
401 4617 647 4674 corpora
670 4607 869 4659 nostra
885 4607 941 4658 et
962 4602 1141 4658 corda
1165 4607 1455 4658 converte.
1480 4613 1544 4674 13;.
1567 4606 1763 4671 Amen,

324 4710 665 4767 DOMlNlCA
692 4712 758 4767 ΙΝ
781 4709 1003 4766 RAMIS
1034 4710 1437 4766 PALMARUM.

682 4808 768 4863 Ad
839 4806 1230 4864 Matutinum.

174 4916 484 4987 Hymnus.
513 4915 743 4970 IEterne
764 4930 985 4971 rerum.
1012 4915 1127 4985 fol.
1159 4919 1212 4971 3.

175 5005 411 5062 Oratio.
436 5003 676 5060 Domine
695 5006 845 5059 Deus
862 5004 1042 5062 Pater
1056 5004 1439 5076 omnipotens,
1457 5004 1768 5077 inspirator

101 5092 947 5164 precum,tequeinvocantium
963 5092 1128 5149 velox
1146 5092 1528 5157 auditor,voci
1542 5099 1763 5161 nostrm,

101 5180 711 5249 oramus,clementim
732 5186 844 5237 tum
863 5197 1071 5238 aurern
1094 5186 1411 5254 appone;et
1426 5189 1767 5239 nostrorum

102 5272 346 5327 vincula
375 5269 800 5343 peccaminum
824 5270 1051 5342 potenti
1072 5271 1455 5327 miseratione
1474 5271 1762 5328 dissolve:

103 5360 357 5426 ac,sicut
373 5375 491 5416 nos
509 5358 793 5430 gallorum
807 5359 1125 5417 canoribus
1144 5360 1221 5416 ad
1239 5361 1503 5417 matutini
1525 5362 1767 5431 gratiam

104 5464 408 5521 provocas
460 5462 847 5519 consurgere,
899 5455 955 5504 et
1010 5448 1344 5522 prophetali
1395 5449 1677 5507 vaticinio
1707 5450 1767 5506 in

107 5537 303 5598 lucem
322 5538 595 5611 gentium
612 5538 802 5597 uniom
818 5536 1250 5612 redemptionis
1264 5538 1643 5611 prmnuncias
1662 5556 1674 5608 ;
1688 5537 1768 5596 ita

1882 3134 2023 3191 olim
2046 3135 2491 3206 generationem
2504 3135 2801 3209 Propheta
2808 3154 2827 3209 ;
2843 3153 2980 3209 qum
3002 3137 3209 3210 utique
3223 3154 3328 3211 per
3346 3138 3533 3197 ﬁdem

1881 3227 2155 3294 cucurrit,
2186 3229 2247 3280 ut
2266 3224 2344 3280 ad
2366 3229 2419 3279 te
2450 3226 2674 3282 veniat:
2702 3227 2945 3298 Suscipe
2966 3242 3107 3296 ergo
3138 3244 3302 3283 eam:
3328 3233 3535 3300 utpar-

1880 3313 2132 3369 fectione
2166 3314 2441 3370 salutaris
2470 3313 2696 3369 lavacri
2734 3315 2933 3380 tincta,
2990 3318 3225 3370 mternm
3261 3316 3534 3372 Hierusa-

1881 3401 1998 3456 lem
2033 3402 2347 3458 nobiscum
2376 3401 2680 3474 possideat
2710 3402 2932 3470 gaudia
2956 3401 3293 3472 inﬁnitam.
3316 3406 3528 3459 Amen.

1948 3491 2292 3559 Antiphona
2314 3496 2364 3545 2.
2399 3489 2886 3557 Reminisceutur,
2919 3494 2975 3546 et
2999 3496 3418 3548 convertentur
3443 3492 3522 3548 ad

1878 3579 2202 3636 Dominum
2232 3579 2493 3635 universi
2539 3579 2686 3633 fines
2716 3584 2882 3635 terrm
2916 3594 2931 3646 ;
2981 3584 3038 3636 et
3089 3579 3431 3637 adorabunt
3465 3581 3528 3636 in

1878 3674 2199 3740 conspectu
2239 3668 2367 3740 ejus
2411 3682 2621 3723 omnes
2667 3667 2875 3739 patrim
2905 3670 3192 3738 gentium.
3226 3669 3293 3731 γ.
3342 3670 3529 3727 Edent

1878 3765 2253 3829 pauperes,et
2273 3756 2699 3813 saturabuntur
2719 3762 2807 3827 ;et
2826 3756 3162 3815 laudabunt
3182 3758 3525 3829 Dominum,

1877 3847 1980 3918 qui
2008 3846 2317 3918 requirunt
2342 3862 2477 3901 eum
2506 3861 2517 3901 :
2546 3845 2689 3901 vivit
2727 3862 2828 3901 cor
2881 3862 3089 3902 eorum
3125 3848 3187 3903 in
3236 3849 3525 3905 smculum

1880 3935 2105 3991 smculi.

1951 4025 2173 4081 Oratio.
2209 4026 2449 4094 Christe,
2473 4025 2577 4096 qui
2606 4028 2847 4096 propter
2861 4024 3336 4084 incredulitatem
3353 4027 3528 4085 relin-

1876 4129 2068 4187 quens
2082 4113 2372 4185 populum
2397 4116 2752 4185 Synagogm,
2766 4114 3148 4171 innumeram
3168 4116 3269 4172 tibi
3285 4117 3525 4190 plebem

1876 4202 2144 4258 Ecclesim
2158 4218 2228 4258 ex
2240 4203 2521 4271 omnibus
2533 4202 2811 4273 gentibus
2824 4203 3123 4276 ampliasti
3138 4219 3151 4259 :
3167 4205 3349 4277 imple
3360 4205 3527 4279 quod

1874 4292 2207 4365 prophetali
2234 4292 2839 4364 vaticinioprmdixisti
2860 4310 2872 4361 ;
2892 4297 2954 4348 ut
2977 4293 3526 4363 reminiscanlur,et

1874 4385 2291 4438 convertantur
2319 4380 2399 4437 ad
2428 4384 2483 4437 te
2506 4384 2692 4437 Deum
2710 4381 2967 4438 universi
2994 4382 3147 4439 ﬁnes
3170 4388 3358 4450 terrm,
3383 4384 3529 4442 ado-

1874 4475 2123 4542 rentque
2146 4474 2199 4527 te
2226 4486 2437 4527 omnes
2464 4470 2673 4541 patrim
2699 4471 3095 4544 gentium,qui
3108 4471 3271 4529 solus
3284 4473 3527 4531 salvasti

1876 4561 2075 4632 utique
2115 4560 2445 4617 mundum:
2475 4560 2704 4618 Suscita
2728 4576 2871 4633 ergo
2900 4561 3007 4618 tibi
3035 4561 3191 4619 ﬁlios
3213 4561 3529 4620 credulita-

1875 4648 1970 4713 tis,
2002 4665 2073 4705 ex
2128 4649 2583 4705 Circumcisione
2630 4654 2685 4705 et
2737 4650 3030 4721 Prmputio
3078 4651 3423 4710 venientes:
3460 4652 3527 4707 ut

1875 4743 1932 4795 et
1959 4742 2106 4810 quot
2129 4738 2396 4808 veniunt,
2440 4738 2843 4810 pervehantur
2871 4739 2949 4795 ad
2974 4738 3113 4796 ﬁdei
3141 4754 3428 4809 regnum;
3471 4740 3528 4794 et

1875 4831 2022 4899 quot
2050 4829 2339 4883 venerunt
2355 4825 2451 4882 vel
2479 4826 2765 4891 venerint,
2802 4826 2981 4883 nullis
3011 4826 3359 4883 meritorum
3402 4840 3528 4883 sor-

1875 4914 2053 4971 dibus
2074 4931 2109 4971 a
2136 4914 2568 4971 tuahereditate
2607 4913 2932 4987 priventur.
2956 4926 3019 4985 Bp.
3061 4916 3271 4971 Amen.

1944 5006 2282 5075 Antiphona
2299 5007 2570 5061 3.lntrate
2587 5008 2792 5076 portas
2807 5002 3039 5059 Domini
3054 5002 3117 5058 in
3133 5004 3527 5071 confessione,

1875 5094 1939 5151 P.
1968 5093 2128 5149 Atria
2162 5092 2212 5162 ej
2225 5108 2290 5147 us
2310 5092 2370 5147 in
2399 5091 2643 5164 hymnis
2663 5091 3130 5149 confessionum.
3162 5093 3227 5156 ν.
3254 5094 3449 5152 Jubila
3470 5098 3528 5150 te

1876 5182 2339 5237 Dominoomnis
2363 5185 2537 5247 terra,
2562 5182 2868 5253 psalmum
2897 5182 3073 5239 dicite
3101 5184 3332 5241 nomini
3361 5184 3517 5253 ejus.

1948 5270 2169 5325 Oratio.
2206 5269 2535 5325 Servientes
2558 5270 2683 5339 tibi,
2713 5272 2981 5338 Domine,
3008 5272 3071 5328 in
3102 5273 3331 5339 timore,
3352 5272 3527 5326 intre-

1876 5374 2010 5415 mus
2027 5362 2230 5429 portas
2246 5358 2449 5415 tuasin
2465 5360 2858 5431 confessione,
2888 5366 2946 5418 et
2978 5362 3126 5419 atria
3144 5365 3246 5417 tua
3267 5361 3327 5415 in
3352 5359 3529 5431 hym-

1874 5448 1967 5505 nis
1980 5446 2417 5505 confessionum
2442 5467 2454 5507 :
2473 5448 2786 5509 laudemus
2807 5464 3019 5508 nomen
3036 5456 3195 5504 tuum
3214 5448 3530 5521 ;quonlam

1876 5535 2080 5597 suavis
2111 5552 2206 5595 es:
2229 5541 2403 5613 atque
2423 5543 2489 5597 ut
2508 5555 2577 5600 os
2598 5540 2873 5599 nostrum
2884 5535 3237 5597 dilateturin
3263 5536 3380 5596 tuis
3398 5534 3529 5597 lau.
