4094 6164
538 259 672 317 567’

1799 255 2253 315 BREVIARIUM
2291 255 2681 315 GOTHICUM.
3784 268 3864 323 558

543 385 738 448 dibus,
771 398 873 440 cor
888 388 1157 442 nostrum
1194 384 1470 455 instiges;
1503 387 1558 439 et
1584 383 1643 438 in
1690 381 1977 438 saeculum
2035 397 2199 454 prai-
2229 387 2272 438 A
2305 382 2570 455 reliquus
2597 384 2682 437 est
2706 380 3014 452 parvulus,
3039 383 3094 436 et
3124 379 3313 451 pascit
3335 385 3558 439 oves.Et
3583 386 3653 441 ait
3681 388 3869 448 Samuel

541 472 712 529 cellet
737 473 952 529 veritas
988 472 1241 530 inﬁnita.
1271 484 1335 543 ni.
1371 473 1577 528 Amen.

615 574 677 622 Bg.
714 561 901 615 Boves
947 579 1086 616 mea
1120 570 1167 615 at
1205 579 1340 613 nvos
1375 561 1568 626 gregis
1605 560 1718 615 mei
1747 577 1851 614 vos.
1887 560 2022 613 estis
2053 577 2064 626 ;

620 656 673 705 ι).
721 651 785 706 Εἰ
814 667 922 717 ego
951 654 1234 706 Dominus
1271 659 1475 718 vester,
1509 649 1652 704 dicit
1685 652 1988 710 Dominus,

619 739 678 800 ἲν.
713 740 879 796 Dabo
907 739 1101 810 legem
1143 757 1332 795 meam
1362 739 1420 794 in
1444 738 1768 793 visceribus
1796 737 2024 804 vestris,
2059 741 2115 791 et
2139 736 2196 791 in

550 827 833 884 cordibus
854 829 1062 884 vestris
1100 827 1440 885 adscribam
1481 843 1628 893 eam,
1681 829 1736 882 et
1766 826 1925 881 eritis
1975 825 2122 880 mihi
2138 824 2198 880 in

550 916 872 989 populum;
914 919 976 974 P.
1009 919 1075 974 Et
1093 932 1226 987 ego.

625 1007 838 1060 Oratio.
886 1004 1129 1072 Christe,
1163 1003 1338 1060 Filius
1373 1005 1472 1060 Dei
1516 1003 1724 1072 Patris,
1779 1002 1885 1075 qui
1927 1001 2005 1058 ad
2035 1017 2197 1068 oves,

551 1108 687 1165 quae
712 1092 1014 1164 perierant
1043 1093 1264 1150 domus
1304 1093 1503 1160 Israel,
1536 1095 1590 1148 te
1612 1092 1864 1148 missum
1880 1106 2011 1148 esse
2026 1095 2200 1148 testa-

552 1181 633 1234 ris
657 1195 671 1245 ;
695 1184 760 1234 ut
795 1195 973 1236 verus
998 1187 1204 1254 pastor
1237 1196 1418 1254 super
1447 1197 1589 1237 oves
1635 1185 1771 1237 tuas
1819 1179 2087 1251 invigila,
2147 1184 2204 1235 et

555 1268 963 1337 gubernacula
1019 1271 1074 1324 in
1103 1271 1186 1324 eis
1217 1271 1519 1342 pt-zetende
1561 1269 1866 1340 pastoria:
1911 1285 2033 1341 quo
2086 1272 2201 1324 tuae

555 1358 836 1412 custodiae
867 1358 1200 1413 defensioue.
1232 1359 1528 1424 vallata,ct
1546 1358 1846 1412 credentes
1859 1357 2202 1412 etcredituri

555 1461 825 1500 morsum
857 1447 1116 1502 evadant
1142 1447 1496 1502 insatiabilis
1522 1446 1766 1502 inimici.
1797 1457 1861 1512 ﬁ.
1885 1451 2092 1502 Amen.

626 1533 718 1588 Ad
747 1533 1073 1591 Canticum.
1105 1535 1472 1605 Antiphona.
1517 1535 1766 1591 Attende
1793 1533 2028 1604 caelum,
2054 1535 2204 1591 etlo-

555 1635 727 1692 quar,
752 1625 807 1678 et
835 1622 1012 1694 336
1035 1623 1239 1679 audiat
1273 1629 1425 1680 terra
1463 1623 1648 1680 verba
1677 1639 1749 1678 ex
1779 1638 1879 1678 ore
1911 1639 2080 1679 meo:
2111 1639 2207 1679 ex-

2307 472 2385 528 ad
2407 471 2540 527 lsai:
2567 470 2737 533 Mitte,
2770 473 2825 523 et
2866 467 3065 522 adduc
3090 483 3250 523 eum:
3287 483 3388 524 nec
3418 470 3567 526 enim
3591 473 3866 536 discumbe.

2310 577 2441 616 mus
2470 559 2822 630 priusquam
2863 557 2977 611 huc
3006 556 3096 610 ille
3130 557 3344 613 veniat.
3377 557 3515 613 Misit
3542 576 3685 629 ergo,
3719 570 3762 618 et
3793 568 3870 622 ad-

2310 650 2473 704 duxit
2501 664 2658 702 eum.
2698 650 2827 700 lirat
2866 653 3066 701 autem
3098 645 3282 714 rufus,
3331 651 3384 702 et
3415 647 3640 718 pulcher
3661 662 3868 724 aspectu,

2311 738 2647 808 decoraque
2677 734 2825 789 facie
2855 750 2866 788 :
2901 738 2958 789 et
2980 733 3059 790 ait
3091 733 3378 789 Dominus
3411 751 3423 789 :
3474 737 3662 806 Surge,
3687 746 3732 794 et
3758 757 3871 812 tinge

2311 824 2610 896 eum,ipse
2626 827 2714 880 est
2733 822 2914 879 enim.
2938 820 3088 878 Tulit
3112 837 3252 894 ergo
3282 823 3512 880 Samuel
3527 840 3694 881 cornu
3707 828 3813 897 olei,
3835 839 3874 888 et

2311 912 2481 970 unxit
2524 928 2660 969 eum
2703 911 2764 968 in
2792 910 2990 968 medio
3017 910 3272 968 fratrum
3302 912 3427 983 ejus
3461 930 3472 968 :
3502 919 3556 971 ct
3581 915 3801 976 directus
3815 929 3878 978 est

2313 1002 2563 1074 Spiritus
2604 999 2838 1057 Domini
2863 1000 3014 1057 adie
3043 999 3147 1056 illa
3174 1000 3237 1056 in
3267 1000 3471 1058 David.
3503 1014 3563 1072 ﬁ.
3594 1004 3772 1063 Amen.

2382 1089 2669 1160 Hymnus.
2693 1089 2933 1145 Vocaris
2962 1088 3041 1145 ad
3074 1088 3280 1146 vitam.
3305 1089 3414 1159 fol.
3447 1091 3564 1147 334.

2387 1177 2763 1248 Capitula.Ne
2793 1176 3164 1233 obliviscaris
3197 1177 3444 1234 Domine
3461 1194 3652 1237 vocem
3672 1197 3877 1254 quaren-

2315 1269 2460 1324 tium
2486 1271 2619 1334 te;et
2645 1266 2984 1337 superbiam
3015 1267 3354 1339 eorum,qui
3387 1271 3441 1324 te
3460 1269 3704 1336 oderunt,
3729 1287 3873 1329 ascen-

2313 1357 2549 1412 dentem
2587 1356 2644 1410 in
2682 1356 3124 1426 sempiternum:
3161 1358 3220 1410 ut
3247 1355 3324 1423 hi,
3357 1355 3460 1428 qui
3490 1372 3588 1428 per
3612 1358 3878 1419 adnotatio-

2315 1461 2451 1501 nem
2482 1443 2735 1501 ofticiiin
2762 1442 3272 1511 gremioEcclesiaa
3292 1445 3497 1501 matris
3523 1449 3741 1520 suscepti
3757 1457 3876 1515 sunt;

2317 1533 2393 1589 ad
2426 1532 2576 1590 sacri
2602 1532 2976 1604 Baptismatis
3003 1531 3259 1601 gratiam
3291 1533 3571 1590 accedere
3594 1544 3878 1594 mereantur:

2317 1638 2440 1695 quo
2466 1626 2520 1678 et
2535 1621 2616 1678 illi
2633 1620 2768 1677 talia
2784 1626 3056 1692 Optantes
3077 1627 3427 1694 perceptum
3449 1622 3594 1679 inter
3609 1624 3882 1681 noslavacri

558 1711 1238 1782 spectetursicutpluvia
1267 1711 1571 1784 eloquium
1594 1712 1972 1777 meum.0uia
1985 1727 2206 1769 nomen
2242 1732 2288 1788 Β
2319 1725 2440 1767 non
2464 1711 2791 1779 denegatur
2818 1709 3210 1782 mysterium;
3235 1710 3428 1783 etipsi
3449 1710 3731 1769 nobiscum
3749 1714 3888 1784 possi-

559 1797 792 1854 Domini
814 1799 1102 1856 invocavi.

631 1885 965 1945 Canticum.
994 1887 1243 1944 Attende
1266 1888 1504 1945 caelum.
1526 1890 1638 1960 fot.
1680 1893 1731 1946 4.

628 1975 1107 2033 Matutinarium.
1131 1978 1495 2034 Hierusalem
1527 1979 1661 2034 vitae
1691 1977 2039 2044 claritatem,
2073 1993 2208 2051 qum

559 2064 730 2121 tibia
770 2064 889 2121 Deo
930 2067 1342 2140 superveniet:
1393 2083 1527 2124 ecce
1572 2066 1674 2122 filii
1719 2070 1802 2124 tui
1852 2066 2079 2123 collecti
2131 2067 2208 2124 ab

556 2153 780 2210 oriente
818 2159 871 2208 et
901 2155 1208 2211 occidente
1234 2156 1562 2226 gaudentes
1582 2156 1645 2212 in
1663 2171 1848 2226 regno
1867 2154 2208 2216 Dei.v.Lau-

554 2243 636 2298 da
661 2241 1024 2298 Hierusalem
1061 2243 1412 2299 Dominum:
1455 2243 1754 2300 conlauda
1806 2247 1989 2300 Deum
2041 2247 2208 2300 tuum

559 2329 696 2388 Sion
711 2374 724 2387 .

625 2420 860 2477 Lauda.
894 2420 1165 2477 Seniores
1201 2436 1340 2477 cum
1362 2421 1704 2493 junioribus
1733 2421 1973 2478 laudate
2002 2421 2208 2478 Domi-

554 2524 733 2576 num;
757 2512 816 2565 P.
847 2511 910 2566 Et
939 2509 1191 2566 exaltate
1216 2525 1440 2566 nomen
1462 2511 1592 2582 ejus
1626 2510 1840 2567 solius.
1870 2510 1930 2571 )7.
1957 2510 2223 2573 Conﬁte-,

553 2596 706 2654 mini
748 2597 998 2654 Domino
1028 2598 1089 2653 in
1111 2596 1258 2654 coelo
1289 2598 1421 2655 etin
1443 2603 1635 2667 terra;
1668 2601 1728 2657 P.
1752 2601 1817 2655 Et
1838 2598 2111 2657 exaltate.
2136 2600 2198 2661 V.

552 2686 856 2758 Hymnum
886 2685 1061 2742 dicite
1093 2687 1213 2742 Deo
1247 2701 1458 2743 omnes
1490 2689 1643 2744 servi
1673 2688 1838 2759 ejus;
1867 2689 1936 2744 P.
1958 2687 2024 2744 Et
2053 2687 2208 2746 exal-

549 2778 690 2832 tate.

672 2864 867 2921 Lectio
898 2864 1042 2920 libri
1057 2863 1348 2922 Samuelis
1388 2865 1446 2936 ([
1472 2865 1736 2936 Regnum
1769 2881 1896 2936 cap.
1932 2867 2067 2938 xvi).

624 2963 687 3021 13;.
716 2951 837 3007 Deo
864 2951 1102 3021 gratias.

2319 1799 2497 1856 deant
2535 1798 2827 1870 gaudium
2857 1797 3183 1856 infinitum.

2387 1887 2619 1946 Lauda.
2655 1887 2845 1952 Pater,
2878 1885 3138 1944 clariﬁca
3164 1903 3279 1944 me.
3300 1887 3417 1959 fol.
3451 1891 3568 1945 334.

2847 1975 3115 2032 Exeunte
3154 1977 3426 2048 Vespera.

2391 2065 2614 2121 Lauda.
2644 2068 2703 2120 In
2730 2063 3004 2120 noctibus
3028 2063 3304 2121 extollite.
3337 2066 3454 2135 fol.
3489 2067 3601 2124 140.

2389 2154 2924 2225 Antiphona.Pater
2945 2158 3168 2224 sancte,
3198 2169 3356 2225 quos
3391 2153 3594 2210 dedisti
3624 2155 3766 2220 mihi,
3792 2154 3890 2210 volo

2320 2248 2404 2310 ut,
2437 2242 2540 2298 ubi
2580 2257 2692 2311 ego
2722 2258 2878 2310 sum,
2910 2246 2967 2297 et
3012 2241 3125 2314 ipsi
3151 2243 3265 2298 sint
3296 2258 3555 2299 mecum.
3606 2242 3662 2303 Ῡ.
3692 2243 3892 2299 Narrabo

2317 2346 2540 2388 nomen
2563 2337 2731 2386 tuum
2760 2329 3042 2386 fratribus
3068 2330 3232 2386 meis:
3253 2331 3312 2386 in
3335 2331 3539 2387 medio
3561 2331 3892 2388 Ecclesitelau-

2318 2419 2478 2476 dabo
2508 2424 2581 2474 te.

2390 2509 2620 2565 Lauda.
2649 2509 2770 2577 Ego
2797 2507 2934 2563 dedi
2954 2509 3038 2562 eis
3060 2517 3406 2566 sermonem
3434 2514 3670 2580 tuum,et
3694 2507 3893 2566 mundus

2321 2614 2423 2655 eos
2453 2597 2590 2654 odio
2616 2595 3162 2654 habuitzsanctiﬁca
3184 2597 3415 2669 illos,ut
3435 2599 3547 2656 sint
3573 2604 3622 2656 et
3645 2598 3737 2670 ipsi
3753 2595 3895 2652 sancti

2318 2688 2378 2744 in
2391 2686 2648 2743 veritate.
2675 2685 2736 2747 tif.
2765 2686 3097 2742 Declaratio
3119 2702 3476 2746 sermonum
3500 2693 3709 2746 tuorum
3728 2685 3892 2742 illumi-

2318 2780 2422 2835 nat
2453 2791 2466 2832 :
2500 2781 2557 2831 et
2582 2774 2942 2831 intellectum
2979 2775 3086 2831 dat
3113 2775 3406 2848 parvulis.

2389 2866 2684 2934 Hymnus.
2718 2864 3028 2919 Vocaveris
3059 2863 3137 2919 ad
3166 2865 3374 2921 vitam.
3402 2867 3505 2936 fol.
3529 2866 3646 2922 334.

2390 2952 2687 3023 Capitula.
2719 2953 2853 3007 Haec
2883 2958 2988 3020 est,
3024 2951 3546 3018 Domine,novella
3571 2951 3892 3025 generationis

627 3039 692 3094 In
727 3037 840 3094 illis
886 3038 1126 3128 diebus:
1161 3039 1314 3096 Dixit
1354 3039 1633 3096 Dominus
1688 3039 1767 3096 ad
1817 3040 2154 3098 Samuelem
2186 3056 2203 3099 :
2238 3072 2279 3128 ρ
2317 3039 2537 3112 inclyta
2562 3038 2870 3112 ﬁdes,quae
2889 3045 2942 3095 te
2962 3040 3232 3112 exquirit,
3267 3046 3331 3098 ut
3355 3041 3571 3111 videat;
3593 3043 3778 3115 (ιιιωιθ
3809 3053 3905 3094 con-

558 3127 881 3198 Usquequo
919 3131 982 3182 tu
1009 3125 1176 3197 luges
1211 3128 1370 3196 Saul,
1402 3144 1538 3184 cum
1563 3144 1675 3199 ego
1703 3130 2051 3200 projecerim
2067 3145 2207 3186 eum

557 3228 632 3269 ne
661 3217 866 3283 regnet
904 3229 1086 3286 super
1114 3215 1343 3272 Israel?
1369 3217 1544 3288 imple
1580 3233 1768 3274 cornu
1789 3221 1957 3274 tuum
1991 3217 2210 3284 oleo,et

558 3302 713 3368 veni,
739 3306 801 3357 ut
829 3301 1051 3359 mittam
1077 3307 1130 3359 te
1165 3304 1243 3359 ad
1275 3303 1388 3361 lsai
1420 3304 1940 3364 Bethlehemitem:
1975 3305 2208 3377 providi

557 3389 709 3449 enim
731 3389 792 3446 in
818 3389 954 3446 filiis
977 3391 1104 3462 ejus
1129 3392 1274 3449 mihi
1303 3407 1527 3462 regem.
1554 3396 1619 3449 Et
1645 3394 1726 3450 ait
1747 3393 2022 3451 Samuel:
2079 3397 2207 3460 Quo

557 3479 818 3536 vadem?
839 3479 1042 3537 audiet
1065 3482 1226 3537 enim
1253 3481 1412 3550 Saul,
1447 3486 1503 3538 et
1529 3481 1840 3540 interﬁciet
1880 3499 1994 3539 me.
2039 3486 2105 3540 Et
2130 3484 2212 3540 ait

562 3569 877 3629 Dominus:
921 3569 1179 3626 Vitulum
1207 3571 1283 3628 de
1318 3577 1589 3640 armento
1615 3572 1782 3630 tolles
1801 3573 1860 3630 in
1883 3589 2069 3630 manu
2088 3577 2208 3640 tua,

562 3662 620 3714 et
642 3657 801 3714 dices
827 3674 840 3724 ;
867 3659 956 3715 Ad
986 3659 1428 3717 immolandum
1450 3661 1702 3718 Domino
1728 3660 2213 3719 veni.Etvocabis

562 3743 676 3800 lsai
695 3744 775 3802 ad
802 3745 1127 3819 victimam,
1161 3752 1219 3805 et
1236 3764 1347 3820 ego
1363 3749 1678 3808 ostendam
1701 3749 1804 3806 tibi
1833 3751 1982 3824 quid
2010 3749 2214 3816 facias,

563 3838 621 3890 ct
661 3848 849 3904 unges
878 3850 1322 3909 quemcumque
1349 3838 1424 3894 ad
1450 3844 1866 3896 monstravero
1911 3839 2038 3896 tibi.
2064 3839 2218 3896 Fecit

564 3937 706 3994 ergo
728 3922 985 3988 Samuel,
1016 3923 1517 3983 sicutlocutuscst
1547 3927 1594 3981 ei
1624 3929 2219 4002 Dominus.Venitque

567 4012 628 4068 in
650 4011 1000 4079 Bethlehem,
1031 4013 1369 4073 etadtnirati
1397 4021 1534 4072 sunt
1553 4018 1814 4074 seniores
1841 4018 2221 4085 civitatis,oc-

569 4105 868 4158 currentes
906 4103 978 4158 ei.
1005 4102 1434 4177 Dixeruntquc:
1473 4105 1844 4161 Paciﬁcusne
1869 4111 1958 4162 est
1987 4107 2214 4176 ingres-

570 4205 672 4246 sus
691 4194 824 4248 tuus
839 4191 868 4247 ?
884 4188 1070 4249 Etait:
1092 4191 1381 4249 Pacificus
1396 4210 1409 4248 :
1425 4193 1501 4250 ad
1518 4193 1960 4251 immolandum
1972 4195 2218 4252 Domino

567 4279 723 4345 veni,
747 4281 1223 4350 sanctiﬁcamini,
1256 4287 1311 4339 et
1337 4283 1528 4340 venite
1559 4297 1800 4340 mecum
1817 4283 2217 4340 utimmolem.

574 4369 978 4426 Sanctiﬁcavit
1003 4385 1143 4442 ergo
1192 4371 1303 4427 lsai
1329 4375 1384 4428 et
1407 4369 1558 4428 filios
1589 4373 1738 4442 ejus,
1771 4378 1825 4430 et
1852 4374 2088 4430 vocavit
2116 4390 2220 4430 eos

573 4459 652 4514 ad
681 4431 1322 4531 sacriﬁciumﬁumque
1341 4431 1978 4531 ingrcssiessent,vidit
1995 4462 2221 4527 Heliab,
2255 4431 2298 4486 Β

574 4553 633 4604 et
659 4547 744 4604 ait
772 4565 786 4603 :
814 4550 965 4604 Num
981 4564 1184 4605 coram
1210 4550 1462 4606 Domino
1475 4555 1563 4606 est
1580 4551 1846 4607 Christus
1873 4552 2041 4623 ejus?
2071 4552 2224 4608 Dixit

576 4637 859 4696 Dominus
883 4637 964 4695 ad
990 4638 1360 4696 Samuelem:
1402 4641 1481 4695 Ne
1503 4641 1788 4712 respicias
1814 4641 2042 4698 vultum
2071 4641 2220 4712 ejus,

576 4741 764 4798 neque
821 4725 1197 4784 altitudinem
1233 4731 1470 4784 statuae
1513 4728 1678 4800 ejus:
1705 4729 1994 4802 quoniam
2033 4729 2226 4800 abjeci

577 4830 928 4888 eum,neque
938 4815 1656 4887 juxtaintuitumhominis
1668 4833 1780 4889 ego
1786 4819 1992 4890 judico
2012 4829 2028 4880 :
2053 4818 2226 4875 homo

579 4903 741 4959 enim
771 4904 930 4964 videt
955 4920 1026 4963 ea
1046 4921 1177 4978 quae
1191 4909 1419 4979 parent,
1443 4905 1729 4964 Dominus
1746 4911 1943 4963 autem
1970 4907 2230 4964 intuetur

579 5007 702 5049 cor.
734 4993 800 5048 Et
835 4994 1069 5052 vocavit
1090 4996 1202 5051 lsai
1232 4994 1586 5061 Aminadab,
1618 5001 1675 5052 et
1703 4995 2105 5052 adduxiteum
2127 5013 2231 5053 co-

578 5097 710 5139 ram
739 5083 988 5140 Samuel.
1021 5085 1133 5150 Qui
1161 5085 1305 5140 dixit
1337 5103 1349 5138 :
1399 5088 1512 5141 Nec
1535 5084 1881 5155 liuncelegit
1907 5085 2218 5140 Dominus.

578 5171 842 5229 Adduxit
859 5176 1060 5228 autem
1091 5173 1208 5230 lsai
1225 5175 1566 5242 Samma,de
1586 5191 1705 5247 quo
1723 5175 1834 5230 ait:
1865 5174 2050 5230 Etiam
2073 5174 2232 5230 hunc

581 5279 704 5320 non
723 5261 899 5332 elegit
921 5263 1224 5320 Dominus.
1263 5263 1522 5320 Adduxit
1548 5264 1748 5337 itaque
1777 5264 1884 5320 lsai
1919 5271 2143 5336 septem
2169 5263 2233 5318 ti-

579 5353 691 5410 lios
713 5369 857 5411 suos
875 5367 1082 5410 coram
1123 5351 1398 5410 Samuel:
1429 5357 1484 5408 et
1511 5352 1937 5410 aitSamuelad
1955 5353 2067 5409 lsai
2085 5355 2233 5409 :Non

581 5443 755 5514 elegit
782 5442 1071 5501 Dominus
1083 5459 1156 5500 ex
1181 5439 1607 5512 istis.Dixitque
1639 5442 1877 5499 Samuel
1897 5441 2006 5499 lsai
2036 5444 2233 5498 :Num-

582 5531 729 5602 quid
752 5532 883 5603 jam
907 5530 1188 5605 complcti
1212 5535 1349 5586 sunt
1371 5527 1512 5588 filii?
1542 5529 1651 5595 Qui
1671 5531 1978 5602 respondit
1999 5529 2232 5586 :Adliuc

2321 3129 2587 3202 cupiscit,
2613 3133 2675 3185 ut
2703 3129 2760 3185 in
2789 3135 2841 3184 te
2872 3129 3112 3185 feliciter
3128 3130 3498 3204 vivatzAperi
3522 3147 3656 3201 ergo
3673 3130 3763 3195 eis,
3787 3143 3901 3200 qua-
3992 3127 3993 3150 λ

2321 3234 2548 3283 sumus,
2584 3223 2802 3274 sancite
2833 3217 2970 3273 ﬁdei
3005 3224 3454 3276 sacramentum
3490 3239 3503 3280 :
3540 3219 3680 3277 utin
3707 3233 3807 3290 qua
3827 3230 3904 3271 nos

2320 3305 2682 3380 perfectione
2708 3306 3127 3363 conscendisse
3155 3309 3660 3379 cognoscimus,in
3683 3323 3751 3363 ea
3773 3304 3903 3362 etiam

2323 3401 2380 3451 et
2400 3395 2510 3452 hos
2536 3395 2790 3451 illustres
2811 3393 3059 3451 existere
3085 3395 3549 3466 gratulemurznt
3570 3400 3624 3454 et
3642 3395 3715 3453 illi
3734 3393 3798 3452 ad
3814 3390 3904 3449 red-

2322 3483 2645 3557 emptionis
2709 3483 3059 3556 perveniant
3095 3483 3340 3554 gaudia,
3412 3491 3470 3542 et
3526 3502 3632 3542 nos
3673 3485 3903 3558 percepta

2321 3573 2730 3646 redemptionis
2741 3571 3054 3629 inlibatain
3068 3571 3239 3630 nobis
3258 3589 3666 3632 conservemus
3678 3569 3902 3646 mysteria.

2398 3663 2572 3719 Pater
2608 3664 2829 3718 noster.

2396 3751 2757 3809 Benedictio.
2820 3749 3080 3807 Christus
3140 3751 3454 3820 Dominus,
3487 3754 3592 3826 qui
3621 3749 3798 3809 salutis
3818 3760 3905 3802 sua

2329 3844 2499 3914 signo
2511 3841 2782 3896 humano
2799 3839 3000 3909 generi
3020 3839 3127 3895 dat
3141 3839 3520 3908 salutem,det
3537 3841 3700 3899 nobis
3714 3835 3905 3896 cumbis,

2328 3931 2430 4005 qui
2454 3945 2614 3988 nunc
2639 3928 2714 3984 ad
2742 3929 2866 4000 ejus
2901 3928 3146 3984 veniunt
3172 3927 3685 4003 ﬁdem,pervenire
3703 3928 3766 3985 ad
3793 3929 3907 3981 reter-

2330 4036 2472 4077 nam
2505 4017 2909 4075 hereditatem.
2952 4027 3018 4088 ἢ.
3055 4027 3261 4075 Amen.
3323 4021 3761 4093 Donetquoque
3795 4011 3910 4069 vobis

2329 4106 2650 4165 inlibatum
2701 4105 3094 4178 redemptoris
3126 4112 3344 4164 nostra:
3377 4125 3590 4182 capere
3620 4108 3851 4166 fructum,
3876 4102 3910 4151 el

2330 4195 2446 4252 illis
2477 4193 2720 4251 feliciter
2760 4194 2838 4250 ad
2867 4193 3146 4251 salutaris
3174 4193 3401 4252 lavacri
3434 4196 3729 4270 pervenire
3749 4193 3912 4263 mystc-

2331 4283 2595 4353 rium.1;1.
2625 4287 2832 4338 Amen.
2870 4284 3320 4352 Utregencratis
3354 4291 3412 4342 et
3438 4281 3836 4356 regeneraturis
3856 4275 3910 4328 sic

2330 4371 2547 4428 divina!
2567 4371 2942 4444 protectionis
2968 4372 3157 4442 gratia
3182 4372 3694 4441 faveat,utnullum
3707 4386 3768 4428 ex
3785 4368 3853 4424 his
3865 4362 3911 4420 ad

2330 4465 2552 4519 aeterna
2579 4462 2955 4534 possessione
2987 4462 3279 4519 excludat.
3320 4475 3384 4534 13;.
3421 4466 3626 4520 Amen.

2403 4551 2630 4608 Lauda.
2662 4553 2874 4606 Notum
2904 4550 3013 4605 feci
3074 4551 3178 4615 eis,
3234 4553 3504 4615 Domine,
3537 4564 3744 4608 nomen
3771 4551 3909 4602 tuum,

2336 4640 2508 4714 337
2544 4644 2601 4696 et
2620 4644 2827 4696 notum
2854 4638 3170 4695 iaciam:ut
3189 4639 3579 4713 dilectio,qua
3598 4634 3912 4694 dilexistime,

2335 4731 2398 4787 in
2436 4729 2584 4802 ipsis
2613 4728 2705 4798 sit,
2743 4734 2798 4784 et
2827 4744 2940 4799 ego
2967 4729 3025 4784 in
3076 4729 3244 4801 ipsis.
3274 4729 3337 4789 li.
3370 4733 3488 4786 Lex
3517 4725 3737 4785 Domini
3761 4724 3913 4778 imma-

2337 4818 2533 4875 culata
2561 4822 2912 4874 convertens
2943 4819 3200 4874 animas.

2411 4907 2632 4963 Oratio.
2658 4909 2864 4962 Notum
2893 4907 3066 4963 nobis
3088 4907 3646 4971 fac,Domine,tuam
3665 4898 3916 4987 justitiam;

2339 5003 2395 5054 et
2415 5002 2621 5053 uteam
2649 4997 3163 5068 exquiramus,cor
3189 5002 3461 5054 nostrum
3489 4996 3694 5053 ardore
3719 4989 3917 5048 caritatis

2341 5085 2643 5142 accende:
2702 5085 2782 5141 da
2830 5086 3192 5142 intellectum
3242 5086 3439 5142 sensui
3484 5088 3700 5146 nostro,
3730 5090 3831 5151 quo
3850 5085 3916 5124 νδ·

2340 5174 2427 5231 lea
2440 5178 2699 5230 mustum
2719 5173 2862 5241 legis
2881 5173 3088 5230 abdita
3103 5173 3570 5245 prescrutari:da
3583 5165 3917 5242 perfectionem

2340 5261 2500 5328 ﬁdei,
2530 5267 2591 5318 ut
2621 5263 2921 5334 possimus
2949 5268 3186 5319 tuorum
3249 5267 3681 5335 praeceptorum
3709 5253 3916 5312 ordinem

2342 5351 2672 5416 custodire,
2715 5355 2777 5406 ut
2803 5367 2908 5421 per
2936 5351 3062 5408 hinc
3117 5355 3171 5407 et
3198 5367 3234 5408 a
3284 5355 3533 5424 peccato
3573 5351 3854 5404 immunes.
3883 5338 3918 5386 εί

2340 5438 2530 5496 beatas
2553 5439 2685 5496 vitte
2709 5439 3042 5496 efﬁciamur
3068 5440 3338 5497 heredes.
3365 5450 3428 5503 Br.
3457 5442 3664 5494 Amen.

2411 5529 2638 5587 Lauda.
2674 5531 2887 5601 Legem
2910 5544 3068 5603 pone
3084 5530 3168 5592 eis
3199 5530 3450 5594 Domine
3477 5528 3635 5586 viam
3658 5517 3919 5597 justitiam
