4094 6164
158 310 161 313 ἰ
197 237 315 293 569

1325 238 1673 301 DOMINICA
1714 240 1785 296 IN
1824 239 2048 301 RAMIS
2088 243 2512 302 PALMARUM.

3529 252 3638 312 570

197 361 527 434 exquirant
550 376 685 418 eam
718 378 975 436 semper.
1010 375 1073 433 Bt.
1115 363 1198 421 Da
1224 364 1372 421 mihi
1397 364 1870 437 intellectum,et
1898 374 1943 429 A
1981 384 2201 439 sumus,
2236 370 2315 425 ad
2342 384 2575 442 precem
2622 371 2895 429 Ecclesiae
2944 379 3059 430 tuas
3096 376 3216 445 jam
3271 374 3496 447 respice
3528 391 3544 433 :
3577 380 3634 434 et

195 450 629 521 perscrutabor
660 449 857 520 legem
892 456 1058 508 tuam
1092 471 1104 508 :
1140 457 1194 509 et
1236 454 1575 509 custodiam
1614 454 1775 510 illam
1808 456 1868 509 in

198 542 325 594 toto
352 537 559 603 corde,
595 538 867 595 Domine.

275 628 512 683 Oratio.
541 628 765 684 lnclina
784 644 886 685 cor
908 634 1212 697 nostrum,
1234 630 1505 694 Domine,
1528 632 1586 686 in
1613 632 1869 687 testimo-

198 717 455 787 niatua;
481 733 516 772 a
545 733 670 789 quo
696 717 948 773 intuitus
970 719 1248 775 vanitatis
1267 724 1460 775 averte
1491 736 1502 775 :
1523 725 1583 776 ut
1610 720 1686 775 ab
1705 736 1869 775 amo-

195 820 265 861 re
295 809 529 861 terreno
546 820 658 861 nos
672 820 989 877 segreges:
1023 811 1365 880 etsupernae
1396 808 1692 864 dilectioni
1724 824 1865 865 con-

193 892 412 949 socies.
436 905 500 964 Rw.
523 898 732 950 Amen.

260 982 501 1039 Lauda.
536 986 621 1040 Da
642 983 729 1040 eis
776 984 1158 1053 intellectum,
1208 986 1478 1055 Domine,
1501 991 1565 1042 ut
1634 986 1868 1044 discant

188 1071 496 1129 mandata
522 1077 647 1129 tua.
693 1085 758 1145 ao.
791 1074 903 1140 Qui
934 1074 1141 1130 timent
1171 1078 1225 1130 te
1251 1074 1656 1142 videbuntme,
1682 1080 1738 1132 et
1766 1076 1866 1131 lm-

187 1159 525 1216 tabuntur:
560 1162 705 1234 quia
724 1162 786 1217 in
812 1163 998 1219 verbo
1025 1169 1125 1219 tuo
1164 1164 1413 1236 speravi.

262 1249 874 1323 Oratio..’Equitatem
905 1251 1401 1308 testimoniorum
1458 1259 1718 1317 tuorum,
1764 1256 1869 1308 Do~

188 1336 372 1406 mine,
399 1338 485 1395 da
521 1339 699 1395 nobis
719 1340 963 1396 avidio-i
990 1357 1167 1398 sensu
1233 1357 1444 1412 capere
1532 1348 1658 1407 :ut,
1705 1342 1871 1415 quod

186 1427 515 1485 mortificat
549 1430 609 1484 in
663 1445 773 1485 nos
820 1430 1065 1487 stultitia
1104 1431 1362 1488 vivificet
1408 1448 1443 1487 a
1489 1436 1540 1488 te
1570 1432 1865 1504 sapientia

188 1515 515 1574 destinata.
547 1529 609 1585 BI.
636 1518 839 1573 Amen.

595 1622 833 1662 SECUNDA
855 1622 1010 1662 FERIA
1046 1621 1186 1665 POBT
1224 1623 1289 1663 ΒΑ
1304 1622 1439 1664 ΜΟΒ.

750 1695 847 1751 Ad
910 1695 1293 1752 Matutinum.

276 1783 920 1856 Antiphona.Exsurge
938 1784 1203 1841 Domine:
1226 1785 1459 1841 salvum
1476 1801 1569 1841 me
1594 1785 1687 1842 fac
1706 1788 1860 1842 Deus

200 1885 404 1926 meus.
438 1873 725 1939 Quoniam
747 1876 808 1929 tu
829 1874 1171 1945 percussisti
1221 1889 1432 1931 omnes
1480 1874 1861 1931 adversantes

188 1958 340 2017 mihi
364 1960 492 2016 sine
517 1977 721 2018 causa.
772 1963 1050 2018 Psalmus
1080 1978 1167 2019 ιιι.

270 2050 509 2106 Oratio.
574 2053 838 2121 Exsurge
897 2051 1165 2119 Domine,
1222 2067 1406 2108 nona
1468 2068 1703 2123 somno,
1738 2068 1859 2109 non

190 2137 417 2205 aloco,
476 2154 601 2196 non
627 2156 658 2194 e
705 2143 978 2212 tempore,
1019 2140 1316 2197 immense
1371 2140 1616 2213 pervigil
1647 2142 1859 2214 sempi-

194 2232 355 2286 terne
389 2247 402 2283 :
430 2234 496 2285 ut
527 2228 967 2301 quiapusillum
996 2244 1237 2299 gregem
1269 2234 1436 2285 tuum
1463 2230 1634 2286 multi
1660 2246 1859 2303 perse-

192 2322 450 2389 quntur,
474 2317 921 2375 multilacerant
938 2335 951 2384 ;
986 2322 1049 2373 ut
1070 2317 1424 2390 propitiator
1456 2324 1636 2391 atque
1660 2319 1861 2376 defen-

193 2421 292 2462 sor
321 2406 541 2461 adesto
573 2422 709 2479 spes
739 2406 1041 2471 aturbine,
1091 2406 1512 2463 uinbraculum
1546 2407 1623 2464 ab
1668 2413 1854 2465 testu:

193 2498 249 2550 et
281 2494 725 2565 insurgentium
752 2494 1063 2561 feritatem,
1094 2511 1203 2551 nos
1228 2512 1602 2567 quaesumus,
1646 2502 1859 2553 etcon-

193 2583 325 2640 silia
356 2583 582 2656 iniqua
606 2584 938 2655 despicias;
971 2589 1027 2639 et
1057 2583 1429 2640 saevientium
1469 2584 1530 2640 in
1579 2601 1690 2641 nos
1716 2586 1857 2641 den-

194 2676 280 2729 tes
324 2688 398 2729 ac
416 2673 600 2745 pedes
617 2678 887 2730 conteras
911 2690 925 2739 ;
957 2677 1011 2729 et
1036 2673 1539 2730 circumdantium
1560 2689 1669 2731 nos
1684 2675 1858 2731 millia

200 2760 460 2819 collecta
484 2760 818 2834 disperdas.
849 2772 918 2832 131.
944 2762 1143 2817 Amen.

265 2851 626 2921 Antiphona
660 2857 709 2907 1.
742 2855 820 2908 Ne
836 2851 1144 2908 tradideris
1164 2867 1270 2919 me,
1296 2852 1547 2916 Domine,
1577 2853 1638 2908 in
1661 2853 1857 2909 mani-

190 2939 308 2996 bus
331 2942 810 3012 persequentium
844 2956 938 2996 me
967 2941 1293 3012 :quaniam
1324 2940 1769 2997 insurrexerunt
1796 2942 1853 2997 in

191 3043 291 3085 me
326 3033 510 3085 testes
540 3028 695 3093 falsi,
730 3035 786 3085 et
810 3029 1040 3085 mentiti
1081 3036 1219 3085 sunt
1268 3030 1376 3101 ipsi
1433 3030 1564 3087 sibi.
1613 3030 1859 3101 Adjutor

191 3133 367 3174 meus
409 3133 474 3173 es
506 3125 585 3183 tu,
618 3120 896 3175 Domine:
927 3135 1001 3174 ne
1024 3118 1409 3192 derelinquas
1440 3136 1551 3175 me.
1574 3120 1636 3180 il.
1664 3120 1858 3176 Domi-

191 3223 310 3263 nus
339 3207 703 3265 illuminatio
737 3224 872 3265 mea
893 3213 947 3263 et
976 3208 1139 3265 salus
1190 3226 1342 3275 mea,
1372 3226 1544 3281 quem
1588 3210 1804 3266 timebo
1827 3212 1855 3266 ?

194 3296 493 3354 Dominus
526 3298 803 3354 defensor
828 3297 957 3353 vitae
992 3314 1161 3362 meae,
1200 3315 1234 3353 ει
1264 3315 1386 3370 quo
1435 3298 1736 3370 trepidabo
1758 3299 1786 3354 7

275 3390 499 3449 Oratio.
537 3391 616 3444 Ne
646 3386 959 3443 tradideris
978 3386 1250 3455 Domine,
1273 3388 1591 3443 Ecclesiam
1611 3393 1773 3444 tuam
1796 3389 1855 3445 in

195 3477 693 3558 persequentium
724 3490 787 3531 se
810 3491 996 3531 manu
1028 3476 1386 3531 cruentazin
1409 3475 1857 3546 insurgentesin

196 3589 268 3631 ea
292 3576 476 3629 testes
493 3566 648 3637 falsi,
682 3564 963 3621 resileant
992 3582 1005 3631 ;
1039 3581 1177 3620 cum
1208 3565 1269 3620 in
1300 3579 1371 3621 ea
1394 3565 1591 3621 Crucis
1642 3565 1858 3623 vexilla

196 3656 675 3721 fuerintelevata
710 3696 722 3709 .
762 3665 827 3724 Bg.
867 3654 1076 3709 Amen.

265 3747 624 3817 Antiphona
636 3748 668 3799 2
679 3742 842 3799 .Cum
854 3742 1628 3815 operantibusiniquitatem
1643 3758 1715 3799 ne
1730 3758 1858 3814 per-

196 3841 446 3903 dasme,
482 3833 773 3904 Domine;
807 3849 945 3888 cum
990 3832 1102 3897 his,
1137 3833 1240 3905 qui
1272 3832 1597 3904 loquuntur
1644 3848 1853 3904 pacem

196 3946 336 3986 cum
368 3924 647 3999 proximo
675 3938 805 3987 suo,
844 3920 1003 3977 mala
1018 3925 1217 3976 autem
1243 3920 1302 3975 in
1317 3920 1598 3976 cordibus
1623 3936 1852 3976 eorum.

202 4031 265 4088 ﬁ.
300 4014 642 4074 Secundum
674 4011 1079 4083 Operationem
1120 4025 1407 4065 manuum
1452 4023 1659 4065 eorum
1692 4010 1855 4065 retri-

200 4104 323 4160 bue
349 4103 495 4174 illis;
528 4099 708 4157 redde
748 4098 1197 4153 retributionem
1229 4112 1435 4151 eorum
1476 4096 1639 4167 ipsis.

283 4191 497 4248 Oratio.
523 4190 673 4246 Cum
700 4185 1087 4259 operantibus
1120 4185 1493 4256 iniquitatem
1534 4202 1606 4241 ne
1646 4187 1858 4258 perdas

198 4296 314 4339 nos
342 4280 627 4336 Domine:
653 4281 709 4332 et
734 4274 875 4346 quia
903 4273 1200 4346 passionis
1231 4276 1497 4345 tempore
1545 4274 1858 4346 loquentes

195 4370 344 4428 foris
385 4383 623 4442 pacem,
666 4364 826 4419 mala
848 4367 1047 4418 autem
1080 4362 1139 4416 in
1172 4362 1452 4418 cordibus
1478 4363 1851 4435 meditantes,

1980 462 2283 514 cruentum
2318 460 2610 514 saevientis
2646 460 2835 516 hostis
2868 462 2941 519 de
2976 478 3155 518 manu
3174 462 3627 532 gladiumtolle:

1979 552 2042 602 ut
2068 563 2413 602 mucronem
2437 564 2612 603 suum
2643 549 2915 607 decisum
2948 551 3179 618 sentiat,
3215 569 3351 607 cum
3376 569 3482 625 per
3501 570 3624 619 eos,

1977 637 2414 708 quostenuerit,
2455 636 2594 693 ﬁdei
2626 641 2740 693 tuae
2774 640 3117 711 cognoverit
3154 640 3468 711 praedicari
3489 642 3630 698 doc-

1978 725 2214 780 trinam.
2256 736 2321 793 Ιὶι.
2384 729 2592 781 Amen.

2048 825 2109 883 3;.
2145 814 2488 886 Congregati
2514 818 2653 871 sunt
2682 816 2970 873 adversus
2979 819 3209 890 justum
3239 833 3450 874 omnes
3465 820 3625 891 prin-

1976 902 2136 974 cipes
2173 902 2344 966 Juda,
2397 908 2453 959 et
2499 905 3077 976 comprehenderunt
3124 921 3263 961 eum
3318 906 3624 964 dicentes:

1976 992 2153 1047 Morte
2190 990 2478 1047 moriatur
2528 992 2711 1049 homo
2736 994 2843 1050 iste
2874 1015 2887 1049 :
2922 1000 2977 1051 et
3007 998 3243 1051 locutus
3275 998 3363 1051 est
3401 994 3481 1051 ad
3501 1010 3624 1068 eos,

1977 1079 2182 1134 dicens
2207 1095 2220 1134 :
2249 1078 2473 1136 P.Ecce
2487 1082 2671 1152 egoin
2694 1082 2976 1138 manibus
3012 1083 3224 1139 vestris
3237 1098 3373 1139 sum
3399 1097 3627 1155 ;opera-

1977 1167 2123 1222 mini
2152 1167 2213 1223 in
2243 1184 2358 1234 me,
2400 1169 2553 1225 sicut
2567 1170 2966 1227 consiliamini
2986 1171 3047 1226 in
3078 1171 3355 1227 cordibus
3389 1171 3622 1231 vestris:

1977 1256 2470 1323 verumtamen,si
2494 1263 2683 1314 morte
2696 1258 3199 1324 condemnabitis,
3232 1260 3457 1324 scitote,
3482 1260 3627 1330 quia

1978 1345 2334 1414 sanguinem
2367 1346 2743 1401 innocentem
2770 1352 2979 1402 contra
2999 1364 3103 1403 vos
3127 1347 3378 1403 traditis.
3397 1346 3464 1407 ἲν.
3492 1349 3628 1403 0m-

1977 1448 2082 1487 nes
2104 1431 2165 1487 in
2188 1433 2479 1505 sanguine
2494 1433 2755 1489 insidiati
2773 1435 3122 1490 suntvirum
3146 1435 3380 1505 justum
3397 1450 3411 1490 :
3430 1432 3629 1491 venati

1979 1525 2118 1577 sunt
2150 1521 2224 1576 ad
2252 1526 2502 1577 mortem
2532 1540 2544 1591 ;
2578 1522 2704 1593 ipse
2718 1527 2918 1579 autem
2934 1522 3186 1594 paciﬁca
3214 1521 3397 1578 verba
3418 1520 3627 1593 loque-

1974 1608 2153 1665 batur
2192 1609 2265 1665 ad
2299 1625 2419 1666 eos.
2445 1610 2503 1663 P.
2538 1612 2701 1666 Ecce.
2742 1611 2880 1667 Non
2907 1610 3121 1667 Gloria.

1896 1725 1939 1779 Β
2048 1698 2271 1755 Oratio.
2299 1700 2457 1763 Jesu,
2485 1699 2753 1756 Salvator
2779 1703 2979 1755 noster
3000 1703 3057 1756 et
3104 1697 3373 1762 Domine,
3407 1696 3622 1753 adver-

1975 1803 2078 1842 sus
2103 1803 2284 1859 quem
2319 1802 2520 1843 omnes
2543 1789 2571 1841 J
2581 1787 2698 1842 uda
2718 1788 3017 1860 principes
3041 1785 3626 1859 congregati,imma-

1971 1892 2045 1932 ne
2075 1876 2305 1933 facinus
2333 1880 2757 1948 perpetrantes,
2809 1878 3168 1947 sanguinem
3234 1875 3614 1932 innocentem

1970 1965 2286 2021 effundunt
2320 1982 2333 2021 :
2367 1982 2487 2037 quo
2509 1970 2563 2022 et
2592 1965 2844 2022 Mundus
2884 1967 3064 2038 338
3092 1964 3388 2022 veternosi
3428 1962 3623 2019 crimi-

1968 2054 2061 2109 nis
2076 2053 2311 2127 eloquio
2333 2054 2713 2119 emundatur,
2734 2061 2789 2110 et
2808 2054 3426 2127 cuncta,quminterra
3455 2053 3614 2115 sunt,

1970 2143 2188 2199 unione
2211 2142 2378 2216 pacis
2412 2144 2634 2199 sociata
2681 2148 3049 2212 noscuntur;
3074 2158 3186 2199 nos
3215 2139 3488 2213 ejusdem
3523 2138 3612 2195 tui

1968 2232 2194 2288 cruoris
2216 2232 2594 2304 perceptione
2621 2248 2657 2288 a
2686 2233 2912 2289 cunctis
2938 2230 3215 2287 sordibus
3246 2229 3606 2286 delictorum

1970 2320 2260 2387 emacula,
2278 2319 2873 2377 etinnocentieebouo
2899 2335 3124 2377 exorna
3149 2340 3161 2380 :
3178 2322 3479 2392 quatenus
3494 2316 3621 2373 vin-

1969 2410 2104 2467 culo
2132 2410 2374 2467 alternae
2404 2410 2571 2483 pacis
2600 2410 2822 2475 innexi,
2854 2414 3124 2484 tempore
3145 2408 3355 2481 judicii
3395 2407 3479 2464 tui
3511 2405 3619 2463 tibi

1970 2504 2032 2556 ut
2055 2516 2210 2555 verae
2232 2499 2397 2571 pacis
2426 2499 2527 2553 ﬁlii
2558 2504 3008 2571 prtesentemur,
3035 2502 3092 2555 et
3122 2515 3194 2554 ex
3239 2503 3357 2554 tum
3379 2494 3621 2555 visionis

1968 2588 2179 2644 intuitu
2208 2588 2541 2644 nullatenus
2597 2586 3060 2644 confundamur.
3088 2598 3151 2657 Bg.
3184 2587 3398 2644 Amen.

2562 2678 2632 2730 In
2677 2676 3004 2731 Laudibus.

2037 2766 2403 2835 Antiphona.
2438 2763 3053 2819 Avertefaciemtuam
3081 2777 3118 2817 a
3146 2761 3405 2833 peccatis
3426 2761 3615 2816 meis:

1967 2859 2022 2911 et
2037 2870 2246 2911 omnes
2292 2853 2637 2927 iniquitates
2665 2868 2832 2909 meas
2871 2850 3023 2908 dele.
3046 2852 3318 2909 Psalmus
3346 2866 3401 2906 L.

2041 2944 2256 3000 Oratio.
2310 2945 2515 2998 Averte
2564 2942 2774 2999 faciem
2803 2946 2987 2997 tuam.
3011 2941 3131 3012 fol.
3173 2940 3291 2996 161.

2048 3033 2149 3091 Ad
2180 3031 2871 3103 CanticumAntiphoua.
2889 3033 3098 3087 Factus
3119 3029 3317 3084 sumin
3347 3027 3615 3084 derisum

1971 3124 2092 3176 tota
2113 3120 2227 3186 die,
2270 3130 2326 3175 et
2363 3136 2575 3176 omnes
2619 3118 3075 3175 subsannabant
3107 3133 3224 3173 me.

2043 3208 2682 3266 Canticum.Seduxisti
2718 3223 2829 3274 me,
2863 3208 3129 3263 Domine.
3182 3206 3294 3275 fol.
3332 3209 3467 3261 276.

2041 3299 2514 3354 illatutinarium.
2546 3300 2605 3351 In
2621 3296 2926 3352 matutinis
2944 3294 3282 3351 meditabor
3299 3293 3361 3347 in
3387 3298 3440 3347 te
3458 3293 3623 3364 :quia

1970 3389 2163 3445 factus
2186 3406 2247 3444 es
2288 3392 2597 3458 susceptor
2631 3401 2823 3449 meus,
2859 3384 3125 3440 Domine.
3174 3381 3238 3443 ir.
3268 3383 3423 3437 Deus
3463 3381 3619 3436 Deus

1969 3494 2139 3534 meus
2161 3477 2238 3533 ad
2271 3482 2323 3533 te
2353 3475 2427 3530 de
2458 3474 2589 3530 luce
2614 3473 2812 3543 vigilo.

2040 3567 2271 3624 Lauda.
2302 3565 2560 3621 Laudate
2571 3562 2891 3618 Dominum
2908 3560 2985 3617 de
3006 3559 3173 3617 caelis
3192 3558 3461 3616 :laudate
3480 3573 3620 3614 eum

1966 3656 2029 3711 in
2059 3654 2342 3712 excelsis:
2384 3651 2588 3723 Angeli
2621 3652 2769 3722 ejus,
2818 3649 3061 3707 laudate
3100 3664 3261 3705 eum.

2038 3742 2393 3808 Lectio,libri
2414 3740 2768 3798 Malachim.
2821 3740 2951 3810 (III
2973 3740 3194 3809 Regum
3231 3751 3362 3807 cap.
3394 3736 3493 3807 xx).

2040 3844 2103 3903 ἢ.
2138 3834 2257 3887 Deo
2288 3831 2526 3902 gratias.

2041 3922 2103 3977 In
2120 3920 2231 3977 illis
2252 3920 2614 3975 diebuscum
2628 3917 3076 3974 essetSalomon
3088 3930 3290 3979 senex,
3322 3913 3614 3986 deprava-

1968 4015 2096 4066 tum
2113 4016 2200 4065 est
2224 4025 2325 4065 cor
2345 4008 2473 4078 ejus
2498 4023 2603 4079 per
2636 4007 2933 4073 mulieres,
2981 4010 3047 4062 ut
3076 4006 3421 4077 sequeretur
3471 4002 3618 4057 deos

1968 4098 2192 4155 alienos
2228 4114 2239 4153 :
2276 4112 2384 4152 nec
2415 4100 2541 4152 erat
2561 4112 2662 4151 cor
2687 4095 2815 4165 ejus
2841 4094 3170 4167 perfectum
3200 4107 3340 4148 cum
3367 4091 3619 4147 Domino

1969 4188 2087 4243 Deo
2121 4202 2249 4253 suo,
2274 4186 2423 4241 sicut
2449 4201 2551 4240 cor
2582 4184 2767 4240 David
2800 4181 2986 4255 patris
3016 4182 3164 4253 ejus.
3220 4180 3336 4238 Sed
3386 4178 3622 4236 colebat

1971 4276 2252 4333 Salomon
2282 4276 2633 4331 Astherthen
2659 4274 2836 4330 deam
2853 4272 3257 4340 Sidoniorum,
3285 4274 3346 4327 et
3363 4270 3623 4327 Chamos

1968 4364 2149 4420 deum
2164 4363 2544 4422 Moabitarum
2556 4370 2630 4431 ,et
2644 4362 2870 4419 Moloch
2886 4361 3115 4418 idolum
3128 4360 3613 4417 Ammonitarum.

196 4432 490 4533 singulari
514 4455 800 4528 patientia
824 4451 1082 4525 perferre
1113 4450 1395 4520 dignatus
1422 4467 1484 4506 es
1505 4468 1518 4507 :
1540 4468 1649 4507 nos
1666 4432 1857 4508 famu-
1894 4432 1936 4484 Ῑ)
1970 4453 2241 4525 Fecitque
2264 4452 2544 4510 Salomon
2572 4451 2739 4524 quod
2780 4466 2901 4506 non
2933 4449 3240 4521 placuerat
3264 4463 3472 4506 coram
3509 4447 3623 4502 Do-

193 4550 289 4607 los
319 4553 456 4604 tuos
488 4550 543 4602 et
568 4561 605 4600 a
645 4543 817 4599 totius
850 4540 1165 4596 simultatis
1198 4540 1334 4596 vitio
1364 4540 1597 4608 liberes,
1629 4547 1684 4596 et
1711 4558 1745 4597 a
1776 4546 1857 4598 ta-

192 4639 346 4697 lium
361 4638 661 4693 conventu
676 4632 837 4689 ethic
860 4637 915 4686 et
929 4631 988 4685 in
1017 4636 1305 4686 aeternum
1330 4630 1547 4686 reddas
1563 4637 1850 4687 exsortes.

194 4741 261 4798 ﬁ.
288 4731 503 4783 Amen.

264 4814 629 4882 Antiphone
650 4815 703 4867 3.
756 4807 1285 4866 Circumdederunt
1332 4823 1415 4862 me
1460 4808 1687 4863 inimici
1719 4809 1852 4873 mei,

193 4906 352 4962 sicut
376 4918 527 4974 apes
576 4914 794 4961 ceram,
852 4902 907 4953 et
964 4903 1333 4963 exarserunt,
1393 4895 1540 4951 sicut
1585 4897 1737 4965 ignis
1794 4897 1853 4951 in

193 4992 386 5063 spinis
419 5008 432 5046 :
463 4994 522 5045 et
552 4988 613 5043 in
642 4987 886 5042 nomine
906 4985 1135 5040 Domini
1156 4984 1430 5057 superavi
1458 5000 1583 5039 eos.
1614 4983 1854 5044 V.Tam-

192 5096 381 5153 quam
411 5077 689 5135 cumulus
715 5091 908 5130 arenae
938 5074 1231 5145 impulsus
1255 5090 1411 5139 sum,
1440 5077 1501 5127 ut
1536 5072 1849 5129 caderem:

189 5174 247 5225 et
288 5168 586 5224 Dominus
602 5163 984 5234 suscepitme.

263 5255 567 5329 Capitula.
612 5252 1060 5311 Circumdantes
1104 5250 1359 5308 animam
1412 5255 1601 5317 tuam,
1628 5250 1853 5308 Christe

192 5346 473 5411 Domine,
528 5342 751 5400 inimici
782 5341 1048 5399 alacriter
1089 5357 1269 5413 super
1298 5345 1371 5407 te,
1394 5344 1455 5397 ut
1485 5356 1629 5413 apes
1673 5357 1854 5413 super

189 5451 421 5506 ceram,
442 5435 786 5499 inruerunt;
834 5448 971 5487 cum
1003 5436 1267 5503 tempore
1298 5430 1600 5502 passionis
1625 5446 1851 5486 cuneus

191 5540 379 5598 super
408 5529 462 5587 te
492 5520 734 5590 exarsit,
765 5520 1091 5591 sicutignis
1115 5520 1175 5577 in
1203 5520 1410 5593 spinis.
1436 5522 1500 5579 Et
1536 5519 1672 5579 ideo
1692 5536 1851 5593 quee-

1967 4543 2150 4608 mino,
2198 4550 2254 4597 et
2282 4556 2405 4597 non
2445 4540 2794 4612 adimplevit
2825 4544 2889 4594 ut
2915 4543 3258 4611 sequeretur
3292 4536 3616 4593 Dominum

1968 4633 2121 4689 sicut
2140 4631 2324 4688 David
2342 4636 2509 4703 pater
2525 4631 2573 4700 ej
2587 4647 2654 4684 us
2670 4671 2682 4684 .
2717 4633 2873 4685 Tunc
2889 4627 3207 4684 tediﬁcavit
3228 4625 3512 4683 Salomon
3532 4623 3618 4677 1a-

1965 4738 2112 4777 num
2136 4721 2392 4776 Chamos
2412 4717 2571 4774 idolo
2588 4716 2775 4784 Moab,
2796 4717 2857 4771 in
2888 4719 3090 4772 monte
3106 4718 3313 4771 contra
3338 4711 3618 4765 Hierusa-

1963 4812 2165 4877 lem,et
2186 4807 2580 4865 Molochidolo
2603 4807 2865 4863 ﬁliorum
2887 4806 3360 4873 Ammon.Atque
3380 4797 3617 4855 inhunc

1964 4900 2215 4957 modum
2246 4898 2379 4953 fecit
2417 4896 2707 4952 universis
2748 4894 3037 4952 uxoribus
3086 4891 3207 4947 suis
3244 4889 3618 4961 alienigenis,

1964 5006 2099 5063 quae
2122 4987 2441 5044 adolebant
2458 4988 2711 5053 thura,et
2731 4982 3256 5041 immolabantdiis
3278 4982 3422 5037 suis.
3440 4980 3624 5050 Igitur

1964 5078 2149 5135 iratus
2186 5084 2276 5133 est
2316 5077 2601 5132 Dominus
2653 5074 2981 5143 Salomoni,
3014 5072 3181 5145 quod
3227 5086 3440 5127 aversa
3472 5071 3625 5123 esset

1964 5182 2133 5223 mens
2163 5167 2292 5235 ejus
2322 5182 2355 5218 a
2388 5165 2641 5219 Domino
2667 5168 2783 5219 Deo
2815 5162 3010 5228 Israel,
3042 5161 3147 5234 qui
3178 5159 3537 5232 apparuerat
3570 5155 3621 5209 ei

1964 5254 2247 5319 secundo,
2266 5258 2322 5309 et
2346 5258 2713 5325 praeceperat
2744 5253 2818 5308 de
2839 5252 3024 5307 verbo
3046 5252 3160 5308 hoc
3180 5266 3253 5305 ne
3274 5249 3621 5319 sequeretur

1963 5343 2107 5400 deos
2141 5342 2387 5409 alienos,
2428 5345 2486 5399 et
2527 5357 2650 5398 non
2684 5341 3004 5397 custodivit
3043 5354 3179 5413 quae
3216 5332 3529 5392 mandavit
3564 5330 3620 5388 ei

1962 5433 2268 5500 Dominus,
2306 5432 2457 5490 Dixit
2498 5432 2701 5505 itaque
2751 5431 3036 5486 Dominus
3077 5423 3377 5483 Salomoni
3412 5441 3426 5479 :
3462 5423 3618 5488 Quia

1961 5521 2229 5586 habuisti
2264 5523 2379 5582 hoc
2398 5522 2563 5595 apud
2615 5524 2690 5584 te,
2741 5524 2799 5577 et
2834 5532 2956 5576 non
3002 5512 3308 5572 custodisti
3361 5517 3612 5587 pactum
