4094 6164
487 257 585 315 571

1756 252 2208 321 BBEVIARIUM
2247 257 2634 316 GOTHICUM.
3755 267 3835 324 δη

487 399 715 448 meum,
735 388 792 441 et
812 389 1108 458 praecepta
1122 401 1259 443 mea
1274 401 1408 459 quaa
1435 389 1715 444 mandavi
1733 389 1858 456 tibi,
1878 388 2132 444 disrum-
2162 385 2210 440 A
2240 402 2312 441 ex
2341 386 2622 441 omnibus
2652 384 2928 442 tribubus
2959 382 3145 440 Israel
3182 399 3195 439 :
3231 396 3305 438 eo
3331 382 3494 455 quod
3521 382 3841 459 dereliquerit

488 489 639 545 pens
653 474 925 529 scindam
937 489 1188 543 regnum
1205 485 1395 545 tuum,
1414 482 1470 533 et
1485 477 1644 534 dabo
1661 477 1804 533 illud
1824 495 1992 534 servo
2011 484 2131 534 tuo.

492 564 908 618 Verumtamen
923 564 982 618 in
999 563 1210 618 diebus
1228 565 1340 620 tuis
1361 582 1482 622 non
1500 566 1738 633 faciam,
1772 573 2014 640 propter
2032 571 2136 623 Da-

493 651 598 706 vid
627 656 858 722 patrem
885 657 1053 706 tuum
1088 669 1100 704 :
1129 652 1203 708 de
1228 669 1413 709 manu
1433 656 1537 711 ﬁlii
1569 657 1649 712 tui
1677 657 1947 712 scindam
1970 656 2134 720 illud,

495 755 605 794 nec
631 744 820 794 totum
839 755 1090 809 regnum
1109 742 1372 798 auferam
1386 786 1398 809 ,
1417 747 1520 800 sed
1541 746 1758 800 tribum
1780 762 1960 802 unam
1977 745 2137 800 dabo

495 826 617 882 ﬁlio
633 831 1002 899 tuo,propter
1012 831 1196 886 David
1210 847 1442 888 servum
1464 850 1687 900 meum,
1704 839 1758 890 et
1774 833 2139 890 Hierusalem

500 931 685 987 quam
711 915 878 985 elegi.
895 919 1207 975 Suscitavit
1222 924 1413 976 autem
1431 923 1715 979 Dominus
1727 923 2138 980 adversarium

502 1003 823 1070 Salomoni,
857 1006 1030 1061 Adad
1077 1007 1407 1064 ldumazum
1455 1010 1529 1066 de
1561 1012 1784 1067 semine
1820 1011 2007 1081 regio,
2034 1025 2141 1082 qui

494 1097 621 1147 erat
649 1092 710 1146 in
737 1092 1100 1150 Edom.Cum
1125 1096 1286 1151 enim
1321 1106 1477 1154 esset
1495 1101 1680 1155 David
1700 1101 1758 1156 in
1781 1101 2066 1165 ldumaea,
2086 1100 2142 1155 et

495 1180 1016 1237 ascendissetJoab
1028 1184 1295 1257 princeps
1309 1186 1520 1243 militiae
1533 1190 1607 1244 ad
1621 1189 2023 1260 sepeliendum
2035 1203 2138 1244 eos

493 1269 598 1340 qui
619 1267 852 1325 fuerant
874 1269 1180 1345 interfecti,
1204 1280 1260 1330 et
1276 1277 1588 1334 occidisset
1607 1295 1785 1334 omne
1805 1278 2140 1334 masculum

493 1355 556 1412 in
603 1357 869 1415 Idumaea
898 1364 1025 1428 (sex
1062 1364 1222 1420 enim
1269 1367 1579 1422 mensibus
1626 1369 1707 1424 ibi
1738 1373 2002 1424 moratus
2054 1371 2140 1424 est

492 1445 662 1511 Joab,
705 1451 761 1502 et
783 1451 980 1503 omnis
1006 1452 1201 1521 lsrael,
1222 1453 1411 1510 donec
1438 1456 1794 1512 interimeret
1814 1473 1992 1513 omne
2017 1473 2143 1512 ma-

497 1533 731 1589 sculum
763 1535 824 1590 in
847 1536 1500 1612 Idumma),fugitAdad
1530 1547 1676 1617 ipse,
1700 1547 1874 1602 etviri
1896 1545 2140 1601 Idumaei

500 1620 576 1676 de
607 1623 792 1677 servis
817 1626 999 1694 patris
1021 1629 1148 1697 ejus
1174 1646 1311 1686 cum
1338 1647 1428 1696 eo,
1453 1637 1516 1688 ut
1543 1633 1949 1703 ingrederetur
1963 1635 2142 1706 Egy-

498 1713 669 1780 ptum
689 1725 703 1764 :
718 1715 844 1766 erat
858 1719 1057 1770 autem
1073 1717 1241 1773 Adad
1262 1735 1410 1790 puer
1426 1723 2002 1796 parvulus.Cumque
2021 1741 2144 1779 sur-

498 1798 787 1854 rexissent
804 1800 877 1854 de
897 1802 1156 1871 Madian,
1175 1823 1388 1865 venere
1407 1810 1468 1865 in
1491 1811 1740 1877 Pharan,
1765 1814 2143 1886 tuleruntque

501 1901 705 1942 secum
722 1888 880 1944 viros
900 1890 973 1946 de
996 1893 1243 1962 Pharan,
1274 1903 1329 1953 et
1349 1899 1699 1957 introierunt
1720 1905 2039 1974 i-Egyptum
2067 1901 2144 1957 ad

498 1974 872 2061 Pharaonem
889 1983 1343 2057 regem/Egypti
1371 2009 1383 2046 :
1409 1989 1512 2061 qui
1537 1989 1697 2046 dedit
1716 1991 1768 2047 ei
1793 1990 2062 2056 domum,
2089 1995 2145 2048 et

497 2059 663 2115 cibos
705 2063 1022 2131 constituit,
1063 2073 1120 2122 et
1169 2075 1386 2127 terram
1430 2059 1760 2144 delegavit.
1813 2079 1878 2130 Et
1923 2076 2146 2132 invenit

496 2146 666 2202 Adad
697 2151 948 2219 gratiam
972 2169 1178 2211 coram
1209 2159 1522 2217 Pharaone
1550 2164 1724 2218 valde
1755 2164 2049 2233 intimam,
2083 2169 2146 2220 ut

496 2233 666 2292 daret
694 2237 746 2292 ei
775 2254 1024 2297 uxorem
1075 2260 1340 2303 sororem
1381 2252 1575 2306 uxoris
1628 2269 1748 2308 suae
1795 2269 2144 2322 germanam

497 2324 770 2414 :l‘aphnes
798 2329 1039 2400 reginae.
1068 2334 1394 2410 Genuitque
1420 2340 1648 2396 eisoror
1667 2343 1941 2414 Taphues
1962 2347 2143 2400 Gene-

497 2411 649 2468 bath
677 2414 888 2487 ﬁlium,
921 2423 978 2474 et
1000 2422 1242 2480 nutrivit
1261 2441 1400 2481 eum
1421 2430 1694 2500 Taphnes
1713 2411 1770 2486 in
1797 2432 1979 2488 domo
2000 2434 2149 2490 Pha-

502 2501 704 2556 raonis
721 2522 733 2561 :
751 2510 990 2577 eratque
1008 2511 1305 2568 Genebath
1316 2514 1589 2572 habitans
1604 2519 1765 2590 apud
1779 2521 2146 2578 Pharaonem

503 2604 644 2682 cum
673 2591 808 2682 filiis
841 2595 993 2663 ejus.
1019 2598 1286 2671 Cumque
1305 2604 1566 2661 audisset
1587 2608 1759 2663 Adad
1787 2610 1844 2664 in
1874 2611 2144 2682 Aigypto,

503 2675 795 2734 dormisse
835 2683 1021 2737 David
1064 2702 1200 2741 cum
1245 2691 1515 2758 patribus
1550 2694 1689 2760 suis,
1753 2701 1809 2751 et
1843 2675 2148 2754 mortuum

503 2777 632 2817 esse
659 2764 812 2820 Joab
837 2768 1170 2841 principem
1195 2775 1436 2843 militias,
1487 2778 1635 2836 dixit
1674 2783 1963 2839 Pharaoni
1997 2801 2009 2838 :
2055 2786 2146 2840 Di-

500 2850 666 2945 mitte
691 2868 807 2920 me,
843 2859 905 2911 ut
930 2858 1148 2916 vadam
1186 2861 1247 2917 in
1280 2869 1498 2922 terram
1526 2885 1748 2926 meam.
1800 2873 2070 2945 Dixitque
2096 2873 2145 2928 ei

499 2937 734 3033 Pharao
770 2959 782 2998 :
815 2944 943 3008 Qua
967 2949 1127 3004 enim
1157 2967 1220 3007 re
1245 2956 1402 3024 apud
1424 2973 1519 3011 me
1542 2958 1795 3030 indiges,
1826 2967 1889 3016 ut
1914 2937 2150 3033 quaeras

2243 490 2358 539 me,
2392 478 2447 529 et
2477 475 2746 530 adoravit
2786 472 3143 528 Astherthen
3174 472 3355 527 deam
3386 471 3752 542 Sidoniorum,
3796 485 3841 537 et

2245 562 2500 617 Chamos
2527 562 2709 617 deum
2740 561 2932 629 Moab,
2962 560 3268 618 etMoloch
3289 558 3465 615 deum
3483 559 3721 620 ﬁliorum
3735 569 3841 624 Am-

2244 666 2425 706 mon:
2459 656 2653 706 etnon
2678 649 3073 706 ambulaverit
3120 649 3183 704 in
3225 649 3340 704 viis
3383 650 3542 715 meis,
3582 656 3641 707 ut
3667 652 3844 713 faceret

2241 739 2527 809 justitiam
2560 755 2762 795 coram
2794 755 2910 809 me,
2961 741 3017 794 et
3063 742 3365 810 praecepta
3391 753 3523 794 mea
3549 744 3600 795 et
3638 742 3840 810 judicia,

2247 829 2398 882 sicut
2428 828 2612 884 David
2631 833 2798 900 pater
2826 829 2975 898 ejus.
3007 830 3122 882 Nec
3140 826 3408 882 auferam
3437 842 3607 883 omne
3630 845 3842 899 regnum

2246 915 2321 971 de
2350 932 2535 972 manu
2549 916 2816 985 ejus,sed
2829 916 3046 971 ducem
3059 931 3288 987 ponam
3301 930 3437 970 eum
3451 917 3664 972 cunctis
3677 918 3846 976 diebus

2246 1003 2382 1059 vitae
2405 1020 2545 1071 suaa,
2567 1009 2809 1076 propter
2826 1003 3014 1060 David
3032 1018 3274 1058 servum
3297 1018 3690 1077 meum,quem
3709 1007 3845 1078 elegi,

2248 1092 2351 1164 qui
2380 1092 2998 1149 custodivitmandata
3014 1107 3150 1148 mea
3172 1097 3229 1147 et
3248 1098 3545 1165 praecepta
3565 1095 3850 1152 meaAufe-

2246 1197 2376 1236 ram
2415 1185 2615 1236 autem
2645 1196 2899 1249 regnum
2925 1180 3001 1235 de
3031 1195 3219 1235 manu
3239 1179 3346 1235 ﬁlii
3368 1181 3581 1252 ejus,et
3607 1182 3749 1239 dabo
3767 1183 3848 1240 tibi

2248 1269 2454 1324 decem
2484 1269 2705 1327 tribus:
2739 1269 2862 1324 ﬁlio
2883 1274 3086 1325 autem
3111 1268 3418 1339 ejusdabo
3448 1269 3658 1326 tribum
3677 1287 3844 1339 unam,

2248 1361 2312 1412 ut
2331 1362 2638 1413 remaneat
2649 1358 2894 1413 lucerna
2911 1357 3098 1413 David
3115 1373 3287 1413 servo
3302 1373 3438 1413 meo
3452 1359 3664 1414 cunctis
3676 1359 3848 1416 diebus

2248 1461 2451 1502 coram
2474 1462 2569 1501 me
2590 1447 2649 1501 in
2661 1447 3032 1502 Hierusalem
3044 1445 3495 1517 civitate,quam
3512 1446 3648 1519 elegi
3662 1453 3848 1506 utesset

2246 1550 2468 1590 nomen
2492 1552 2693 1590 meum
2719 1535 2826 1590 ibi.
2859 1537 2935 1591 Te
2963 1540 3166 1590 autem
3192 1550 3522 1604 assumam,
3542 1540 3595 1591 et
3612 1537 3839 1605 regnabis

2250 1639 2428 1694 super
2456 1625 2830 1695 omnia,quaa
2861 1623 3158 1679 desiderat
3176 1624 3384 1679 anima
3405 1629 3524 1690 tua,
3545 1624 3740 1697 erisque
3755 1641 3841 1682 rex

2169 1719 2215 1774 B
2250 1713 2643 1784 superlsrael.
2657 1714 2710 1766 Si
2725 1713 2902 1782 igitur
2921 1711 3179 1767 audieris
3190 1712 3401 1768 omnia
3412 1729 3545 1784 quae
3564 1729 3846 1786 praecepero

2251 1801 2374 1866 tibi,
2399 1807 2455 1856 et
2483 1801 2888 1857 ambulaveris
2932 1802 2998 1856 in
3043 1802 3156 1856 viis
3199 1803 3370 1868 meis,
3410 1806 3466 1857 et
3502 1802 3692 1858 feceris
3717 1803 3850 1875 quod

2251 1895 2478 1945 rectum
2508 1896 2595 1944 est
2623 1905 2828 1945 coram
2855 1907 2968 1959 me,
3004 1891 3353 1946 custodiens
3381 1890 3659 1946 mandata
3677 1905 3792 1947 mea
3812 1894 3854 1947 et

2251 1984 2552 2050 praecepta
2582 1995 2737 2044 mea,
2763 1980 2914 2035 sicut
2937 1979 3073 2035 fecit
3096 1980 3271 2035 David
3307 1995 3514 2035 servus
3545 1995 3699 2035 meus
3741 1999 3751 2038 :
3779 1994 3856 2035 ero

2253 2071 2468 2133 tecum,
2494 2072 2549 2123 et
2570 2068 2886 2124 aediﬁcabo
2907 2068 3013 2123 tibi
3034 2067 3288 2123 domum
3309 2068 3568 2133 ﬁdelem,
3595 2069 3857 2141 quomodo

2254 2156 2544 2212 aediﬁcavi
2576 2156 2764 2212 David
2795 2157 3067 2224 domum,
3100 2162 3156 2212 et
3187 2157 3430 2213 tradam
3463 2158 3566 2213 tibi
3586 2157 3746 2213 Israel
3777 2175 3789 2214 :
3815 2147 3860 2214 et

2253 2245 2520 2315 afﬂigam
2553 2261 2757 2301 semen
2781 2246 2969 2301 David
2991 2262 3170 2318 super
3189 2247 3323 2313 hoc,
3347 2252 3744 2303 verumtamen
3760 2261 3855 2303 non

2254 2334 2482 2388 cunctis
2506 2333 2744 2389 diebus.
2764 2333 2956 2390 Voluit
2972 2350 3114 2405 ergo
3137 2335 3427 2391 Salomon
3443 2337 3745 2392 interficere
3760 2337 3854 2392 Hie-

2252 2422 2504 2478 roboam
2559 2439 2570 2478 :
2600 2424 2704 2494 qui
2735 2425 3004 2492 surrexit,
3037 2430 3092 2480 et
3121 2425 3356 2494 aufugit
3388 2425 3450 2480 in
3480 2424 3773 2497 ngyptum
3793 2424 3854 2482 ad

2256 2513 2433 2568 Sesac
2459 2527 2662 2580 regem
2692 2511 2952 2584 Egypti,
2982 2517 3037 2568 et
3082 2512 3190 2569 fuit
3219 2512 3280 2568 in
3307 2512 3568 2585 Egypto
3611 2529 3775 2587 usque
3794 2511 3854 2568 ad

2256 2607 2511 2656 mortem
2526 2601 2880 2657 Salomonis.
2899 2601 3196 2674 Reliquum
3212 2607 3416 2657 autem
3431 2601 3717 2658 verborum
3729 2601 3855 2658 Salo-

2256 2690 2474 2752 monis,
2508 2694 2564 2745 et
2584 2691 2807 2756 omnia,
2829 2707 2966 2763 quae
2993 2691 3142 2760 fecit,
3175 2695 3233 2746 et
3254 2691 3554 2762 sapientia
3584 2691 3852 2762 ejuszecce

2258 2779 2521 2834 universa
2538 2780 2748 2850 scripta
2759 2780 2952 2834 suntin
2965 2779 3112 2835 libro
3125 2778 3428 2835 verborum
3449 2779 3854 2837 Salomonis.Dies

2257 2873 2456 2922 autem
2481 2885 2637 2940 quos
2659 2870 2929 2938 regnavit
2960 2868 3242 2925 Salomon
3266 2869 3326 2924 in
3354 2869 3705 2926 Hierusalem
3721 2883 3861 2941 super

2258 2973 2499 3013 omnem
2519 2957 3130 3029 Israel,quadraginta
3145 2959 3289 3014 anni
3312 2964 3479 3015 sunt.
3513 2959 3863 3030 Dormivitque

498 3023 584 3125 ire
619 3027 696 3082 ad
718 3033 936 3125 terram
958 3039 1123 3125 tuam
1144 3040 1171 3093 ?
1198 3039 1269 3094 At
1289 3023 1386 3096 ille
1415 3023 1732 3115 respondit
1765 3023 1976 3104 {Nulla
2008 3065 2018 3103 :
2045 3049 2150 3104 sed
2180 3069 2221 3125 ε
2261 3045 2540 3103 Salomon
2564 3023 3864 3120 cumpatribusvsuis,etsepultusestincivitate

500 3113 750 3208 obsecro
796 3121 848 3172 te
879 3123 942 3175 ut
978 3122 1243 3181 dimittas
1295 3147 1411 3185 me.
1462 3113 1774 3191 suscitavit
1816 3152 2058 3208 quoque
2099 3138 2151 3192 ei
2183 3113 2221 3125 υ
2259 3113 3170 3206 Davidpatrissui,regnavitque
3189 3113 3467 3192 Roboam
3485 3137 3636 3193 ﬁlius
3654 3137 3764 3207 ejus
3782 3149 3864 3206 pro

501 3203 656 3296 Deus
663 3203 1075 3296 adversarium
1089 3216 1284 3272 Razon
1299 3219 1488 3276 ﬁlium
1509 3221 1771 3278 Eliadam
1783 3203 1903 3296 ,qui
1923 3226 1946 3280 f
1948 3203 1981 3279 ι]
1989 3231 2153 3295 gerat

503 3290 884 3384 adAdarezer
895 3313 1097 3367 regem
1114 3304 1270 3361 Soba
1281 3307 1596 3365 dominum
1617 3328 1792 3367 suum
1811 3290 1898 3368 z—et
1912 3290 2154 3384 congre-

503 3380 664 3449 gavit
693 3389 901 3441 contra
921 3402 1059 3444 eum
1090 3392 1273 3459 viros,
1295 3401 1350 3450 et
1373 3397 1561 3454 factus
1581 3409 1667 3454 est
1685 3403 1960 3473 princeps
1977 3380 2152 3458 latro-

502 3483 651 3524 num
681 3487 820 3527 cum
848 3475 1199 3538 interﬁceret
1223 3499 1324 3540 eos
1346 3487 1572 3542 David:
1605 3490 1998 3563 abieruntque
2031 3494 2148 3548 Da-

504 3571 805 3628 mascum,
835 3568 891 3618 et
914 3564 1334 3629 habitaverunt
1353 3574 1455 3644 ibi,
1479 3581 1534 3632 et
1557 3579 1990 3638 constituerunt
2012 3597 2150 3635 eum

505 3658 710 3712 regem
739 3647 800 3702 in
819 3651 1378 3734 Damasco,eratque
1403 3664 1992 3723 adversariuslsraeli
2009 3685 2150 3724 cun-

506 3733 616 3832 ctis
647 3735 861 3795 diebus
880 3743 1215 3805 Salomonis
1239 3770 1251 3808 :
1277 3733 1333 3807 et
1361 3753 1475 3810 hoc
1505 3761 1590 3812 est
1615 3758 1842 3812 malum
1873 3759 2062 3824 Adad,
2095 3764 2151 3815 et

505 3823 710 3881 odium
723 3835 928 3888 contra
941 3836 1596 3914 Israel,regnavitquein
1613 3823 2146 3918 Syria.ilieroboam

498 3929 738 4002 quoque
761 3919 920 3976 ﬂlius
937 3923 1170 3981 Nabath
1201 3931 1569 4002 Euphrateus
1600 3934 1673 3990 de
1702 3937 1923 3992 Sareda
1944 3953 2148 3992 servus

500 4001 857 4091 salomonis,
891 4013 1063 4083 cujus
1085 4021 1276 4072 mater
1305 4025 1428 4076 erat
1451 4025 1692 4078 nomine
1713 4027 1914 4091 Sarva,
1939 4026 2148 4081 mulier

493 4089 675 4182 vidua
690 4113 703 4149 :
717 4094 1193 4159 laevavitmanum
1206 4113 1414 4164 contra
1428 4113 1848 4182 regem.Ethaec
1863 4089 2148 4170 estcausa

491 4179 835 4269 rebellionis
862 4188 1150 4248 adversus
1174 4211 1332 4267 eum,
1357 4179 1804 4269 quia—Salomon
1828 4202 2149 4258 aediﬁcavit

494 4267 683 4363 Mello,
703 4276 759 4328 et
773 4267 1461 4354 comquavitvoraginem
1481 4287 1735 4345 civitatis
1759 4289 1942 4345 David
1963 4293 2147 4363 patris

2259 3239 2349 3278 eo.
2389 3223 2558 3292 (Cap.
2604 3229 2723 3290 xu.)
2776 3225 2938 3279 Venit
2976 3231 3173 3279 autem
3217 3225 3496 3282 Roboam
3522 3227 3580 3282 in
3630 3225 3863 3280 Sichem:

2260 3312 2395 3367 illuc
2414 3312 2572 3367 enim
2587 3318 2982 3382 congregatus
3004 3318 3128 3369 erat
3144 3316 3345 3369 omnis
3361 3315 3621 3387 populus
3642 3312 3794 3369 israel
3805 3309 3864 3367 ad

2262 3401 2740 3456 constituendum
2755 3417 2882 3456 eum
2897 3405 3200 3471 regem.At
3214 3418 3352 3458 vero
3381 3403 3723 3460 Hieroboam
3741 3401 3862 3456 ﬁlius

2259 3489 2512 3554 Nabath,
2554 3507 2691 3545 cum
2721 3490 2915 3546 adhuc
2961 3495 3116 3547 esset
3143 3493 3204 3546 in
3246 3491 3510 3565 Egypto
3549 3492 3806 3564 profugus
3835 3501 3861 3543 δ

2257 3579 2406 3634 facie
2435 3580 2589 3647 regis
2619 3579 2972 3645 Salomonis,
2998 3580 3201 3636 audita
3231 3590 3425 3638 morte
3457 3582 3603 3653 ejus,
3633 3591 3862 3637 reversus

2257 3673 2344 3723 est
2367 3668 2440 3722 de
2468 3671 2736 3740 Egypto.
2773 3669 3172 3740 Miseruntque
3217 3674 3271 3725 et
3295 3675 3660 3727 vocaverunt
3701 3684 3815 3725 eum
3849 3681 3860 3720 :

2255 3757 2413 3812 venit
2436 3772 2578 3826 ergo
2616 3757 2990 3827 Hieroboam,
3025 3763 3080 3813 et
3117 3759 3314 3813 omnis
3358 3759 3675 3815 multitudo
3705 3754 3860 3820 Israel,

2256 3850 2312 3901 et
2337 3845 2518 3901 locuti
2548 3851 2682 3900 sunt
2729 3846 2806 3901 ad
2852 3845 3147 3913 Hoboam,
3207 3847 3523 3904 dicentes:
3573 3848 3727 3904 Pater
3757 3852 3864 3901 tuus

2253 3933 2643 3989 durissimum
2660 3935 2681 4006 j
2696 3949 2879 4003 ugum
2893 3934 3178 4006 imposuit
3192 3936 3367 3991 nobis
3398 3957 3415 3992 :
3445 3942 3511 3992 tu
3537 3940 3723 4009 itaque
3738 3947 3862 3990 nunc

2253 4022 2543 4077 imminue
2560 4022 2870 4094 paululum
2898 4023 2972 4078 de
2990 4024 3239 4095 imperio
3256 4025 3448 4096 patris
3471 4024 3863 4082 tuidurissimo,

2255 4116 2311 4168 et
2323 4111 2393 4166 de
2402 4113 2422 4182 j
2435 4127 2550 4180 ugo
2564 4111 2920 4180 gravissimo
2934 4113 3094 4184 quod
3118 4113 3399 4185 imposuit
3419 4115 3613 4178 nobis,
3629 4119 3679 4169 et
3695 4110 3866 4168 servie-

2255 4217 2391 4257 mus
2421 4201 2546 4256 tibi.
2575 4202 2679 4266 Qui
2706 4202 2786 4256 ait
2815 4203 2900 4256 eis
2939 4221 2950 4260 :
2984 4201 3061 4257 lte
3112 4219 3302 4274 usque
3334 4204 3416 4259 ad
3467 4204 3694 4259 tertium
3721 4201 3863 4258 diem,

2257 4295 2313 4346 et
2335 4289 2694 4346 revertimini
2743 4289 2820 4344 ad
2861 4307 2978 4347 me.
3025 4292 3290 4364 Cumque
3339 4292 3587 4348 abiisset
3632 4288 3862 4364 populus,

496 4357 608 4453 sui.
637 4362 768 4418 Erat
797 4371 997 4423 autem
1022 4371 1381 4430 Hieroboam
1408 4377 1496 4430 vir
1515 4377 1682 4433 fortis
1707 4383 1764 4434 et
1788 4357 1994 4450 potens
2028 4400 2038 4435 :
2067 4381 2152 4436 vi-
2183 4396 2228 4450 ι)
2259 4378 2681 4437 iniitconsilium
2698 4395 2791 4433 rex
2807 4379 3062 4435 Roboam
3078 4395 3198 4434 cum
3215 4381 3661 4453 senioribus,qui
3677 4376 3868 4434 assiste-

503 4446 765 4522 deusque
780 4454 1053 4514 Salomon
1068 4462 1493 4521 adolescentem
1507 4466 1673 4522 bona:
1687 4446 1900 4524 indolis
1915 4474 1970 4524 et
1985 4469 2152 4524 indu-

509 4536 742 4628 strium,
776 4546 1161 4606 constituerat
1189 4567 1326 4608 eum
1361 4555 1706 4625 praefectum
1730 4573 1907 4628 super
1938 4557 2155 4613 tributa

514 4626 808 4717 universae
820 4631 1038 4691 domus
1053 4639 1296 4713 Joseph.
1313 4626 1842 4714 Factum‘estigitu'r
1855 4644 1915 4699 in
1932 4651 2157 4717 tempo-

513 4730 577 4805 re
605 4716 723 4784 illo,
748 4725 812 4778 ut
835 4722 1188 4784 Hieroboam
1211 4733 1590 4800 egrederetur
1605 4733 1678 4788 de
1698 4716 2083 4805 Hierusalem,
2104 4741 2160 4790 et

514 4802 1160 4889 invenireteum.339
1178 4819 1356 4875 Abias
1375 4821 1645 4877 Silonites
1657 4825 1945 4894 propheta
1959 4825 2015 4878 in
2038 4802 2155 4886 via,

515 4902 758 4967 opertus
793 4903 978 4973 pallio
1018 4922 1176 4964 novo
1211 4925 1223 4963 :
1257 4916 1424 4965 erant
1459 4915 1659 4967 autem
1689 4912 1810 4967 duo
1842 4916 2071 4968 tantum
2098 4914 2160 4967 in

513 4992 1257 5071 agro.Apprehendensque
1273 4998 1452 5054 Ahias
1466 4999 1709 5071 pallium
1724 5016 1899 5055 suum
1912 5017 2157 5066 novum,

513 5097 636 5155 quo
669 5089 986 5156 coopertus
1018 5092 1162 5153 erat,
1193 5087 1367 5144 scidit
1405 5087 1466 5144 in
1510 5089 1825 5146 duodecim
1854 5095 2070 5161 partes,
2105 5095 2162 5146 et

511 5175 594 5232 ait
624 5173 703 5230 ad
725 5174 1078 5231 Hieroboam
1101 5193 1114 5230 :
1139 5175 1297 5232 Tolle
1323 5177 1428 5232 tibi
1451 5177 1657 5233 decem
1683 5178 1973 5234 scissuras
2005 5195 2015 5231 :
2040 5180 2162 5234 haec

512 5263 674 5320 enim
711 5263 851 5319 dicit
879 5264 1170 5320 Dominus
1201 5267 1356 5320 Deus
1389 5265 1603 5321 Israel:
1636 5269 1755 5334 Ego
1790 5267 2057 5323 scindam
2079 5285 2165 5322 re-

513 5367 702 5423 gnum
714 5352 988 5409 demanu
1015 5353 1609 5418 Salomonis,etdabo
1624 5354 1946 5410 tibidecem
1965 5355 2158 5410 tribus.

512 5458 693 5516 porro
724 5459 847 5500 una
892 5443 1108 5515 tribus;
1137 5441 1471 5498 remanebit
1499 5441 1570 5504 ei,
1627 5450 1866 5514 propter
1926 5460 2164 5499 servum

2260 4468 2606 4522 bantcoram
2623 4467 2926 4523 Salomone
2941 4475 3098 4539 patre
3112 4469 3160 4538 ej
3173 4484 3394 4536 us,cum
3412 4471 3600 4527 adhuc
3617 4464 3867 4528 viverem

2264 4557 2344 4613 ait
2372 4556 2454 4610 eis
2487 4573 2498 4610 :
2526 4555 2697 4620 Quod
2731 4555 2888 4611 datis
2919 4556 3256 4625 consilium,
3291 4561 3354 4612 ut
3391 4555 3771 4630 respondeam
3790 4565 3867 4622 po-

2265 4644 2408 4718 pulo
2429 4644 2457 4698 ?
2480 4645 2588 4710 Qui
2617 4644 2895 4700 dixerunt
2923 4645 2974 4700 ei
3009 4661 3019 4700 :
3057 4645 3114 4700 Si
3138 4644 3315 4701 hodie
3361 4645 3655 4702 obedieris
3682 4637 3866 4715 populo

2267 4735 2424 4800 huic,
2458 4738 2514 4788 et
2542 4733 2835 4802 servieris,
2859 4738 2915 4788 et
2939 4733 3208 4805 petitioni
3227 4749 3436 4789 eorum
3459 4733 3714 4801 cesseris,
3741 4730 3864 4785 locu-

2271 4828 2481 4895 tusque
2502 4821 2682 4876 fueris
2715 4821 2794 4876 ad
2823 4837 2925 4877 eos
2955 4821 3137 4877 verba
3178 4821 3353 4886 lenia,
3399 4827 3571 4878 erunt
3607 4820 3704 4877 tibi
3745 4812 3866 4872 servi

2272 4911 2498 4967 cunctis
2527 4910 2739 4966 diebus
2771 4928 2783 4965 :
2815 4910 2919 4982 qui
2951 4911 3260 4982 dereliquit
3298 4911 3618 4967 consilium
3672 4917 3864 4965 senum,

2270 4999 2435 5072 quod
2481 4997 2770 5054 dederant
2811 4999 2885 5064 ei,
2934 5003 2990 5054 et
3031 4998 3303 5054 adhibuit
3339 4999 3755 5060 adolescentes,
3787 4987 3866 5062 qui

2271 5087 2475 5144 nutriti
2498 5086 2732 5142 fuerant
2754 5103 2888 5142 cum
2921 5101 3010 5151 eo,
3035 5092 3091 5142 et
3125 5087 3481 5143 assistebant
3507 5087 3604 5149 illi,
3646 5083 3870 5150 dixitque

2273 5177 2350 5232 ad
2371 5193 2468 5231 eos
2492 5192 2502 5229 :
2531 5175 2699 5240 Quod
2722 5176 2866 5230 mihi
2897 5175 3051 5230 datis
3065 5176 3399 5241 consilium,
3426 5182 3486 5232 ut
3515 5169 3867 5244 respondeam

2274 5265 2498 5338 populo
2528 5264 2684 5329 huic,
2715 5265 2816 5336 qui
2851 5265 3282 5319 dixeruntmihi
3308 5281 3319 5320 :
3341 5266 3546 5320 Levius
3572 5263 3659 5318 {ac
3692 5260 3869 5346 juguﬁf

2275 5353 2436 5424 quod
2454 5354 2742 5424 imposuit
2770 5357 3085 5423 patertuus
3111 5368 3290 5424 super
3308 5369 3413 5408 nos
3436 5353 3462 5408 ?
3489 5354 3552 5406 Et
3575 5347 3869 5405 dixeruntel

2270 5444 2520 5513 juvenes
2534 5442 2634 5513 qui
2662 5442 2864 5498 nutriti
2878 5442 3109 5498 fuerant
3143 5458 3282 5498 cum
3309 5458 3380 5499 eo
3405 5457 3416 5497 :
3439 5441 3530 5496 Sic
3556 5440 3867 5510 loquerep0°

514 5545 722 5590 meum
745 5533 954 5599 David,
987 5536 1044 5590 et
1075 5528 1441 5589 Hierusalem
1461 5529 1780 5600 civitatem,
1810 5547 1996 5605 quam
2018 5531 2168 5602 elegi
2278 5528 2422 5602 pulo
2476 5528 2634 5596 huic,
2668 5529 2770 5604 qui
2799 5529 2978 5588 locuti
3016 5533 3155 5587 sunt
3199 5530 3278 5588 ad
3322 5534 3376 5587 te
3413 5528 3704 5587 dicentes:
3733 5521 3869 5577 Pater
