4094 6164
205 220 315 276 573

207 435 475 507 loqueris
502 435 577 491 ad
601 452 703 489 eos
729 453 740 489 :
769 435 1039 489 Minimus
1061 434 1282 502 digitus
1305 452 1474 492 meus
1508 438 1766 506 grossior
1788 445 1871 491 est

208 526 395 580 dorso
412 524 602 596 patris
648 524 785 577 mei.
818 526 881 578 Et
921 539 1081 577 nunc
1100 529 1266 594 pater
1288 542 1454 579 meus
1474 526 1671 597 posuit
1692 542 1872 598 super

208 614 551 685 vosjugum
576 628 772 681 grave,
800 627 912 681 ego
934 618 1135 668 autem
1169 613 1393 669 addam
1430 632 1608 686 super
1654 616 1870 685 jugum

209 706 710 773 vestrum:pater
732 717 902 756 meus
922 701 1133 756 cecidit
1173 718 1276 757 vos
1316 702 1730 775 ﬂagellis;ego
1762 719 1869 759 au-

210 795 339 848 tem
360 790 589 847 credam
615 805 724 846 vos
750 789 1195 861 scorpionibus.
1224 794 1285 846 Et
1310 808 1429 847 non
1452 792 1743 864 acquievit
1767 809 1869 848 rex

208 879 445 953 populo
466 880 779 952 :quoniam
808 878 1154 935 adversatus
1174 879 1363 936 fuerat
1384 896 1521 936 eum
1553 881 1865 947 Dominus,

206 972 274 1024 ut
302 969 615 1024 suscitaret
639 967 894 1023 verbum
925 984 1124 1035 suum,
1156 969 1569 1040 quodlocutus
1591 970 1781 1025 fuerat
1809 970 1869 1025 in

202 1072 398 1113 manu
420 1057 584 1112 Abite
605 1056 860 1113 Silonitze
879 1057 957 1111 ad
982 1056 1334 1112 Hieroboam
1370 1058 1557 1113 ﬁlium
1602 1058 1857 1113 Nabath.

201 1146 654 1218 Vidensitaque
679 1146 951 1217 populus,
988 1146 1151 1217 quod
1178 1146 1466 1202 noluisset
1507 1162 1610 1202 eos
1662 1147 1867 1202 audire

200 1251 328 1301 rex,
362 1236 681 1307 respondit
702 1235 756 1291 ei
777 1234 1016 1294 dicens:
1041 1238 1180 1301 Quae
1198 1236 1373 1292 nobis
1392 1253 1529 1308 pars
1546 1237 1606 1292 in
1624 1237 1811 1293 David
1843 1238 1870 1291 ?

204 1324 297 1381 vel
315 1341 457 1397 qua:
479 1324 782 1380 hereditas
813 1324 873 1379 in
894 1323 1018 1379 ﬁlio
1041 1326 1148 1379 Isai
1173 1326 1201 1380 ‘I
1219 1324 1376 1380 Vade
1396 1324 1457 1380 in
1483 1326 1868 1383 tabernacula

206 1420 311 1470 tua
354 1412 558 1478 Israel,
585 1428 747 1468 nunc
762 1413 897 1468 vide
923 1413 1175 1468 domum
1204 1416 1369 1469 tuam
1388 1414 1595 1471 David.
1630 1418 1692 1470 Et
1723 1415 1869 1471 abiit

209 1502 391 1559 Israel
419 1502 485 1557 in
504 1501 890 1558 tabernacula
920 1504 1246 1574 sua.Super
1268 1502 1423 1558 ﬁlios
1450 1508 1644 1559 autem
1674 1503 1863 1573 Israel,

207 1590 585 1664 quicumque
606 1590 1030 1647 babitabantin
1053 1592 1391 1647 civitatibus
1414 1591 1868 1662 Juda,regnavit

1391 222 1737 280 DOMINICA
1775 222 1846 278 IN
1888 219 2113 279 RAMIS
2153 212 2584 281 PALMARUM.

208 350 346 402 tuus
370 346 724 416 aggravavit
748 345 967 416 jugum
990 350 1285 411 nostrum,
1314 350 1378 402 tu
1400 347 1593 405 releva
1614 365 1744 405 nos.
1778 349 1870 403 Sic
1902 349 1949 401 A

3530 231 3631 287 574

2587 348 2680 404 Ad
2740 350 3019 406 Tertiam.

2191 437 2598 493 Ecclesz’astici
2625 438 2957 494 Salomonis
2976 439 3147 509 (Cap.
3174 443 3417 514 xxxvu).

2051 537 2113 591 Β).
2151 528 2268 580 Deo
2301 528 2541 595 gratias.

2049 613 2173 678 Fili,
2203 615 2667 671 omnisamicus
2698 617 2883 673 dicet:
2910 620 2975 673 Et
3004 631 3114 684 ego
3160 619 3481 676 amicitiam
3534 639 3628 679 co-

1979 702 2206 774 putavi:
2230 704 2334 758 sed
2359 708 2448 759 est
2473 705 2701 760 amicus
2733 705 2858 761 solo
2885 705 3129 761 nomine
3151 706 3397 762 amicus.
3420 712 3623 767 Nonne

1977 791 2205 847 tristitia
2226 792 2376 848 inest
2407 810 2593 864 usque
2621 794 2700 849 ad
2730 799 2983 849 mortem
3004 794 3278 851 ?Sodalis
3318 801 3515 852 autem
3568 803 3625 855 et

1976 880 2206 937 amicus
2236 881 2314 936 ad
2340 881 2705 937 inimicitiam
2722 886 3209 940 convertentur.0
3233 886 3623 956 przesumptio

1974 969 2529 1042 nequissima,unde
2560 975 2755 1027 creata
2785 987 2846 1026 es
2872 972 3171 1043 cooperire
3206 972 3439 1028 aridam
3456 973 3625 1029 mali-

1976 1056 2075 1122 tia,
2119 1062 2173 1112 et
2224 1057 2536 1113 dolositate
2588 1058 3041 1115 illius?Soda1is
3096 1060 3291 1115 amico
3346 1061 3627 1118 condolet

1976 1160 2159 1200 causa
2187 1147 2424 1216 ventris,
2461 1150 2517 1201 et
2542 1151 2748 1202 contra
2777 1148 3013 1203 hostem
3073 1148 3323 1220 accipiet
3350 1154 3614 1207 scutum.

1976 1236 2102 1289 Non
2130 1234 2500 1291 obliviscaris
2544 1235 2720 1291 amici
2754 1237 2832 1291 tui
2854 1236 2915 1290 in
2960 1237 3163 1292 animo
3211 1240 3334 1301 tuo,
3379 1242 3435 1292 et
3501 1252 3624 1293 non

1976 1321 2296 1378 immemor
2326 1325 2403 1379 sis
2450 1324 2605 1379 illius
2635 1325 2694 1379 in
2725 1324 3010 1395 operibus
3045 1325 3177 1380 tuis.
3210 1326 3414 1382 Omnis
3435 1326 3626 1381 consi-

1974 1410 2180 1467 liarius
2231 1414 2429 1483 prodit
2484 1413 2817 1479 consilium,
2867 1413 2971 1468 sed
3001 1418 3088 1469 est
3137 1414 3511 1470 consiliarius
3563 1415 3624 1470 in

1978 1502 2317 1572 semetipso.
2338 1502 2730 1559 Aconsiliario
2756 1518 2930 1558 serva
2955 1502 3220 1558 animam
3246 1507 3409 1559 tuam
3429 1501 3625 1573 :prius

1977 1591 2121 1645 scito
2164 1607 2298 1662 quas
2356 1592 2427 1647 sit
2471 1591 2626 1646 illius
2676 1592 3113 1647 necessitas:et
3169 1592 3334 1663 quod
3385 1591 3513 1663 ipse
3561 1590 3624 1647 in

209 1679 510 1736 Roboam.
534 1679 683 1736 Misit
713 1695 853 1749 ergo
884 1695 986 1734 rex
1012 1680 1282 1735 Roboam
1304 1681 1591 1749 Aduram,
1619 1681 1722 1752 qui
1744 1685 1869 1738 erat
1900 1695 1945 1749 Β
1976 1678 2178 1733 animo
2209 1696 2316 1735 suo
2337 1680 2649 1749 cogitabit:
2675 1696 2748 1735 ne
2774 1680 2921 1736 forte
2943 1681 3138 1735 mittat
3166 1680 3380 1735 sudem
3420 1680 3480 1734 in
3509 1684 3621 1735 ter—

208 1785 391 1842 super
434 1768 703 1824 tributa:
748 1773 804 1825 et
827 1768 1119 1841 lapidavit
1167 1784 1305 1824 eum
1347 1769 1543 1825 omnis
1573 1769 1769 1837 Israel,
1811 1773 1868 1826 et

207 1864 486 1915 mortuus
504 1862 609 1915 est.
644 1858 822 1913 Porro
869 1874 973 1913 rex
993 1857 1263 1915 Hoboam
1306 1859 1554 1915 festinus
1600 1859 1867 1917 ascendit

207 1964 477 2013 currum,
504 1952 562 2004 et
584 1948 735 2018 fugit
764 1948 823 2003 in
854 1948 1221 2004 Hierusalem
1243 1970 1255 2005 :
1275 1949 1633 2021 recessitque
1668 1949 1862 2015 Israel,

201 2055 232 2092 a
262 2038 455 2094 domo
487 2037 691 2101 David,
727 2053 919 2109 usque
950 2037 1010 2093 in
1041 2042 1372 2108 presentem
1402 2038 1585 2093 diem.
1621 2041 1865 2095 Factum

201 2132 287 2183 est
309 2131 521 2182 autem
557 2142 694 2181 cum
713 2126 974 2182 audisset
994 2127 1191 2182 omnis
1210 2126 1573 2199 Israel,quod
1590 2143 1862 2183 reversus

201 2218 359 2271 esset
386 2215 1150 2282 Hieroboam,miserunt,et
1174 2223 1539 2273 vocaverunt
1568 2233 1704 2273 eum
1723 2233 1863 2273 con-

200 2309 459 2375 gregato
494 2309 673 2369 coetu,
702 2310 757 2360 et
784 2305 1214 2360 constituerunt
1267 2321 1405 2361 eum
1453 2322 1654 2376 regem
1686 2322 1865 2379 super

201 2409 458 2451 omnem
476 2392 676 2463 Israel,
706 2408 816 2449 nec
843 2392 1021 2465 340
1039 2398 1277 2448 secutus
1307 2398 1393 2449 est
1434 2394 1733 2468 quispiam
1760 2396 1864 2452 do-

198 2500 375 2540 mum
411 2481 601 2538 David
622 2488 829 2555 praater
845 2482 1105 2537 tribumJ
1116 2481 1232 2538 uda
1259 2482 1644 2540 solam.Venit
1664 2489 1863 2541 autem

195 2573 481 2629 Roboam
506 2571 891 2641 Hierusalem,
914 2576 971 2627 et
992 2573 1377 2641 congregavit
1401 2574 1742 2629 universam
1760 2575 1860 2629 do-

193 2678 373 2719 mum
390 2660 573 2723 Juda,
606 2665 661 2716 et
693 2660 910 2717 tribum
962 2661 1270 2733 Benjamin
1302 2666 1536 2717 centum
1566 2662 1865 2730 octoginta

193 2751 367 2807 milia
389 2749 721 2805 electorum
778 2749 1037 2806 virorum
1061 2754 1115 2805 et
1142 2749 1520 2814 bellatorum,
1545 2755 1609 2805 ut
1638 2765 1867 2821 pugna-

193 2844 333 2896 rent
364 2840 579 2895 contra
602 2838 853 2894 domum
880 2838 1077 2901 lsrael,
1120 2843 1175 2894 et
1221 2838 1571 2894 reducerent
1612 2853 1867 2907 regnum

196 2929 485 2985 Boboam
508 2927 633 2983 ﬁlio
690 2927 1050 2984 Salomonis.
1086 2931 1297 2984 Factus
1321 2932 1405 2983 est
1446 2930 1647 2983 autem
1670 2943 1866 2983 sermo

198 3017 446 3073 Domini
467 3017 549 3073 ad
564 3016 860 3073 Semeiam
877 3016 1067 3072 virum
1089 3017 1212 3081 Dei,
1236 3016 1465 3072 dicens:
1496 3019 1757 3089 Loquere
1788 3015 1866 3072 ad

199 3106 482 3162 Boboam
504 3105 698 3161 ﬁlium
718 3105 1053 3163 Salomonis
1065 3121 1268 3176 regem
1287 3105 1525 3173 Juda,et
1545 3106 1621 3162 ad
1644 3122 1866 3161 omnem

199 3195 459 3251 domum
487 3194 661 3260 Juda,
696 3199 750 3251 et
798 3195 1124 3267 Benjamin,
1156 3200 1210 3251 et
1238 3195 1492 3267 reliquos
1522 3195 1594 3251 de
1616 3195 1861 3268 populo,

197 3284 410 3341 dicens
436 3300 449 3339 :
472 3286 610 3339 Haec
635 3283 777 3339 dicit
802 3284 1118 3340 Dominus:
1142 3286 1267 3340 Non
1293 3284 1638 3351 ascendetis,
1670 3299 1866 3356 neque

195 3373 501 3431 bellabitis
524 3377 733 3429 contra
762 3372 969 3429 fratres
998 3378 1228 3429 vestros
1268 3373 1417 3429 ﬁlios
1452 3372 1626 3431 Israel
1645 3390 1656 3426 :
1676 3388 1864 3428 rever-

198 3467 357 3520 tatur
382 3463 475 3518 vir
504 3462 565 3518 in
598 3463 844 3518 domum
876 3478 1051 3518 suam
1073 3481 1086 3529 ;
1110 3478 1145 3517 a
1172 3478 1266 3517 me
1306 3462 1467 3518 enim
1518 3462 1743 3518 factum
1775 3466 1866 3518 est

195 3551 455 3609 verbum
486 3552 622 3607 hoc.
656 3550 985 3606 Audierant
1018 3567 1356 3607 sermonem
1380 3550 1637 3615 Domini,
1679 3556 1734 3607 et
1762 3568 1860 3607 re-

198 3640 355 3697 versi
379 3644 521 3695 sunt
543 3640 616 3695 de
638 3639 864 3707 itinere,
891 3640 1041 3695 sicut
1063 3640 1146 3695 eis
1170 3644 1533 3712 praeceperat
1554 3641 1859 3697 Dominus.

201 3742 266 3792 1y.
291 3734 507 3786 Amen.

274 3836 563 3907 Hymnus.
598 3835 793 3890 Noctis
818 3836 1054 3906 tempus
1078 3835 1207 3906 jam
1238 3836 1518 3907 praeterit.
1545 3837 1597 3906 f.
1628 3840 1757 3891 257.

278 3943 584 4013 Capitula.
603 3941 832 3999 Exaudi
861 3942 1109 3998 Domine
1128 3942 1573 3999 lamentabilem
1591 3942 1864 3999 Ecclesiae

204 4037 322 4089 tum
352 4031 643 4101 gemitum
679 4030 815 4104 ;qui
843 4047 953 4104 pro
984 4048 1054 4087 ea
1083 4032 1372 4088 sustulisti
1418 4032 1701 4102 injuriam
1732 4048 1866 4104 pas-

210 4120 847 4191 sionumzignominiis
902 4125 1120 4189 careat,
1178 4135 1311 4192 quas
1344 4136 1404 4176 se
1426 4121 1720 4177 salvatam
1752 4122 1865 4177 tuis

204 4208 593 4281 passionibus
642 4210 915 4279 ignorat:
953 4214 1017 4265 ut
1062 4209 1406 4265 eeternitatis
1454 4212 1568 4265 tuae
1612 4210 1864 4280 judicio,

199 4304 259 4356 et
286 4314 711 4372 pressurarum
730 4314 867 4354 eam
890 4298 1370 4355 tribulationibus
1398 4298 1644 4367 releves,
1674 4304 1728 4356 et
1761 4299 1864 4357 tibi

197 4386 618 4445 coronandam
643 4386 769 4443 sine
792 4388 910 4442 ﬁne
938 4388 1221 4443 associes.

266 4496 441 4549 Pater
462 4494 683 4549 noster.

266 4597 506 4655 Lauda.
540 4598 911 4670 Inquirentes
954 4599 1279 4655 Dominum
1300 4614 1422 4654 non
1458 4598 1734 4654 deﬁcient
1786 4599 1863 4654 ab

193 4688 365 4743 omni
389 4686 786 4742 bono.Venite
806 4688 1139 4753 ﬁlii,audite
1171 4704 1267 4743 me
1296 4706 1309 4743 :
1338 4687 1615 4744 timorem
1629 4687 1863 4743 Domini

194 4775 428 4832 docebo
453 4791 586 4831 vos.
608 4775 668 4835 ἵ.
688 4776 957 4832 Redimet
977 4776 1260 4832 Dominus
1293 4778 1528 4833 animas
1553 4793 1861 4833 servorum

195 4880 451 4921 suorum
477 4882 489 4919 :
517 4870 574 4921 et
605 4880 726 4920 non
756 4864 1126 4938 derelinquet
1146 4882 1357 4921 omnes
1403 4867 1507 4938 qui
1532 4871 1773 4938 sperant
1804 4866 1863 4921 in

194 4969 363 5010 eum.

267 5060 879 5132 0rali0.lnquirentes
904 5066 955 5118 te
978 5062 1227 5118 Domine
1255 5061 1575 5132 dignanter
1601 5061 1815 5116 exaudi
1847 5078 1859 5127 ;

190 5154 372 5221 atque
390 5150 531 5205 utin
554 5152 609 5204 te
624 5148 899 5205 laudetur
912 5152 1115 5206 anima
1134 5148 1656 5221 nostra,propitius
1671 5148 1863 5203 indul-

190 5238 543 5311 torimperti
570 5255 581 5292 :
613 5242 671 5293 et
696 5239 838 5309 quia
863 5239 1032 5309 juxta
1054 5256 1115 5295 es
1142 5240 1235 5294 his
1258 5239 1362 5311 qui
1411 5237 1689 5294 tribulato
1722 5242 1862 5293 sunt

188 5326 391 5395 corde,
426 5342 640 5383 aurem
662 5330 828 5381 tuam
850 5328 925 5383 ad
947 5327 1361 5383 contritionem
1390 5326 1579 5382 nostri
1616 5325 1859 5397 spiritus

186 5418 496 5489 pande:et
524 5415 603 5471 ad
639 5431 870 5487 pacem,
909 5433 1041 5488 quae
1086 5420 1408 5488 exsuperat
1456 5432 1699 5471 omnem
1729 5432 1858 5470 sen-

190 5522 350 5575 sum,
386 5521 649 5578 corpora
688 5509 892 5561 nostra
916 5509 973 5562 et
998 5505 1181 5563 corda
1210 5509 1507 5563 converte.
1543 5516 1605 5577 ης.
1633 5506 1845 5561 Amen.

1974 1783 2124 1834 ram,
2180 1773 2234 1823 et
2285 1768 2444 1825 dicat
2489 1769 2631 1825 tibi:
2675 1771 2841 1824 Bona
2894 1775 2979 1825 est
3031 1770 3129 1825 via
3161 1773 3298 1839 tua;
3330 1772 3387 1825 et
3425 1772 3535 1825 stet
3587 1786 3620 1826 θ

1975 1856 2269 1912 contrario
2298 1858 2497 1913 videre
2533 1858 2678 1929 quid
2705 1858 2807 1913 tibi
2841 1858 3090 1914 eveniat.
3127 1860 3273 1913 Cum
3328 1856 3457 1913 viro
3488 1857 3622 1913 reli-

1975 1945 2140 2014 gioso
2174 1950 2357 2002 tracta
2379 1946 2451 2002 de
2479 1946 2803 2014 sanctitate,
2828 1952 2881 2003 et
2912 1963 3049 2003 cum
3068 1948 3229 2018 justo
3269 1946 3343 2002 de
3370 1945 3616 2017 justitia.

2072 2035 2281 2090 Amen.

2044 2125 2395 2193 Antiphona
2421 2130 2467 2180 1.
2493 2125 2809 2181 Astiterunt
2832 2141 3002 2195 reges
3035 2129 3221 2191 terrae,
3242 2128 3298 2180 et
3323 2124 3624 2197 principes

1975 2219 2379 2270 convenerunt
2400 2214 2459 2269 in
2487 2230 2694 2279 unum,
2727 2214 3014 2270 adversus
3066 2213 3406 2279 Dominum,
3441 2217 3497 2268 et
3523 2211 3628 2267 ad-

1972 2322 2180 2362 versus
2204 2305 2498 2362 Christum
2517 2305 2665 2375 ejus.
2683 2303 2743 2365 tr.
2779 2304 3232 2376 Disrumpamus
3256 2301 3498 2358 vincula
3529 2317 3625 2358 eo-

1970 2412 2106 2453 rum
2132 2411 2142 2449 :
2170 2400 2223 2450 et
2253 2394 2642 2466 projiciamus
2662 2410 2698 2449 a
2716 2394 2891 2449 nobis
2908 2394 3123 2464 jugum
3148 2392 3368 2465 ipsum.

2046 2486 2269 2540 Oratio.
2301 2484 2521 2538 Christe
2566 2485 2739 2553 Deus,
2798 2482 2959 2554 apud
2990 2498 3171 2553 quem
3232 2496 3402 2550 reges
3450 2483 3619 2535 terra;

1973 2574 2283 2630 astiterunt
2302 2571 2656 2627 meditantes
2681 2571 2903 2636 inania,
2933 2575 2987 2626 et
3004 2570 3301 2641 principes
3322 2584 3617 2624 convene-

1970 2661 2246 2727 runtgda
2285 2659 2458 2715 nobis
2510 2659 2762 2730 speciale
2827 2674 3050 2713 munus
3100 2658 3213 2711 hoc
3268 2657 3494 2727 gratiae,
3553 2658 3619 2712 ut

1972 2749 2244 2807 adversis
2269 2748 2606 2805 nesciamus
2631 2746 2750 2802 ullo
2808 2746 2991 2801 modo
3028 2745 3266 2801 cedere:
3302 2760 3423 2815 quo
3451 2743 3534 2797 sic
3555 2742 3617 2797 in

1972 2840 2169 2895 furore
2197 2844 2299 2894 tuo
2327 2836 2643 2893 inﬁdelitas
2678 2834 3179 2897 conturbetur,,ut
3201 2832 3294 2887 lex
3319 2830 3617 2901 adjutorio

1973 2933 2180 2984 nostra
2200 2926 2516 2983 credulitas
2555 2929 2891 2981 coronetur.
2920 2935 2983 2993 Br.
3016 2927 3225 2977 Amen.

1895 3048 1936 3105 ρ
2044 3017 2393 3085 Antiphona
2422 3019 2473 3069 ‘2.
2509 3017 2713 3069 Genua
2740 3028 2876 3068 mea
2896 3011 3196 3066 inﬁrmata
3227 3012 3364 3065 sunt
3389 3023 3511 3105 prae
3539 3007 3623 3105 je-

1970 3105 2139 3177 junio
2166 3121 2178 3159 :
2208 3109 2264 3160 et
2288 3120 2425 3159 caro
2472 3119 2609 3158 mea
2658 3102 2975 3157 immutata
3017 3104 3103 3155 est
3129 3104 3369 3172 propter
3400 3094 3626 3153 miseri-

1975 3194 2339 3249 cordiam:Et
2364 3208 2474 3262 ego
2500 3192 2691 3248 factus
2743 3207 2879 3245 sum
2931 3188 3319 3261 opprobrium
3372 3186 3505 3241 illis.
3556 3184 3618 3244 Ῡ.

1974 3285 2127 3339 Deus
2156 3280 2397 3339 laudem
2429 3298 2627 3337 meam
2651 3296 2724 3335 ne
2750 3279 3003 3336 tacueris
3029 3277 3347 3349 :quoniam
3383 3290 3451 3329 os
3489 3289 3623 3344 pec-

1973 3370 2210 3439 catoris,
2234 3376 2289 3426 et
2312 3387 2377 3426 os
2400 3369 2594 3425 dolosi
2622 3384 2800 3438 super
2826 3384 2922 3422 me
2962 3369 3233 3437 apertum
3264 3366 3367 3417 est.

2047 3462 2270 3516 Oratio.
2302 3458 2605 3528 Unigenite
2636 3456 2733 3511 Fili
2760 3456 2877 3526 Dei,
2918 3456 3087 3524 cujus
3117 3453 3177 3507 in
3198 3449 3426 3523 jejunio
3455 3447 3615 3504 inﬁr-

1972 3554 2136 3604 mata
2160 3552 2295 3603 sunt
2320 3562 2535 3616 genua;
2560 3545 2853 3616 cujusque
2876 3559 3016 3598 caro
3043 3542 3358 3596 immutata
3381 3542 3467 3593 est
3486 3552 3621 3610 pro-

1973 3641 2102 3710 pter
2126 3640 2324 3692 oleum
2354 3653 2364 3691 :
2390 3637 2482 3691 fac
2508 3651 2617 3690 nos
2648 3640 2787 3706 post
2812 3638 2865 3689 te
2923 3631 3240 3689 efﬁcaciter
3294 3644 3528 3685 currere
3559 3627 3623 3683 in

1973 3726 2223 3783 odorem
2253 3729 2730 3794 unguentorum;
2756 3727 2819 3779 ut
2842 3722 2948 3794 qui
2976 3722 3168 3777 factus
3195 3723 3284 3775 est
3318 3721 3379 3774 in
3404 3732 3621 3789 oppro-

1973 3815 2171 3871 brium
2196 3813 2456 3870 inimicis
2476 3814 2712 3879 nostris,
2744 3811 3020 3867 efﬁciaris
3040 3810 3300 3882 potentia
3321 3804 3617 3864 salutaris.

1974 3917 2038 3977 It».
2068 3908 2277 3960 Amen.

2044 3994 2393 4062 Antz‘phona
2416 3998 2465 4049 3.
2515 3994 2657 4063 Ego,
2706 3991 2974 4059 Domine,
3023 4005 3160 4045 cum
3199 3988 3341 4043 mihi
3391 3984 3626 4041 molesti

1975 4082 2526 4149 essent,induebam
2548 4097 2643 4137 me
2671 4081 2881 4138 cilicio.
2898 4082 2962 4135 Et
2988 4077 3379 4133 humiliabam
3395 4074 3622 4145 injeju-

1974 4172 2073 4227 nio
2099 4171 2368 4227 animam
2398 4186 2626 4225 meam:
2653 4174 2709 4224 et
2732 4168 2920 4225 oratio
2939 4184 3073 4223 mea
3099 4167 3159 4223 in
3178 4167 3312 4221 sinu
3329 4179 3464 4220 meo
3487 4178 3625 4219 con-

1976 4260 2331 4317 vertebatur.
2362 4259 2424 4321 v.
2460 4258 2621 4315 Sicut
2665 4258 3029 4329 proximum,
3094 4261 3149 4312 et
3196 4256 3345 4311 sicut
3382 4253 3626 4308 fratrem

1973 4349 2352 4412 nostrum,ita
2370 4346 2825 4418 complacebam
2852 4362 2864 4401 :
2896 4349 3204 4417 tamquam
3244 4343 3458 4413 lugens
3486 4356 3622 4396 con-

1973 4437 2255 4503 tristatus,
2283 4438 2366 4492 ita
2389 4435 2769 4491 humiliabar.
2802 4436 2935 4491 Non
2963 4434 3203 4489 dicatur
3228 4431 3449 4489 Gloria.

2046 4538 2109 4597 Ir.
2137 4525 2414 4581 Animam
2440 4540 2639 4579 meam
2661 4523 2940 4579 dilectam
2968 4522 3183 4579 tradidi
3221 4522 3283 4577 in
3336 4518 3619 4576 manibus

1974 4615 2343 4671 inimicorum
2374 4629 2667 4670 meorum.
2703 4613 2945 4669 Etfacta
2972 4616 3059 4667 est
3127 4611 3272 4666 mihi
3323 4607 3619 4664 hereditas

1972 4721 2107 4760 mea
2135 4710 2447 4776 tamquam
2468 4703 2559 4757 leo
2590 4702 2650 4757 in
2678 4701 2850 4759 silva:
2880 4700 3042 4757 dedit
3066 4704 3271 4756 contra
3305 4712 3400 4752 me
3413 4711 3621 4750 vocem

1973 4792 2364 4859 adversarius,
2394 4792 2625 4847 dicens:
2657 4788 3197 4861 Congregamini,et
3218 4787 3529 4858 properate
3545 4781 3621 4838 ad

1973 4881 2386 4938 devorandum
2414 4880 2581 4936 illum
2603 4877 3144 4953 :posueruntmein
3167 4875 3468 4930 desertum
3488 4872 3624 4929 soli-

1973 4970 2357 5026 tudinis.P.Et
2389 4970 2537 5024 luxit
2564 4984 2741 5041 super
2772 4984 2867 5023 me
2898 4965 3094 5022 omnis
3120 4967 3293 5029 terra,
3329 4963 3473 5035 quia
3503 4976 3625 5018 non

1973 5064 2058 5116 est
2086 5059 2496 5129 inventus,qui
2518 5073 2611 5111 me
2644 5059 3163 5127 cognosceretmec
3193 5054 3411 5110 faceret
3441 5052 3612 5107 bene.

1972 5148 2033 5209 ῒ.
2060 5150 2385 5203 Posuerunt
2412 5161 2505 5200 me
2527 5145 2587 5200 in
2636 5146 2771 5201 lacu
2793 5144 3060 5201 inferiori
3095 5144 3156 5200 in
3188 5141 3443 5200 tenebris
3475 5144 3531 5195 et
3568 5139 3629 5192 in

1970 5237 2184 5290 umbra
2212 5234 2441 5290 mortis.
2476 5235 2537 5288 P.
2574 5236 2634 5291 Et
2658 5234 2825 5291 luxit.
2854 5236 3193 5291 Reiteretm'
3230 5246 3299 5295 [ιι.

2039 5325 2266 5379 Preces.
2296 5327 2526 5378 Precem
2554 5324 2756 5396 populi
2790 5325 2892 5388 tui,
2935 5324 3202 5391 Domine,
3248 5317 3507 5375 attende.
3558 5316 3619 5370 P.

1967 5416 2225 5483 Etparcc
2250 5412 2507 5483 peccatis
2536 5413 2774 5477 nostris,
2808 5412 2951 5484 quia
3000 5413 3132 5480 pius
3173 5424 3251 5462 es.
3306 5406 3479 5478 34],
3545 5406 3610 5466 ἲν.

1966 5503 2203 5558 Creator
2232 5499 2430 5558 Mundi
2463 5500 2730 5567 Domine,
2757 5500 2861 5573 qui
2900 5497 3236 5569 aequitatem
3264 5494 3527 5567 judicas,
3561 5500 3619 5552 tu
