4094 6164
176 192 273 259 881

248 324 447 383 Lectio
479 321 625 381 libri
651 321 983 380 Malaclu'm
1018 324 1144 392 (III
1166 324 1391 396 Regum
1422 341 1553 395 cap.
1598 324 1759 393 xvn).

247 426 310 485 Ii.
345 416 466 469 Deo
498 410 741 481 gratias.

250 502 433 557 luillis
447 500 652 556 diebus
667 497 897 554 locutus
912 498 1286 555 estDominus
1300 501 1372 555 ad
1387 500 1595 555 Heliam
1607 496 1835 554 Thesbi-

180 596 314 655 tem,
330 589 540 645 dicens
558 603 568 641 :
586 587 808 642 Recede
823 586 982 652 hinc,
999 593 1055 644 et
1067 588 1219 645 vade
1232 594 1441 644 contra
1457 588 1764 653 orientem,
1780 589 1836 642 et

186 679 533 739 abscondere
546 676 602 731 in
621 680 863 732 torrente
880 677 1192 749 Carith,qui
1207 684 1288 733 est
1302 682 1503 733 contra
1516 676 1829 745 Jordanem,

187 775 242 827 et
257 768 427 842 355
445 765 526 822 ibi
543 765 903 831 de,torreute
933 766 1106 822 bibes
1128 787 1138 825 :
1163 767 1473 838 corvisque
1496 765 1751 837 prmcepi
1774 768 1837 820 ut

185 861 430 932 pascant
457 859 512 911 te
548 853 650 909 ibi.
707 854 866 910 Abiit
917 870 1080 925 ergo,
1115 858 1172 911 et
1214 855 1349 911 fecit
1370 855 1539 925 juxta
1583 853 1836 909 verbum

181 946 459 1003 Domini:
494 958 754 1015 cumque
786 942 1051 1013 abiisset,
1086 944 1234 1000 sedit
1264 943 1325 999 in
1345 947 1598 999 torrente
1616 941 1832 1013 Carith,

180 1036 279 1109 qui
297 1039 387 1090 est
402 1036 613 1089 contra
626 1031 962 1089 Jordauem.
986 1033 1155 1090 Corvi
1169 1048 1410 1106 quoque
1427 1032 1768 1087 deferebant
1785 1031 1836 1087 ei

179 1137 401 1198 panem
432 1126 490 1178 et
514 1136 728 1178 carnes
760 1137 957 1187 mane,
992 1121 1259 1177 similiter
1280 1137 1499 1193 panem
1549 1125 1605 1176 et
1626 1135 1836 1175 carnes

181 1213 431 1283 vesperi,
452 1213 511 1266 et
525 1209 773 1265 bibebat
798 1209 872 1266 de
898 1215 1173 1266 torrente.
1213 1212 1349 1266 Post
1368 1210 1494 1265 dies
1514 1214 1711 1264 autem
1733 1208 1837 1263 ali-

182 1305 442 1373 quantos
463 1299 718 1355 siccatus
736 1304 823 1355 est
844 1302 1074 1355 torrens
1105 1314 1117 1352 :
1150 1315 1274 1355 non
1300 1299 1459 1355 enim
1481 1298 1714 1370 pluerat
1740 1314 1837 1353 su-

180 1406 281 1462 per
298 1395 550 1445 terram.
584 1390 795 1444 Factus
821 1393 908 1444 est
930 1404 1071 1458 ergo
1093 1404 1289 1445 sermo
1311 1387 1549 1443 Domini
1573 1387 1652 1442 ad
1673 1403 1832 1455 eum,

183 1478 386 1535 dicens
416 1496 431 1530 :
466 1480 674 1547 Surge,
696 1476 919 1532 etvade
941 1476 1001 1533 in
1026 1480 1331 1549 Sareptam
1360 1476 1761 1540 Sidoniorum,
1783 1477 1838 1529 et

179 1567 456 1626 manebis
485 1566 570 1622 ibi
599 1584 613 1621 :
646 1565 903 1638 praecepi
932 1566 1093 1622 enim
1142 1566 1223 1622 ibi
1276 1565 1508 1621 mulieri
1536 1564 1734 1620 viduae
1772 1567 1837 1619 ut

1370 196 1721 256 DOMINICA
1759 182 1832 252 IN
1868 174 2087 257 RAMis
2123 202 2548 263 PALMARUM.

3491 216 3596 277 582

1864 323 1913 376 A
2013 326 2300 397 Hymnus.
2342 331 2537 387 Noctis
2563 333 2801 405 tempus
2825 333 2971 405 jam.
2999 339 3108 407 fol.
3143 342 3267 397 237.

2014 415 2316 485 Capitula.
2354 418 2508 473 Deus
2544 419 2643 475 Dei
2686 420 2804 487 Fili,
2853 423 2955 494 qui
2984 416 3235 495 diligens
3278 432 3501 499 oderis,
3543 435 3600 490 et

1943 519 2187 573 parcens
2203 506 2557 562 occidendus
2574 509 2879 581 impeteris,
2897 511 3025 566 dum
3042 514 3101 569 in
3116 522 3591 587 persecutoribus

1945 592 2083 657 tuis,
2108 594 2467 664 etbenignus
2494 599 2850 665 ostenderis,
2871 602 3588 677 etmisericorsinveniris;

1944 680 2023 735 da
2053 683 2246 748 nobis,
2278 690 2341 740 ut
2371 701 2475 756 per
2504 688 2800 758 passionis
2830 692 2943 745 tuae
2970 691 3237 757 vulnera,
3270 700 3473 754 nostra
3500 714 3596 754 ex-

1944 768 2180 840 pientur
2205 773 2420 829 delicta
2454 792 2465 829 :
2493 781 2577 841 ut,
2617 777 2718 849 qui
2750 777 2992 834 humilis
3021 797 3131 853 pro
3171 782 3347 838 nobis
3376 800 3594 856 passus

1944 874 2009 913 es
2027 865 2299 933 mortem,
2331 862 2624 933 gloriosus
2648 870 2932 924 aeternam
2960 869 3137 925 nobis
3168 871 3399 930 tribuas
3429 873 3595 931 clari-

1946 950 2151 1006 tatem.

2014 1038 2193 1094 Pater
2224 1044 2443 1097 noster.

2014 1125 2379 1183 Laudatimc
2402 1134 2488 1185 est
2505 1130 2807 1202 generatio
2830 1134 3229 1205 quaerentium
3249 1137 3595 1196 Dominumi

1943 1214 2375 1285 requirentium
2397 1217 2608 1273 faciem
2629 1220 2727 1275 Dei
2744 1221 2945 1276 Jacob.
2965 1221 3030 1282 i‘v’.
3055 1226 3287 1281 Domini
3307 1229 3393 1281 est
3415 1231 3591 1294 terra,

1946 1306 2000 1389 et
2027 1302 2335 1373 plenitudo
2360 1306 2490 1377 ejus
2521 1324 2533 1362 :
2564 1308 2726 1364 orbis
2762 1313 3075 1378 terrarum,
3110 1317 3166 1369 et
3189 1314 3450 1372 universi
3491 1334 3595 1389 qu,

1945 1388 2216 1447 habitant
2241 1394 2299 1447 in
2330 1410 2420 1449 co.

2021 1481 2244 1538 Oratio.
2284 1484 2484 1539 Educa
2525 1486 2771 1542 Domine
2798 1504 2977 1559 super
3006 1505 3231 1562 aquam
3262 1491 3597 1549 refectionis

1945 1568 2205 1639 plebem,
2224 1587 2409 1643 quam
2429 1572 2701 1631 formasti
2720 1592 2826 1648 per
2843 1593 3067 1650 aquam
3090 1579 3471 1652 baptismatis
3494 1599 3511 1635 :
3534 1584 3598 1638 ut

180 1662 388 1732 pascat
418 1661 498 1712 te.
532 1656 815 1724 Surrexit,
846 1660 901 1711 et
928 1655 1076 1712 abiit
1101 1656 1161 1711 in
1209 1657 1520 1726 Sareptam
1567 1654 1833 1711 Sidonio-
1865 1674 1909 1729 Β
1942 1656 2235 1727 legalibus
2265 1659 2896 1734 inebriatajdoctrinis,
2929 1666 3066 1722 illuc
3094 1672 3357 1724 nostrum
3405 1670 3599 1741 rapiat

178 1762 336 1803 rum.
355 1746 631 1817 Cumque
650 1743 913 1799 venisset
929 1743 1008 1799 ad
1023 1748 1252 1815 portam
1270 1742 1547 1805 civitatis,
1569 1743 1836 1814 apparuit

185 1834 235 1893 ei
267 1834 482 1891 mulier
503 1833 688 1889 vidua
718 1831 1002 1902 colligens
1030 1832 1211 1903 ligna,
1246 1835 1303 1888 et
1320 1832 1553 1888 vocavit
1573 1848 1729 1897 eam,
1749 1831 1837 1887 di-

180 1924 385 1997 xitque
401 1923 483 1979 ei:
510 1921 599 1978 Da
614 1922 753 1977 mihi
766 1921 1071 1994 paululum
1088 1937 1262 1993 aquae
1279 1922 1341 1977 in
1354 1936 1515 1988 vase,
1536 1926 1601 1977 ut
1614 1920 1833 1977 bibam.

182 2015 451 2084 Cumque
477 2011 580 2068 illa
608 2014 959 2082 pergeretut
982 2010 1240 2077 afferret,
1266 2009 1549 2065 clamavit
1572 2015 1709 2081 post
1730 2013 1838 2065 ter-

176 2117 318 2173 gum
338 2100 494 2171 ejus,
511 2100 719 2155 diceus
744 2116 760 2153 :
783 2098 938 2154 Affer
956 2098 1122 2164 mihi,
1142 2098 1413 2167 obsecro,
1433 2102 1489 2153 et
1504 2097 1837 2155 buccellam

176 2190 352 2262 panis
376 2190 440 2244 in
458 2204 648 2244 manu
667 2192 789 2244 tua.
821 2189 958 2254 Quae
985 2186 1299 2259 respondit
1326 2206 1338 2246 :
1378 2187 1530 2242 Vivit
1553 2186 1838 2242 Dominus

175 2279 333 2335 Deus
366 2282 535 2348 tuus,
567 2277 709 2349 quia
746 2292 868 2333 non
890 2276 1089 2331 habeo
1127 2291 1371 2349 panem,
1398 2274 1513 2330 uisi
1543 2279 1838 2347 quantum

172 2368 450 2443 pugillus
468 2384 676 2440 capere
693 2372 887 2440 potest
903 2366 1106 2422 farinae
1120 2366 1179 2421 in
1196 2366 1431 2438 hydria,
1453 2370 1508 2422 et
1524 2365 1835 2438 paululum

171 2460 280 2517 olei
296 2460 360 2515 in
374 2458 737 2531 lecythozen
764 2456 978 2527 colligo
1004 2456 1120 2512 duo
1150 2456 1331 2528 ligna,
1358 2459 1420 2511 ut
1451 2455 1753 2527 ingrediar
1782 2459 1838 2511 et

170 2548 400 2606 faciam
437 2547 587 2603 illud
624 2546 769 2603 mihi
801 2551 857 2603 et
885 2545 1006 2602 ﬁlio
1044 2562 1200 2611 meo,
1234 2550 1297 2601 ut
1322 2546 1731 2611 comedamus,
1780 2548 1837 2601 et

166 2638 533 2695 moriamur.
568 2636 654 2692 Ad
686 2653 872 2709 quam
912 2635 1103 2691 Helias
1129 2635 1211 2691 ait
1242 2651 1255 2689 ε
1289 2635 1417 2691 Noli
1446 2634 1672 2697 timere,
1729 2632 1837 2689 sed

165 2726 344 2791 vade,
373 2732 433 2782 et
454 2726 571 2795 fac,
590 2725 743 2781 sicut
758 2724 949 2781 dixisti
976 2743 988 2780 :
1011 2728 1410 2781 verumtamen
1430 2723 1577 2778 mihi
1599 2723 1835 2795 primum

166 2817 265 2875 fac
280 2819 355 2874 de
375 2820 514 2889 ipsa
530 2814 790 2873 farinula
808 2814 1256 2871 subcinericium
1274 2830 1484 2888 panem
1505 2813 1835 2885 parvulum,

169 2910 226 2963 et
259 2904 412 2961 aﬂ‘er
436 2904 513 2960 ad
538 2920 634 2959 me
667 2920 681 2959 :
709 2903 811 2959 tibi
837 2908 1035 2959 autem
1058 2902 1249 2959 etﬁlio
1272 2908 1373 2959 tuo
1402 2902 1581 2958 facies
1609 2906 1835 2975 postea.

1945 1746 2326 1815 desiderium,
2379 1750 2480 1804 ubi
2511 1755 2564 1806 te
2605 1752 2748 1808 dare
2792 1759 3081 1811 aeternum
3123 1756 3419 1828 promittis
3448 1772 3599 1831 prae-

1944 1836 2134 1891 mium
2168 1839 2499 1894 Beatorum.
2532 1850 2597 1909 13,.
2632 1842 2843 1900 Amen.

2560 1930 2657 1984 Ad
2690 1932 2967 1989 Tertiam.

2211 2016 2612 2075 Ecclesiastici
2639 2020 2974 2077 Salomonis
2999 2021 3171 2093 (Cap.
3197 2023 3322 2096 xv).

2020 2114 2082 2173 Βι.
2117 2104 2237 2159 Deo
2260 2106 2498 2176 gratias.

2019 2191 2139 2263 Fili,
2160 2193 2347 2249 multa
2364 2200 2450 2251 est
2475 2196 2770 2269 sapientia
2800 2201 2938 2268 Deo,
2959 2202 3013 2255 et
3035 2198 3199 2255 fortis
3224 2200 3285 2256 in
3306 2203 3594 2273 potentia,

1946 2278 2154 2335 videns
2186 2298 2397 2338 omnes
2430 2286 2554 2341 sine
2585 2285 3045 2344 intermissione.
3081 2289 3244 2345 Oculi
3264 2291 3496 2347 Domini
3516 2289 3597 2347 ad

1946 2368 2220 2425 timentes
2252 2387 2409 2437 eum,
2434 2376 2489 2428 et
2513 2373 2640 2445 ipse
2663 2376 2931 2447 agnoscit
2954 2392 3198 2434 omnem
3215 2394 3462 2452 operam
3491 2379 3597 2435 ho-

1946 2458 2143 2513 minis.
2164 2461 2454 2516 Attendite
2469 2462 2547 2517 ab
2568 2463 2811 2519 homine
2832 2465 3060 2537 iniquo,
3082 2472 3136 2522 et
3154 2483 3189 2522 a
3205 2468 3482 2539 proximo
3496 2483 3593 2526 ca-

1945 2562 2030 2600 ve.
2058 2546 2231 2616 (Cap.
2247 2550 2405 2620 xvu.)
2429 2550 2545 2605 Viae
2568 2567 2776 2607 eorum
2800 2569 3003 2608 coram
3025 2554 3157 2626 ipso
3178 2559 3318 2611 sunt
3338 2571 3594 2627 semper,

1944 2649 2066 2689 non
2086 2640 2225 2690 sunt
2242 2637 2613 2694 absconditae
2632 2640 2708 2695 ab
2722 2640 2910 2695 oculis
2922 2641 3123 2712 ipsius.
3140 2645 3202 2696 In
3216 2658 3599 2715 unamquam-

1945 2738 2061 2795 que
2085 2728 2320 2793 gentem
2340 2727 2665 2798 preeposuit
2688 2735 2973 2784 rectorem
3002 2745 3014 2783 :
3044 2735 3100 2785 et
3119 2746 3259 2802 pars
3286 2732 3389 2786 Dei
3414 2732 3596 2787 Israel

1945 2812 2100 2869 facta
2129 2816 2219 2868 est
2234 2814 2568 2872 manifesta.
2594 2819 2660 2872 Et
2676 2818 2879 2872 omnia
2896 2833 3081 2889 opera
3104 2834 3311 2874 eorum
3331 2818 3484 2875 sicut
3506 2819 3598 2875 sol

1948 2900 2008 2957 in
2040 2907 2361 2975 conspectu
2394 2904 2493 2960 Dei
2523 2922 2535 2959 :
2571 2909 2625 2961 et
2654 2905 2807 2961 oculi
2839 2907 2969 2977 ejus
3001 2907 3127 2963 sine
3157 2906 3596 2965 intermissione

168 2997 311 3052 Haec
345 2998 553 3050 autem
583 2992 725 3049 dicit
754 2991 1046 3047 Dominus
1077 2993 1231 3048 Deus
1262 2992 1438 3047 Israel
1469 3008 1480 3045 :
1509 2990 1732 3063 Hydria
1752 2990 1839 3047 fa-
1872 3021 1914 3078 ρ
1950 2988 2331 3063 inspicientes
2354 2994 2413 3048 in
2433 2993 2540 3049 viis
2558 3011 2786 3051 eorum.
2807 2997 2933 3051 Non
2955 3002 3092 3052 sunt
3108 2995 3463 3053 abscondita
3486 3000 3597 3054 tes-

168 3085 325 3141 rinre
343 3098 469 3139 nou
491 3081 741 3147 deﬁciet,
762 3096 871 3136 nec
892 3080 1162 3153 lecythus
1184 3081 1295 3137 olei
1327 3080 1628 3136 minuetur
1653 3096 1842 3152 usque

169 3174 237 3230 in
264 3173 434 3229 diem
466 3172 526 3227 in
545 3187 669 3243 qua
687 3169 974 3226 Dominus
995 3170 1244 3226 daturus
1271 3170 1637 3242 estpluviam
1665 3186 1843 3242 super

170 3262 401 3318 faciem
435 3264 627 3316 terras.
663 3262 806 3325 Qua:
833 3257 996 3322 abiit,
1017 3264 1074 3315 et
1095 3258 1231 3315 fecit
1257 3259 1428 3330 juxta
1454 3259 1709 3315 verbum
1736 3262 1841 3313 He-

170 3352 268 3409 liae
299 3368 315 3407 :
350 3354 409 3406 et
441 3349 699 3405 comedit
724 3348 867 3420 ipse,
898 3353 953 3404 et
982 3347 1100 3415 illa,
1136 3352 1193 3403 et
1221 3348 1439 3403 domus
1470 3348 1599 3419 ejus
1633 3364 1643 3402 :
1688 3352 1743 3403 et
1772 3364 1844 3404 ex

170 3442 277 3498 illa
306 3440 405 3496 die
431 3439 651 3512 hydria
682 3440 887 3494 farina).
917 3454 1039 3494 non
1065 3437 1296 3504 defecit,
1340 3442 1395 3493 et
1417 3437 1684 3509 lecythus
1731 3436 1845 3493 olei

172 3547 301 3588 non
322 3534 413 3586 est
432 3529 972 3599 imminutusjuxta
984 3527 1224 3583 verbum
1245 3528 1488 3591 Domini,
1505 3528 1669 3600 quod
1686 3527 1844 3583 locu-

170 3625 274 3677 tus
316 3619 519 3675 fuerat
556 3617 619 3672 in
646 3633 828 3673 manu
868 3616 1061 3672 Helice.
1093 3617 1336 3672 Factum
1364 3623 1448 3671 est
1478 3622 1678 3672 autem
1706 3620 1845 3688 post

170 3709 366 3766 verba
382 3706 852 3776 heec,zegrotavit
868 3704 1025 3761 ﬁlius
1044 3704 1308 3760 mulieris
1330 3706 1534 3761 matris
1554 3705 1841 3774 familias,

174 3804 232 3856 et
256 3805 387 3855 erat
412 3798 670 3867 languor
696 3796 1077 3865 fortissimus,
1108 3795 1189 3850 ita
1207 3799 1411 3851 utnon
1433 3801 1765 3850 remaneret
1785 3796 1846 3849 in

175 3905 250 3945 eo
274 3886 525 3945 halitus.
550 3886 704 3941 Dixit
735 3900 876 3954 ergo
904 3883 984 3940 ad
1006 3883 1230 3940 Heliam
1264 3900 1277 3936 :
1308 3884 1461 3949 Quid
1488 3884 1631 3938 mihi
1664 3888 1720 3938 et
1741 3882 1845 3939 tibi

170 3978 272 4034 vir
299 3974 459 4032 Dei?
488 3976 795 4047 ingressus
831 3990 892 4029 es
922 3974 998 4029 ad
1043 3989 1160 4029 me.
1196 3978 1261 4029 ut
1307 3975 1849 4029 rememorareutur

174 4065 534 4138 iniquitates
553 4081 726 4135 mete,
748 4070 803 4120 et
820 4062 1180 4119 interﬁceres
1202 4062 1391 4117 ﬁlium
1408 4079 1610 4117 meum
1629 4062 1656 4116 ?
1682 4065 1747 4118 Et
1770 4062 1850 4118 ait

188 4155 275 4209 ad
299 4162 437 4209 eam
466 4154 670 4209 Helias.
699 4155 785 4208 Da
812 4152 958 4207 mihi
986 4152 1173 4207 ﬁlium
1195 4156 1393 4210 tuum.
1418 4150 1687 4223 Tulitque
1710 4167 1849 4207 eum

179 4239 267 4298 de
300 4241 439 4297 sinu
456 4242 597 4313 ejus,
619 4248 675 4298 et
691 4243 949 4315 portavit
967 4240 1027 4296 iu
1046 4239 1423 4297 cuenaculum
1453 4240 1554 4295 ubi
1574 4240 1702 4312 ipse
1725 4256 1847 4297 ma-

169 4331 400 4397 nebat,
433 4335 489 4387 et
508 4331 701 4403 posuit
728 4346 901 4401 super
921 4329 1352 4385 lectumsuum.
1386 4328 1741 4385 Etclamavit
1772 4328 1850 4384 ad

167 4420 535 4484 Dominum,
554 4424 610 4475 et
632 4419 779 4474 dixit
807 4438 818 4477 :
850 4418 1099 4474 Domine
1113 4418 1266 4473 Deus
1281 4433 1469 4482 meus,
1486 4417 1745 4473 etiamne
1761 4416 1849 4473 vi-

167 4509 390 4576 duam,
411 4508 576 4582 apud
590 4525 763 4581 quam
788 4523 899 4580 ego
921 4512 1237 4579 utcumque
1255 4511 1569 4572 sustentor,
1585 4506 1847 4562 afﬂixisti

163 4604 242 4657 ut
272 4598 647 4655 interﬁceres
675 4596 867 4653 ﬁlium
897 4596 1028 4667 ejus
1053 4594 1082 4649 ?
1132 4600 1195 4651 Et
1240 4595 1524 4667 expandit
1550 4612 1631 4663 se,
1669 4601 1848 4669 atque

162 4706 317 4747 men
327 4705 437 4744 sus
455 4692 547 4744 est
569 4703 749 4760 super
765 4702 1020 4760 puerum
1040 4684 1229 4741 tribus
1241 4684 1489 4752 vicibus,
1507 4691 1561 4741 et
1574 4685 1851 4742 clamavit

164 4779 253 4836 ad
274 4778 630 4843 Dominum,
652 4780 707 4832 et
719 4775 799 4831 ait
826 4792 839 4830 :
860 4774 1105 4830 Domine
1123 4773 1277 4829 Deus
1291 4790 1482 4841 meus,
1499 4779 1849 4847 revertatur,

163 4866 466 4935 obsecro,
487 4866 690 4921 anima
706 4863 875 4937 pueri
886 4862 1067 4935 hujus
1091 4862 1150 4917 iu
1170 4862 1402 4918 viscera
1418 4863 1565 4934 ejus.
1586 4864 1650 4919 Et
1672 4879 1850 4919 exau-

165 4956 329 5013 divit
362 4953 662 5012 Dominus
689 4969 891 5010 vocem
920 4952 1097 5008 Helias
1128 4968 1139 5006 :
1168 4955 1222 5007 et
1268 4968 1507 5008 reversa
1532 4956 1618 5007 est
1648 4953 1853 5008 anima

163 5046 356 5119 pueri
382 5044 544 5101 intra
564 5059 724 5108 eum,
746 5048 802 5098 et
821 5041 1052 5098 revixit.
1069 5040 1335 5114 Tulitque
1360 5040 1549 5096 Helias
1572 5056 1847 5113 puerum,

163 5141 227 5191 et
247 5133 542 5208 deposuit
562 5148 698 5187 eum
717 5132 791 5189 de
810 5129 1119 5186 ccenaculo
1138 5129 1199 5185 in
1220 5129 1557 5185 inferiorem
1575 5129 1847 5196 domum,

164 5228 227 5280 et
258 5221 519 5282 tradidit
542 5220 720 5277 matri
743 5224 961 5285 suaa,et
985 5219 1066 5275 ait
1086 5218 1168 5275 illi
1202 5236 1213 5271 :
1245 5221 1328 5274 En
1354 5217 1667 5275 vivitﬁlius
1690 5224 1848 5275 tuus.

166 5314 467 5387 Dixitque
498 5310 714 5368 mulier
740 5310 817 5366 ad
846 5309 1069 5365 Heliam
1098 5325 1114 5363 :
1143 5311 1308 5364 Nunc
1338 5308 1401 5364 in
1430 5310 1541 5365 isto
1572 5310 1846 5381 cognovi,

163 5404 481 5476 quoniam
505 5402 595 5458 vir
623 5399 722 5456 Dei
739 5415 803 5457 es
828 5404 913 5465 tu,
942 5396 1262 5457 etverbum
1283 5398 1519 5457 Domini
1534 5400 1596 5457 in
1625 5415 1726 5457 ore
1748 5403 1850 5457 tuo

162 5507 390 5552 verum
425 5495 538 5552 est.
576 5501 649 5566 It.
698 5492 905 5548 Amen.

1951 3083 2215 3138 tamenta
2226 3099 2329 3155 per
2342 3082 2713 3156 iniquitatem
2726 3101 2955 3153 eorum,
2970 3089 3025 3142 et
3037 3102 3246 3142 omnes
3259 3086 3600 3159 iniquitates

1953 3186 2150 3227 eorum
2173 3173 2232 3227 in
2264 3178 2587 3245 conspectu
2616 3173 2739 3229 Dei.
2773 3175 3168 3247 Eleemosyna
3196 3176 3301 3230 viri
3327 3176 3501 3247 quasi
3524 3175 3599 3230 si-

1954 3260 2567 3333 gnaculuminipso,et
2583 3262 2835 3331 gratiam
2851 3264 3287 3335 hominisquasi
3313 3262 3597 3335 pupillam

1954 3349 2332 3406 coucervabit
2363 3365 2374 3405 :
2405 3355 2460 3406 et
2513 3355 2724 3422 postea
2752 3355 3036 3421 resurget,
3091 3355 3147 3406 et
3176 3350 3458 3405 retribuet
3487 3350 3601 3406 illis

1952 3439 2836 3511 retributionem,unicuiquein
2859 3443 3039 3510 caput
3072 3438 3330 3504 illorum,
3347 3438 3525 3511 346
3548 3442 3604 3495 et

1953 3533 2249 3584 convertet
2260 3528 2559 3583 inferiores
2574 3538 2770 3600 partes
2782 3533 2970 3584 terrae.
2989 3527 3401 3585 Paenitentibus
3416 3534 3606 3585 autem

1953 3616 2117 3672 dedit
2135 3616 2295 3672 viam
2307 3617 2325 3686 j
2338 3616 2569 3681 ustitize,
2592 3621 2646 3672 et
2661 3617 3418 3673 corroboravitdeﬁcieutes
3434 3616 3608 3673 susti-

1952 3721 2112 3769 nere,
2142 3710 2197 3759 et
2216 3704 2532 3760 destinavit
2560 3710 2780 3761 sortem
2809 3705 3089 3762 veritatis.
3146 3708 3496 3762 Convertere
3526 3706 3607 3762 ad

1957 3794 2297 3861 Dominum,
2324 3794 2658 3865 etreliuque
2679 3799 2925 3866 peccata
2941 3798 3041 3851 tua
3067 3812 3077 3849 :
3107 3799 3268 3851 etsta
3298 3792 3360 3851 in
3381 3798 3605 3851 sortem

1956 3882 2392 3955 praepositionis
2418 3888 2472 3937 et
2502 3884 2786 3939 orationis
2813 3882 3086 3939 altissimi
3112 3882 3235 3939 Dei.
3268 3896 3330 3955 Βι.
3386 3886 3600 3940 Amen.

1956 3973 2147 4028 Lectio
2178 3971 2497 4029 Hieremice
2527 3971 2859 4043 Prophetce.
2887 3973 3257 4030 Threnorum
3291 3972 3457 4045 (Cap.
3480 3974 3594 4045 ιιι).

2029 4072 2093 4131 Ba.
2136 4061 2257 4116 Deo
2288 4062 2525 4132 gratias.

2030 4152 2150 4220 Ego
2169 4150 2256 4205 vir
2282 4149 2493 4205 videns
2513 4154 2931 4223 paupertatem
2962 4166 3180 4221 meam,
3197 4154 3253 4207 et
3268 4149 3438 4221 virga
3457 4148 3609 4206 indi-

1959 4240 2256 4311 gnationis
2285 4241 2433 4311 ejus.
2469 4243 2550 4296 Me
2581 4240 2853 4308 minavit,
2881 4244 2938 4297 et
2956 4241 3207 4297 adduxit
3230 4241 3290 4296 in
3321 4240 3607 4309 tenebris,

1958 4333 2156 4384 etnon
2182 4330 2241 4383 in
2256 4328 2472 4384 lucem.
2499 4331 2753 4385 Tantum
2776 4330 2836 4385 in
2854 4346 2949 4386 me
2972 4329 3142 4386 vertit
3158 4346 3410 4388 manum
3434 4345 3611 4385 suam

1956 4420 2081 4474 tota
2108 4417 2221 4472 die.
2255 4419 2560 4474 Vetustam
2589 4417 2724 4475 fecit
2749 4418 2965 4491 pellem
3009 4435 3232 4490 meam,
3266 4425 3324 4476 et
3368 4434 3611 4477 carnem

1958 4523 2178 4575 meam,
2208 4506 2480 4563 contrivit
2500 4522 2636 4563 ossa
2658 4524 2812 4564 mea.
2842 4507 3175 4565 Aidiﬁcavit
3198 4508 3257 4563 in
3276 4523 3423 4581 gyro
3452 4521 3609 4574 meo,

1959 4602 2015 4651 et
2062 4596 2450 4653 circumdedit
2486 4612 2581 4652 me
2620 4596 2771 4663 felle,
2823 4600 2878 4652 et
2916 4597 3140 4653 labore.
3184 4601 3248 4652 In
3278 4592 3608 4652 tenebrosis

1959 4685 2286 4741 conlocavit
2302 4700 2419 4750 me,
2433 4687 2608 4758 quasi
2624 4689 2891 4742 mortuos
2910 4686 3325 4759 sempiternos.
3351 4682 3609 4738 Circum-

1958 4773 2274 4830 eediﬁcavit
2286 4774 2610 4831 adversum
2626 4791 2743 4845 me,
2766 4779 2966 4831 utnon
2983 4775 3253 4845 egrediar
3277 4791 3289 4828 :
3316 4786 3608 4843 aggrava-

1956 4862 2041 4919 vit
2061 4863 2417 4936 compedem
2433 4879 2657 4920 meum.
2675 4863 2788 4920 Sed
2801 4866 3006 4920 etcum
3020 4863 3378 4930 clamavero,
3393 4864 3452 4917 et
3479 4876 3611 4918 ora-

1957 4969 2117 5020 vero,
2139 4953 2720 5010 exclusitorationem
2749 4970 2968 5010 meam.
2987 4952 3428 5010 Conclusitvias
3441 4968 3612 5009 meas

1958 5040 2251 5115 lapidibus
2265 5043 2526 5116 quadris,
2544 5044 2777 5100 semitas
2793 5042 3105 5100 subvertit.
3132 5045 3305 5099 Ursus
3320 5041 3612 5099 insidians

1960 5131 2155 5187 factus
2182 5137 2268 5187 est
2306 5131 2473 5199 mihi,
2504 5130 2597 5187 leo
2629 5131 2689 5188 in
2735 5132 3111 5191 abscondito.
3146 5133 3395 5190 Semitas
3442 5144 3613 5185 meas

1961 5220 2263 5283 subvertit,
2298 5226 2354 5276 et
2384 5220 2675 5293 confregit
2703 5239 2799 5278 me
2834 5238 2844 5277 :
2874 5223 3072 5295 posuit
3111 5238 3207 5279 me
3257 5220 3611 5275 desolatam.

1960 5308 2225 5365 Tetendit
2254 5325 2461 5365 arcum
2493 5326 2689 5379 suum,
2719 5316 2775 5367 et
2801 5312 2998 5385 posuit
3030 5326 3123 5366 me
3171 5308 3342 5382 quasi
3374 5308 3617 5377 signum

1962 5397 2042 5454 ad
2100 5398 2375 5470 sagittam
2405 5417 2417 5459 :
2447 5399 2608 5457 misit
2662 5400 2724 5457 iu
2771 5400 3016 5458 renibus
3061 5398 3209 5453 meis
3254 5395 3407 5453 ﬁlias
3455 5393 3615 5467 pha-

1960 5492 2132 5547 retrae
2158 5505 2300 5547 suae.
2334 5491 2547 5549 Factus
2587 5507 2721 5548 sum
2753 5490 2812 5548 in
2865 5489 3131 5547 derisum
3165 5483 3331 5545 omni
3383 5483 3614 5562 populo
