4094 6164
516 165 624 222 583

1765 147 2218 207 BREVIARIUM
2257 147 2643 208 GOTHICUM.
3745 167 3817 229 δε(

521 302 682 356 meo,
705 283 1012 343 canticum
1039 292 1249 338 eorum
1265 279 1386 336 tota
1409 275 1523 334 die.
1552 276 1815 349 Replevit
1833 291 1929 332 me
1960 274 2173 332 amari-
2204 275 2252 330 A
2280 274 2342 334 v.
2359 274 2692 332 Sessionem
2707 285 2911 328 eorum
2926 273 2983 328 et
2999 270 3484 329 resurrectionem
3506 290 3680 338 eorum
3698 287 3798 347 vide

522 373 857 439 tudinibus,
872 369 1187 428 inebriavit
1202 382 1298 424 me
1312 364 1962 439 absynthio.Confregit
1977 363 2053 420 ad
2067 379 2174 419 nu-

519 479 758 521 merum
788 463 995 518 dentes
1025 473 1211 522 meos,
1241 454 1463 512 cibavit
1483 469 1578 511 me
1608 454 1822 511 cinere.
1849 453 2174 509 Venatione

526 555 919 627 ceperuntme
936 547 1112 621 quasi
1125 560 1290 603 avem
1302 543 1525 600 inimici
1539 543 1654 599 mei
1667 542 1868 613 gratis.
1885 544 2076 613 Lapsa
2087 544 2174 596 est

520 643 579 699 in
599 642 797 698 lacum
815 637 940 694 vita
957 651 1112 702 mea,
1143 639 1201 690 et
1219 635 1554 706 posuerunt
1571 631 1832 703 lapidem
1859 645 2039 703 super
2053 644 2170 684 me.

528 728 976 786 Inundaverunt
1013 738 1188 796 aquae
1223 737 1404 794 super
1432 725 1614 792 caput
1641 735 1844 775 meum
1875 723 1968 774 :et
1991 717 2116 773 dixi
2157 733 2168 770 :

526 817 698 874 Perii.
715 813 997 871 Invocavi
1007 826 1228 869 nomen
1241 814 1410 866 tuum
1427 807 1674 864 Domine
1686 807 1759 863 de
1772 806 1912 864 lacis
1923 804 2176 862 novissi-

526 905 664 962 mis.
695 907 913 961 Vocem
941 916 1140 957 meam
1171 897 1390 956 audisti
1418 912 1493 954 ne
1511 900 1750 953 avertas
1780 911 1985 952 aurem
2008 898 2173 951 tuam

523 1010 560 1051 a
574 992 836 1065 singultu
848 1006 986 1046 meo
1000 986 1363 1059 gravissimo
1378 984 1832 1042 etclamoribus.
1845 983 2173 1056 Appropin-

517 1081 716 1154 quasti
738 1081 801 1136 in
826 1079 942 1144 die,
970 1093 1094 1150 qua
1122 1080 1176 1133 te
1202 1075 1476 1132 invocavi
1511 1093 1522 1130 :
1557 1073 1755 1130 dixisti
1785 1090 1796 1130 :
1834 1076 1913 1129 Ne
1937 1072 2169 1129 timeas-

514 1167 803 1225 Judicasti
836 1166 1084 1223 Domine
1113 1180 1365 1221 causam
1384 1163 1603 1220 anima:
1634 1179 1800 1227 mese,
1826 1161 2174 1232 redemptor

521 1258 658 1315 vitae
679 1273 848 1314 meae.
881 1255 1085 1311 Vidisti
1112 1254 1359 1310 Domine
1381 1251 1723 1325 iniquitates
1737 1267 1942 1307 eorum
1967 1250 2174 1307 adver-

523 1364 651 1403 sum
681 1362 768 1402 me
795 1364 810 1404 :
839 1344 1044 1416 judica
1056 1343 1340 1415 judicium
1361 1357 1570 1398 meum.
1595 1340 1824 1396 Audisti
1843 1337 2173 1412 obprobria

522 1451 721 1492 eorum
735 1433 994 1500 Domine,
1015 1447 1214 1488 omnes
1233 1430 1622 1501 cogitationes
1635 1446 1837 1486 eorum
1859 1428 2174 1484 adversum

524 1541 613 1580 me
635 1541 648 1589 ;
670 1522 1268 1591 labiainsurgentium
1280 1518 1441 1584 mihi,
1463 1524 1517 1574 et
1537 1517 1941 1574 meditationes
1973 1531 2171 1572 eorum

519 1612 841 1668 adversum
872 1626 968 1665 me
989 1613 1111 1665 tota
1136 1609 1249 1664 die.
1282 1607 1619 1664 Sessionem
1642 1621 1872 1671 eorum,
1891 1609 1948 1660 et
1975 1618 2171 1660 resur—
2200 1627 2243 1681 Β

519 1699 843 1755 rectionem
873 1713 1082 1754 eorum
1107 1696 1275 1767 vide;
1306 1710 1416 1764 ego
1444 1711 1578 1750 sum
1618 1693 1889 1765 psalmus
1939 1708 2168 1749 eorum.

517 1786 721 1843 Redde
738 1786 821 1842 eis
840 1785 1030 1842 vicem
1043 1783 1293 1840 Domine
1317 1786 1492 1854 juxta
1513 1797 1696 1854 opera
1719 1797 2011 1838 manuum
2037 1797 2172 1836 sua-

518 1889 676 1930 rum.
705 1873 887 1929 Dabis
912 1873 996 1928 eis
1018 1877 1254 1928 scutum
1276 1871 1471 1926 cordis
1493 1869 1760 1926 laborem
1774 1872 1964 1925 tuum.
1996 1867 2165 1938 (Cap.

518 1961 980 2033 Iv.)Velociores
1020 1960 1259 2016 fuerunt
1281 1963 1689 2033 persecutores
1727 1957 1912 2014 nostri
1952 1956 2171 2029 aquilis

517 2051 650 2107 coeli
686 2068 699 2106 :
735 2063 912 2123 snper
937 2054 1172 2106 montes
1201 2049 1497 2122 persecuti
1526 2053 1664 2103 sunt
1691 2063 1824 2114 nos,
1847 2047 1908 2102 in
1934 2047 2169 2103 deserto

516 2137 784 2194 insidiati
816 2142 956 2194 sum
983 2137 1178 2193 nobis.
1213 2136 1465 2208 Spiritus
1510 2137 1629 2192 oris
1673 2136 1859 2192 nostri
1908 2135 2170 2192 Christus

517 2225 797 2283 Dominus
818 2230 1024 2297 captus
1044 2225 1204 2281 estin
1217 2225 1470 2296 peccatis
1486 2224 1702 2280 nostris
1723 2241 1736 2279 :
1766 2223 1860 2280 cui
1877 2223 2123 2279 diximus
2151 2240 2164 2278 :

520 2315 585 2371 In
609 2314 831 2370 umbra
859 2319 962 2370 tua
1000 2315 1272 2370 vivemus
1302 2313 1363 2368 in
1393 2312 1684 2384 gentibus.
1721 2323 1790 2383 13;.
1839 2315 2051 2368 Amen.

587 2403 934 2472 Antiphona
966 2407 1014 2459 1.
1042 2401 1255 2459 Libera
1277 2417 1392 2468 me,
1423 2400 1691 2468 Domine,
1717 2400 1791 2456 de
1817 2415 1918 2456 ore
1939 2400 2164 2457 leonis:

518 2496 576 2549 et
604 2491 679 2549 de
701 2507 888 2549 manu
914 2493 1078 2547 canis
1100 2491 1257 2562 eripe
1284 2490 1549 2547 animam
1579 2506 1804 2546 meam.
1837 2491 1905 2546 Ut
1927 2505 2168 2546 narrem

518 2594 744 2637 nomen
767 2585 936 2636 tuum
954 2578 1237 2636 fratribus
1256 2579 1431 2635 meis:
1453 2579 1512 2634 in
1535 2579 1732 2635 medio
1751 2578 2025 2634 Ecclesiae
2040 2577 2168 2635 lau-

522 2670 684 2727 dabo
713 2674 788 2734 te,
816 2668 1066 2726 Domine
1121 2671 1274 2724 Deus
1303 2684 1496 2724 meus.
1542 2667 1606 2729 it.
1654 2669 1824 2740 Eripe
1851 2684 1888 2724 a
1941 2667 2170 2724 framea

519 2756 790 2815 animam
809 2774 1009 2814 meam
1045 2777 1056 2816 :
1094 2761 1147 2813 et
1179 2758 1252 2813 de
1283 2773 1469 2813 manu
1493 2756 1661 2813 canis
1685 2758 1927 2813 unicam
1944 2772 2163 2814 meam.

589 2847 812 2904 Oratio.
838 2846 1046 2903 Libera
1066 2861 1176 2902 nos
1203 2844 1453 2902 Domine
1479 2845 1554 2902 de
1577 2861 1678 2902 ore
1695 2845 1886 2902 leonis
1913 2863 1926 2911 ;
1959 2846 2060 2918 qui
2079 2845 2164 2902 in-

509 2934 735 3007 juriam
761 2950 1081 3007 perpessus
1114 2951 1176 2989 es
1203 2935 1396 2989 crucis
1424 2951 1437 2998 ;
1462 2939 1526 2990 ut
1555 2935 1617 2990 in
1646 2933 1845 2991 medio
1895 2933 2166 2991 Ecclesiae.

517 3029 570 3080 te
598 3023 934 3089 laudantes,
958 3038 1273 3079 narremus
1293 3038 1516 3078 nomen
1535 3026 1706 3078 tuum
1728 3022 2009 3079 fratribus
2029 3039 2167 3080 nos-

513 3111 618 3168 tris
649 3130 660 3167 :
695 3111 798 3184 qui
825 3110 990 3167 solus
1011 3112 1197 3168 victor
1223 3111 1410 3167 factus
1437 3127 1499 3166 es
1530 3111 1759 3166 mortis.
1787 3123 1850 3181 [τε.
1884 3116 2091 3167 Amen.

581 3201 931 3270 Antiphona
945 3203 996 3254 2.
1015 3202 1373 3271 Exurgentes
1389 3203 1564 3256 testes
1579 3200 1772 3272 iniqui,
1791 3216 1918 3271 quae
1933 3201 2168 3272 ignora-

513 3288 656 3346 bam
673 3289 1126 3359 interrogabant
1141 3305 1254 3344 me.
1276 3288 1701 3346 Retribuebant
1719 3289 1862 3344 mihi
1879 3288 2041 3345 mala
2056 3305 2166 3362 pro

517 3377 714 3436 bonis.
739 3380 861 3448 Ego
887 3381 1087 3435 autem
1110 3377 1436 3434 induebam
1461 3393 1558 3433 me
1590 3377 1799 3442 cilicio,
1821 3383 1877 3434 et
1895 3377 2168 3434 humilia-

519 3467 739 3524 bamin
757 3465 988 3538 jejunio
1009 3466 1276 3523 animam
1300 3481 1520 3524 meam.
1541 3465 1604 3527 V.
1621 3467 1780 3523 Sicut
1799 3466 2163 3540 proximum,

519 3558 576 3610 et
607 3553 759 3608 sicut
786 3552 1026 3610 fratrem
1057 3557 1352 3625 nostrum,
1388 3553 1470 3610 ita
1499 3553 1953 3626 complacebam
1987 3571 1998 3609 :
2030 3559 2165 3610 tan-

516 3657 704 3714 quam
733 3639 945 3711 lugens
976 3645 1032 3698 et
1051 3643 1430 3699 contristatus
1458 3643 1538 3699 ita
1568 3642 1950 3699 humiliabar.

589 3730 814 3787 Oratio.
845 3729 1001 3786 Deus
1025 3730 1128 3786 Dei
1149 3729 1270 3800 Fili,
1300 3731 1588 3788 adversus
1609 3748 1792 3804 quem
1811 3735 2165 3803 exurgentes

512 3817 717 3891 iniqui,
737 3818 872 3874 dum
895 3818 1623 3892 ignorandainterrogant,
1639 3835 1701 3876 se
1717 3821 1871 3893 ipsos
1888 3822 2165 3892 ignoran-

513 3907 594 3964 tia
615 3906 1508 3978 caacitatisjugulantreddentes
1526 3908 1630 3965 tibi
1644 3925 1752 3981 pro
1765 3909 1942 3966 bonis
1956 3909 2118 3966 mala
2147 3928 2158 3968 :

510 3996 590 4052 da
614 3996 810 4063 nobis,
837 3995 921 4052 sic
944 3995 1004 4052 in
1021 3995 1134 4052 tuis
1152 3997 1535 4069 passionibus
1557 3999 1876 4064 conlaetari,
1894 3999 2030 4054 utin
2050 4014 2163 4055 cm-

508 4083 674 4141 lestis
701 4084 905 4156 glorias
927 4085 1092 4142 curia
1116 4101 1456 4143 mereamur
1471 4087 1800 4144 coronandi
1817 4086 2070 4144 admitti.
2096 4099 2160 4157 Bt.

508 4173 698 4230 Amen
710 4218 724 4231 .

581 4265 936 4335 Antiphona
958 4268 1010 4321 3.
1035 4265 1488 4338 lmproperium,
1506 4269 1562 4321 et
1583 4265 1886 4322 miseriam
1901 4271 2162 4337 expecta-

505 4350 592 4410 vit
621 4353 828 4410 anima
849 4368 1006 4411 mea.
1039 4356 1106 4409 Et
1135 4354 1387 4410 sustinui
1413 4355 1516 4427 qui
1534 4369 1770 4409 mecum
1793 4355 2161 4411 contristare-
2192 4341 2235 4396 Ῑ)

506 4445 618 4509 tur,
653 4448 710 4499 et
734 4456 857 4499 non
878 4442 985 4498 fuit
1016 4459 1030 4499 :
1061 4441 1476 4499 consolantem
1500 4458 1596 4498 me
1624 4458 1746 4499 non
1766 4442 1981 4498 inveni.
2010 4442 2070 4503 V.
2096 4447 2163 4501 Et

505 4529 802 4589 dederunt
831 4532 892 4588 in
924 4548 1126 4590 escam
1148 4548 1349 4590 meam
1379 4531 1456 4588 fel
1491 4549 1503 4588 :
1534 4536 1590 4588 et
1619 4531 1681 4588 in
1705 4531 1799 4588 siti
1829 4547 1966 4589 mea
1995 4537 2162 4606 pota-

504 4626 718 4679 vcrunt
755 4637 852 4678 me
884 4627 1073 4679 aceto.

577 4722 640 4782 nr.
665 4711 963 4768 Conclusit
983 4712 1110 4768 vias
1127 4727 1294 4768 meas
1310 4711 1587 4768 inimicus
1609 4729 1621 4763 :
1647 4709 1956 4768 insidiator
1971 4710 2161 4769 factus

505 4803 594 4855 cst
619 4799 788 4866 mihi,
813 4801 963 4857 sicut
1003 4799 1096 4857 leo
1122 4801 1183 4856 in
1215 4800 1604 4858 absconditis.
1641 4799 1924 4856 Semitam
1961 4817 2162 4857 meam

509 4887 818 4959 subvertit,
837 4894 894 4946 et
914 4889 1223 4960 confregit.
1242 4891 1506 4948 Tetendit
1523 4905 1733 4947 arcum
1759 4905 1958 4956 suum,
1983 4893 2039 4946 et
2058 4905 2163 4963 po-

499 4975 618 5032 suit
637 4993 734 5034 me
753 4979 930 5050 quasi
953 4979 1191 5050 signum
1212 4980 1292 5036 ad
1318 4980 1618 5052 sagittam.
1651 4979 1934 5052 Replevit,
1966 4983 2023 5035 et
2044 4979 2164 5034 ine-

495 5064 716 5122 briavit
750 5082 846 5122 me
868 5067 1288 5124 amaritudine.
1326 5067 1919 5142 Comprehenderunt
1942 5083 2038 5124 me
2071 5067 2156 5124 in-

494 5155 656 5212 imici
672 5156 786 5212 mei
804 5156 932 5213 sine
948 5172 1133 5214 causa
1147 5157 1320 5230 quasi
1335 5173 1510 5214 avem
1524 5159 1583 5213 in
1601 5157 1960 5229 muscipula.
1978 5156 2168 5232 Dedu_

492 5250 711 5302 xerunt
735 5245 796 5302 in
847 5244 985 5303 lacu
1019 5247 1226 5302 mortis
1263 5245 1452 5302 vitam
1504 5263 1727 5315 meam,
1757 5251 1813 5302 et
1838 5261 2167 5319 posuerunt

493 5332 760 5407 lapidem
784 5341 996 5393 contra
1014 5351 1132 5392 me.
1152 5335 1294 5392 Vide
1321 5335 1574 5392 Domine
1599 5335 1940 5408 iniquitates
1955 5350 2163 5392 eorum

498 5425 558 5477 et
567 5423 777 5494 judica
791 5440 1039 5485 causam
1055 5425 1273 5484 animae
1289 5426 1528 5491 meae,P.
1549 5423 1833 5484 Defensor
1845 5425 1976 5482 vitae
1989 5439 2157 5480 meas.

2279 379 2390 434 ego
2418 379 2551 419 sum
2572 361 2839 438 psalmus
2860 375 3090 417 eorum.
3107 359 3306 416 Redde
3333 359 3417 415 eis
3437 362 3600 424 vicem
3622 372 3823 449 Domine,

2278 451 2342 506 P.
2377 451 2685 507 Defensor.

2349 541 2572 597 Preces.
2601 542 2802 608 Parce,
2830 541 2968 594 Jesu
2983 539 3355 611 redemptor;
3384 539 3607 599 subveni
3625 549 3829 627 redemp-

2281 629 2356 685 tis
2386 629 2590 685 delens
2620 633 2865 700 peccata
2892 632 3124 684 nostra.
3153 629 3224 684 P.
3260 628 3444 685 Pretio
3480 635 3755 704 sanguinis.
3783 643 3827 702 Ἡ.

2283 721 2535 775 Sacratae
2566 734 2781 774 manus
2820 716 2951 785 illae,
2981 733 3118 790 quae
3149 715 3312 773 cruci
3341 722 3472 774 sunt
3497 719 3680 791 afﬁxa,
3705 742 3833 787 nosa

2280 807 2493 863 delicto
2525 811 2782 878 purgent
2809 807 2881 862 P.
2913 806 3127 863 Pretio.
3162 804 3227 866 ἵ.
3259 807 3400 871 Vox,
3430 821 3553 879 quas
3581 813 3734 870 oravit
3755 816 3832 874 Pa-

2281 899 2449 961 trem,
2470 893 2820 951 uthostibus
2847 891 3018 965 347
3047 893 3474 966 parcerenhaec
3496 910 3596 952 nos
3615 898 3704 955 tibi
3721 917 3837 960 com-

2282 982 2522 1039 mendet
2549 981 2754 1038 delens
2797 987 3042 1053 peccata
3079 985 3286 1038 nostra
3321 981 3386 1036 P.
3418 981 3609 1040 Pretio.
3631 986 3684 1046 1i.
3711 990 3836 1048 Omni

2279 1088 2390 1128 nos
2411 1072 2571 1144 reple
2598 1071 2760 1127 bono
2786 1087 2799 1135 ;
2818 1075 2873 1126 et
2891 1069 2981 1127 fac
2997 1085 3195 1127 carere
3208 1069 3392 1136 malo,
3413 1074 3474 1126 ut
3487 1073 3732 1133 satiemur
3747 1094 3840 1136 om-

2279 1175 2385 1216 nes
2414 1161 2486 1218 P.
2511 1160 2718 1215 Pretio.
2742 1158 2803 1218 ir.
2831 1158 3014 1215 Hodie
3031 1157 3214 1214 ﬁnem
3236 1158 3452 1215 nostris
3478 1175 3635 1231 pone,
3653 1164 3837 1232 Christe,

2279 1248 2526 1312 delictis,
2567 1252 2630 1302 ut
2667 1262 2799 1303 cras
2827 1247 3170 1302 reﬁciamur
3197 1247 3270 1303 P.
3303 1246 3511 1302 Pretio.

2349 1354 2638 1424 Hymnus.
2676 1355 2718 1410 Ο
2748 1355 3062 1419 Nazarene,
3103 1351 3228 1410 lux.
3268 1352 3386 1422 fol.
3417 1355 3528 1409 144.

2352 1460 2658 1532 Capitula.
2674 1461 2894 1517 Christe
2921 1460 3020 1515 Dei
3043 1457 3167 1528 Fili,
3185 1475 3368 1532 quem
3384 1464 3544 1516 atrox
3560 1476 3851 1537 persequen-

2280 1549 2427 1606 tium
2457 1549 2636 1606 turba
2658 1565 2816 1606 casco
2841 1549 3041 1605 furore
3062 1548 3462 1622 persequitur,
3487 1553 3540 1606 et
3555 1564 3848 1624 persequens

2278 1639 2617 1696 obcaecatur
2650 1655 2661 1694 :
2698 1638 2845 1694 dum
2871 1639 3179 1694 Hominem
3213 1638 3277 1693 in
3303 1644 3359 1694 te
3392 1639 3730 1711 passionibus
3765 1657 3851 1713 pu-

2277 1728 2382 1798 nit,
2423 1733 2498 1796 et,
2528 1727 2768 1784 Deitatis
2794 1727 2854 1783 in
2902 1731 2956 1782 te
3004 1727 3409 1783 substantiam
3450 1741 3566 1784 non
3605 1731 3848 1801 agnoscit;

2277 1818 2537 1875 concede
2559 1817 2757 1889 nobis,
2788 1821 2870 1885 ut,
2902 1821 2957 1873 te
2989 1820 3174 1874 Deum
3205 1833 3438 1885 verum,
3491 1822 3543 1874 et
3585 1819 3852 1889 Hominem,

2279 1921 2468 1963 unum
2489 1907 2784 1963 Christum
2811 1922 2939 1962 esse
2960 1905 3231 1970 fatentes,
3256 1906 3335 1962 ab
3363 1906 3589 1963 (eternis
3610 1908 3852 1980 suppliciis

2276 1995 2484 2052 haberi
2513 2011 2852 2052 mereamur
2882 2000 3165 2052 extorres.

2347 2085 2514 2141 Pater
2556 2089 2778 2142 noster.

2903 2192 2988 2248 Ad
3015 2190 3274 2248 Sextum.

2420 2299 2615 2355 Lectio
2648 2298 2788 2354 libri
2810 2298 3082 2356 Michaaa’
3109 2297 3430 2367 Prop/telae
3457 2297 3620 2370 (Cap.
3651 2297 3753 2368 νη).

2349 2415 2411 2474 Bg.
2452 2405 2572 2460 Deo
2602 2403 2844 2474 gratias.

2349 2496 2481 2550 Haec
2510 2493 2650 2548 dicit
2678 2493 2966 2549 Dominus
2997 2512 3008 2549 :
3037 2491 3210 2548 Periit
3240 2496 3491 2548 sanctus
3534 2491 3605 2548 de
3650 2495 3790 2558 terra,
3821 2492 3863 2544 et

2276 2586 2471 2638 rectus
2491 2583 2550 2638 in
2573 2581 2919 2638 hominibus
2939 2596 3060 2636 non
3083 2585 3169 2636 est
3193 2600 3205 2635 :
3230 2596 3450 2636 omnes
3468 2581 3530 2636 in
3545 2577 3863 2650 sanguinein-

2278 2670 2591 2736 sidiantur,
2622 2671 2709 2726 vir
2735 2671 2978 2726 fratrem
3025 2685 3202 2725 suum
3231 2669 3313 2725 ad
3351 2675 3600 2726 mortem
3641 2672 3852 2725 venatur.

2277 2759 2488 2816 Malum
2510 2775 2802 2815 manuum
2833 2774 3080 2814 suarum
3102 2758 3313 2814 dicunt
3345 2758 3575 2815 bonum
3604 2776 3616 2814 :
3645 2757 3860 2830 princeps

2276 2847 2554 2920 postulat,
2571 2853 2626 2904 et
2640 2847 2826 2919 judex
2844 2847 2904 2903 in
2921 2846 3231 2903 reddendo
3249 2852 3344 2904 est
3373 2864 3384 2903 :
3419 2853 3475 2903 et
3496 2861 3729 2917 magnus
3747 2843 3869 2899 locu-

2277 2943 2370 2992 tus
2413 2941 2503 2993 est
2526 2935 2893 2992 desiderium
2923 2936 3136 2992 animae
3168 2951 3316 3007 suae,
3342 2941 3400 2992 et
3428 2934 3871 2992 conturbaverunt

2277 3041 2429 3081 eam.
2465 3025 2572 3091 Qui
2591 3024 2853 3097 optimus
2873 3025 2934 3080 in
2965 3025 3049 3080 eis
3079 3029 3186 3094 est,
3205 3025 3390 3098 quasi
3415 3025 3706 3097 paliurus:
3731 3026 3778 3077 et
3797 3018 3872 3091 qui

2275 3115 2680 3186 rectus,quasi
2702 3113 2876 3185 spina
2899 3112 2972 3168 de
3003 3128 3165 3185 sepe.
3185 3113 3320 3170 Dies
3345 3110 3745 3186 speculationis
3770 3115 3870 3172 ture,

2276 3202 2530 3258 visitatio
2547 3207 2648 3258 tua
2673 3201 2870 3257 venit:
2905 3217 3065 3258 nunc
3087 3201 3466 3258 eritvastitas
3489 3214 3706 3258 eorum.
3736 3195 3877 3252 Nolite

2277 3291 2516 3347 credere
2548 3291 2626 3347 ab
2649 3292 2842 3347 amico
2873 3308 2884 3346 :
2913 3296 2970 3347 et
2999 3289 3177 3347 nolite
3209 3290 3522 3347 conﬁdere
3549 3290 3608 3346 in
3637 3289 3800 3344 duce:
3821 3283 3876 3339 ab

2277 3396 2368 3446 ea,
2411 3395 2546 3452 quae
2576 3379 2793 3437 dormit
2825 3380 2887 3435 in
2931 3380 3066 3436 sinu
3099 3385 3221 3448 tuo,
3255 3380 3500 3437 custodi
3528 3377 3767 3435 claustra
3794 3372 3881 3429 oris

2278 3468 2381 3526 tui.
2403 3468 2554 3535 Quia
2573 3468 2730 3524 filius
2749 3468 3175 3524 contumeliam
3197 3467 3344 3525 facit
3371 3468 3548 3541 patri,
3573 3472 3628 3523 et
3647 3465 3757 3521 ﬁlia
3773 3477 3880 3518 con-

2276 3561 2478 3628 surget
2507 3557 2795 3613 adversus
2833 3563 3086 3614 matrem
3140 3572 3340 3622 suam,
3401 3572 3593 3613 nurus
3640 3553 3878 3611 adversus

2275 3663 2514 3703 socrum
2545 3663 2716 3702 suam
2749 3664 2760 3702 :
2795 3652 2850 3702 et
2881 3647 3105 3702 inimici
3142 3647 3418 3702 hominis
3447 3642 3743 3701 domestici
3766 3642 3877 3711 ejus.

2274 3736 2393 3804 Ego
2407 3739 2607 3791 autem
2624 3734 2700 3791 ad
2714 3735 3032 3791 Dominum
3055 3735 3375 3807 aspiciam,
3392 3731 3716 3806 expectabo
3734 3730 3879 3784 Deum

2274 3823 2628 3881 salvatorem
2646 3840 2849 3880 meum
2876 3840 2886 3879 :
2913 3824 3113 3879 audiet
3125 3839 3219 3878 me
3232 3823 3401 3879 Deus
3417 3839 3611 3879 meus.
3624 3825 3697 3877 Ne
3713 3815 3879 3874 ltetaris

2272 3913 2511 3970 inimica
2525 3929 2660 3970 mea
2677 3929 2985 3985 superme,
3001 3913 3142 3985 quia
3157 3912 3380 3969 cecidi:
3406 3924 3758 3982 consurgam,
3775 3918 3876 3959 cum

2273 4002 2482 4058 sedero
2505 4002 2564 4058 in
2587 4002 2865 4071 tenebris,
2899 4001 3186 4057 Dominus
3206 4001 3311 4058 lux
3338 4017 3486 4058 mea
3510 4006 3624 4056 est.
3652 3999 3778 4053 Iram
3795 3993 3883 4047 Do-

2271 4090 2418 4148 mini
2457 4091 2734 4164 portabo,
2759 4090 3050 4163 quoniam
3082 4091 3331 4162 peccavi
3360 4091 3438 4156 ei,
3464 4091 3655 4146 donec
3687 4094 3883 4142 causam

2271 4195 2472 4236 meam
2499 4179 2744 4251 judicet,
2799 4184 2856 4236 et
2884 4178 3064 4236 faciat
3099 4179 3410 4250 judicium
3442 4194 3650 4236 meum
3680 4195 3695 4230 :
3725 4171 3887 4231 educet

2269 4283 2367 4324 me
2396 4269 2456 4324 in
2487 4269 2704 4334 lucem,
2732 4267 2951 4324 videbo
2969 4268 3262 4340 justitiam
3289 4269 3456 4340 ejus.
3481 4271 3548 4324 Et
3567 4259 3885 4338 aspicietini-

2269 4357 2427 4414 mica
2453 4371 2610 4422 mea,
2653 4361 2710 4412 et
2747 4356 3046 4429 operietur
3092 4355 3483 4423 confusione,
3514 4370 3651 4429 quae
3677 4351 3803 4408 dicit
3832 4343 3888 4402 ad

2270 4461 2366 4501 me
2399 4461 2410 4501 :
2439 4445 2544 4501 Ubi
2574 4448 2662 4500 est
2691 4445 2978 4501 Dominus
3007 4445 3161 4501 Deus
3213 4451 3359 4502 tuus
3381 4445 3411 4500 ?
3440 4443 3609 4502 Oculi
3637 4442 3745 4497 mei
3769 4435 3888 4492 vide-

2268 4532 2420 4590 bunt
2444 4533 2504 4589 in
2531 4548 2665 4590 eam
2695 4551 2708 4585 :
2741 4549 2901 4589 nunc
2923 4533 3030 4589 erit
3054 4535 3114 4590 in
3143 4534 3616 4591 conculcatione
3645 4534 3708 4587 ut
3741 4528 3888 4583 lutum

2270 4626 2628 4694 platearum.
2671 4623 2821 4687 Dies,
2855 4626 2917 4678 ut
2945 4622 3322 4679 mdiﬁcentur
3353 4622 3641 4678 maceriae
3673 4625 3773 4675 tuae
3805 4630 3816 4668 :
3846 4611 3887 4665 in

2270 4711 2364 4768 die
2382 4710 2483 4767 illa
2498 4710 2673 4781 longe
2697 4710 2794 4767 ﬁet
2812 4710 2920 4766 lex.
2944 4714 3005 4766 In
3025 4710 3120 4766 die
3143 4710 3244 4767 illa
3265 4717 3328 4768 et
3351 4727 3555 4785 usque
3578 4708 3657 4767 ad
3676 4712 3726 4763 te
3740 4699 3892 4760 veniet

2271 4805 2476 4869 Assur,
2515 4805 2572 4856 et
2611 4814 2800 4871 usque
2835 4798 2915 4854 ad
2946 4799 3213 4856 civitates
3242 4802 3566 4871 munitas;
3594 4804 3651 4854 et
3679 4812 3714 4852 a
3740 4792 3892 4848 civita-

2271 4887 2430 4945 tibus
2459 4889 2705 4945 munitis
2729 4904 2919 4962 usque
2941 4889 3019 4944 ad
3036 4888 3286 4955 ﬂumen,
3312 4896 3374 4947 et
3392 4889 3477 4947 ad
3499 4903 3668 4946 mare
3687 4883 3756 4941 de
3770 4874 3890 4936 mari.

2274 4981 2329 5033 et
2357 4975 2435 5032 ad
2463 4981 2727 5032 montem
2749 4975 2823 5032 de
2853 4980 3075 5033 monte.
3110 4979 3176 5032 Et
3204 4980 3371 5034 terra
3400 4978 3519 5034 erit
3541 4977 3605 5032 in
3630 4967 3896 5030 desolatio-

2272 5082 2411 5123 nem
2441 5071 2683 5139 proptcr
2710 5065 3075 5122 habitatores
3114 5082 3275 5135 suos,
3313 5074 3377 5123 et
3407 5070 3659 5140 propter
3685 5061 3895 5119 fructum

2274 5155 2697 5226 cogitationum
2723 5170 2952 5210 eorum.
2973 5159 3148 5212 Pasce
3162 5155 3475 5228 populum
3494 5163 3666 5211 tuum
3695 5153 3751 5207 in
3769 5149 3896 5212 virga

2274 5249 2393 5310 tua,
2428 5259 2672 5314 gregem
2699 5243 3038 5300 hereditatis
3070 5249 3202 5300 tuae.
3237 5255 3306 5314 Ri.
3335 5251 3558 5301 Amen.

2343 5333 2695 5404 Antiphona
2733 5332 2786 5386 1.
2818 5335 3109 5390 Venantes
3131 5335 3360 5406 captati
3395 5339 3539 5390 sunt
3568 5330 3737 5405 quasi
3763 5335 3897 5382 avem

2270 5419 2494 5478 inimici
2506 5421 2622 5479 mei
2639 5421 2850 5494 gratis.
2868 5419 3030 5480 Morti
3049 5421 3440 5480 tradiderunt
3457 5421 3719 5481 animam
3735 5422 3895 5472 meam
