4094 6164
198 188 296 244 585

1335 198 1684 259 DOMINICA
1722 202 1794 259 IN
1833 202 2061 262 ΒΑΜίὸ
2102 208 2505 270 PALMARUM

3506 242 3613 298 586

199 311 255 373 ἴ.
291 315 361 369 Et
381 317 449 371 tu
480 314 735 372 Domine
756 316 1055 377 deridebis
1086 338 1188 378 eos
1214 340 1229 378 :
1257 340 1367 397 pro
1387 325 1571 385 nihilo
1596 328 1844 386 habebis
1876 330 1923 385 A
1962 331 2066 387 sed
2089 333 2278 406 utipsi
2304 336 2572 397 videntes
2588 342 2825 414 scirent,
2845 351 3133 421 quoniam
3159 357 3253 415 Dei
3266 358 3492 431 judicio
3507 381 3609 438 pa-

199 417 398 438 ηπιηοε
433 410 638 438 "mi...
2094 426 2103 438 .
2461 429 2492 438 _.
2727 437 2738 438 ,

191 417 401 460 omnes
430 410 661 474 gentes.

256 493 464 549 Oratio
496 494 728 551 Christe
762 496 862 553 Dei
895 499 1016 565 Fili,
1048 500 1151 573 qui
1179 502 1305 559 sine
1335 520 1520 562 causa
1545 506 1759 573 delicti,
1792 513 1850 564 et

182 582 362 636 morti
392 598 455 638 es
505 583 757 641 traditus
795 593 853 642 et
880 590 1231 646 venantium
1270 592 1500 665 laqueis
1529 595 1795 652 inretitus
1829 625 1842 674 ;

1962 420 2182 478 tiuntur
2204 429 2696 497 persecutionem.
2722 437 2788 491 Et
2802 420 3066 509 quodam
3084 420 3348 518 tempdre
3368 451 3428 507 in
3446 420 3606 527 aqrua

1957 527 2140 583 supra
2174 516 2439 574 virtutem
2466 521 2621 590 ignis
2643 525 2912 595 ardebat,
2946 516 3241 606 utiniquaa
3258 544 3476 600 terram
3494 516 3603 603 na-

1956 599 2196 658 tivitatis
2221 608 2655 667 exterminaret.
2686 614 2794 670 Pro
2839 616 3062 688 quibus
3090 599 3443 692 angelorum
3464 599 3603 691 esca

1830 666 1840 674 ι
2628 666 2633 667 ν
2692 666 2703 667 ί
2728 666 2745 668 -
2768 666 2786 670 ν
2888 666 2983 673 ν--ν
2997 666 3061 674 ν--σ
3091 666 3167 677 wn
3214 666 3326 682 νινι
3343 666 3443 686 μω
3464 666 3562 689 uno

178 666 384 732 facito,
423 674 488 726 ut
513 687 616 741 per
645 673 973 731 indebitam
999 683 1255 734 mortem
1286 684 1453 737 tuam
1484 698 1645 738 mors
1669 684 1845 742 nobis
1950 691 2187 747 nutristi
2211 694 2504 767 p0pulum
2527 703 2715 766 tuum,
2746 708 2801 758 ct
2819 666 3096 775 piaratum
3117 666 3337 781 pgnem
3356 717 3429 772 de
3451 666 3599 779 cae];

179 754 379 781 ᾹΑιιζΔ-
413 757 753 781 Δ-..ξ..--ι---
780 779 790 781 _
831 768 891 781 ,ἀι
1028 766 1037 774 ⁸
1279 767 1293 781 1
1325 768 1334 779 ι
1483 776 1492 781 .
1591 772 1647 781 ι.-
1760 774 1769 781 .
2134 780 2140 781 ,
2178 780 2184 781 κ

175 754 388 813 debita
408 757 791 817 devincatur:
831 768 915 829 ut,
937 766 1043 836 qui
1066 783 1174 838 pro
1196 767 1371 824 nobis
1394 786 1455 825 es
1480 772 1724 829 traditus
1754 774 1841 830 in-

172 860 419 912 nocens,
436 863 532 918 per
547 848 749 904 bonum
774 852 1098 910 innocentiae
1112 855 1181 910 ad
1200 861 1247 911 te
1275 874 1375 912 nos
1394 858 1567 915 facias
1588 862 1837 934 quando-

162 948 287 1004 que
315 938 628 1008 pervenire
661 938 879 998 felices.
914 952 977 1012 Βι.
1010 944 1221 1001 Amen.

230 1023 591 1095 Antiphona
614 1031 667 1082 2.
686 1030 829 1085 Tota
842 1029 938 1085 die
961 1032 1471 1104 exprobraverunt
1492 1053 1587 1093 me
1612 1038 1834 1097 inimici

154 1111 370 1169 meizet
389 1114 496 1186 qui
519 1131 619 1171 me
643 1115 976 1176 laudabant
998 1122 1320 1179 adversum
1338 1142 1434 1181 me
1454 1127 1832 1200 jurabant;tu

153 1204 369 1257 autem
397 1204 648 1260 Domine
678 1205 956 1263 miserere
983 1210 1119 1265 mei.
1149 1210 1368 1278 iouia
1396 1213 1654 1273 cinerem
1678 1217 1830 1275 sicut

151 1303 387 1359 panem
425 1292 903 1360 manducabam,
958 1303 1010 1352 et
1044 1304 1252 1370 potum
1282 1317 1486 1358 meum
1517 1320 1655 1360 cum
1683 1305 1828 1363 ﬂetu

147 1378 509 1436 miscebam.

228 1468 464 1524 Oratio.
499 1472 643 1527 Tota
680 1471 775 1528 die
801 1475 1248 1545 exprobrabant
1278 1482 1331 1534 te
1359 1479 1581 1537 inimici
1621 1484 1705 1541 tui
1731 1485 1821 1540 in-

138 1552 315 1625 juste
331 1574 347 1622 ;
365 1573 509 1613 cum
530 1564 588 1613 et
606 1560 804 1615 mundi
820 1562 1121 1619 Dominum
1144 1581 1267 1621 non
1284 1567 1466 1623 solum
1494 1586 1615 1627 non
1639 1588 1820 1643 agno-

1948 780 2267 848 praestitisti
2298 784 2379 838 eis
2410 787 2536 843 sine
2566 787 2771 846 labore
2802 807 2980 851 omne
3010 780 3510 862 delectamentum
3537 809 3600 866 in

1949 882 2012 923 se
2027 867 2646 941 habentem,etomnis
2659 883 2892 953 saporis
2914 888 3370 948 suavilatem.Ut
3384 895 3601 954 scirent

1942 955 2047 1012 ﬁlii
2066 960 2164 1031 tui,
2193 977 2346 1034 quos
2367 964 2638 1035 dilexisti,
2662 970 2930 1038 Domine,
2946 977 3235 1047 quoniam
3249 996 3370 1038 non
3391 985 3600 1042 nativi-

1943 1046 2075 1102 tatis
2099 1048 2322 1107 fructus
2348 1061 2603 1124 pascunt
2630 1046 3039 1129 homines,sed
3071 1081 3267 1125 sermo
3295 1074 3430 1127 tuus
3459 1074 3592 1145 hos,

1938 1137 2042 1207 qui
2062 1137 2125 1194 in
2142 1143 2194 1195 te
2211 1141 2478 1209 credunt,
2503 1152 3012 1216 conservat.Quod
3036 1154 3195 1211 enim
3212 1157 3290 1212 ad
3305 1159 3442 1230 igne
3472 1137 3594 1219 non

1937 1231 2166 1298 poterat
2183 1232 2576 1301 exterminari,
2598 1236 2787 1291 statim
2808 1238 2884 1294 ad
2903 1242 3117 1311 exiguo
3134 1244 3303 1301 radio
3325 1247 3466 1304 solis
3494 1265 3593 1306 ca-

1934 1314 2213 1373 lefactum
2234 1318 2578 1378 tabescebat
2597 1342 2608 1380 :
2626 1330 2914 1383 utnotum
2938 1330 3221 1387 omnibus
3242 1340 3417 1400 esset,
3442 1352 3590 1409 quo-

1934 1403 2096 1461 niam
2125 1412 2686 1479 oportetpraavenire
2707 1413 2892 1470 solem
2914 1417 2991 1473 ad
3007 1403 3507 1489 benedictionem,
3532 1430 3590 1481 et

1932 1492 2011 1548 ad
2039 1493 2325 1551 orientem
2348 1496 2498 1553 lucis
2526 1506 2581 1554 et
2613 1499 2939 1559 Dominum
2978 1505 3246 1563 adorare.
3278 1520 3341 1579 Βι.
3374 1515 3582 1568 Amen.

2005 1583 2198 1639 Lectio
2224 1584 2363 1639 libri
2390 1587 2715 1644 Malachim
2747 1590 2864 1661 (III
2910 1594 3134 1664 Regum
3162 1611 3293 1666 cap.
3326 1600 3512 1672 xvui).

143 1651 390 1701 soerent
419 1664 433 1714 ;
478 1647 585 1702 sed
614 1655 668 1703 et
702 1648 810 1705 viri
840 1653 1071 1723 paciﬁci
1107 1654 1394 1713 adversus
1420 1665 1475 1714 et
1499 1662 1768 1731 jurarent
1801 1685 1814 1720 :
1854 1680 1899 1736 Β
1999 1682 2061 1742 ﬁ.
2094 1674 2213 1729 Deo
2236 1675 2470 1743 gratias.

141 1733 386 1791 Praesta
405 1751 549 1805 ergo
578 1738 835 1804 nobis,ut
857 1742 959 1812 qui
978 1744 1318 1814 passionem
1340 1753 1494 1805 tuam
1514 1757 1670 1807 recte
1690 1771 1814 1812 cre-

140 1821 461 1895 dimus;in
485 1828 945 1885 ressurrectione
972 1837 1197 1889 aeterna
1224 1840 1423 1892 tecum
1448 1839 1671 1909 pariter
1688 1843 1815 1900 sine

138 1909 276 1967 ﬁne
308 1912 603 1973 vivamus.
626 1926 691 1983 ﬁ.
715 1917 923 1974 Amen.

212 2002 568 2072 Antiphona
594 2009 649 2061 3.
681 2006 961 2063 Dominus
993 2009 1139 2065 mihi
1170 2012 1409 2084 adjutor
1437 2023 1525 2073 est
1555 2036 1569 2075 :
1603 2037 1724 2078 non
1745 2024 1812 2079 ti-

138 2087 511 2161 mebo,quid
537 2092 676 2148 mihi
695 2092 874 2151 faciat
902 2095 1096 2153 homo.
1120 2099 1400 2159 Dominus
1426 2107 1669 2180 mihiadj
1682 2117 1811 2169 utor

140 2183 231 2232 est
270 2194 284 2233 :
324 2184 385 2233 et
420 2195 537 2249 ego
572 2181 787 2238 videho
840 2184 1115 2242 inimicos
1171 2205 1361 2246 meos.
1394 2192 1455 2253 νῖν.
1496 2198 1807 2270 Tanquam

141 2266 435 2322 cumulus
461 2284 661 2325 arena:
682 2270 968 2343 impulsus
990 2290 1126 2331 sum
1148 2283 1211 2332 ut
1228 2279 1589 2342 caderem:et
1608 2266 1806 2344 Domi-

138 2370 254 2411 nus
282 2359 559 2429 suscepit
589 2375 702 2415 me.

212 2456 275 2509 ﬁ.
315 2447 532 2502 Subito
566 2448 891 2507 vulneravit
922 2468 1019 2509 me
1051 2454 1288 2512 invidus
1315 2459 1613 2531 diabolus,
1648 2473 1703 2522 et
1728 2470 1807 2524 ad

139 2533 394 2590 nihilum
425 2535 673 2593 redacta
688 2547 827 2595 sunt
853 2558 993 2600 ossa
1014 2561 1159 2601 mea.
1185 2546 1414 2605 Fratres
1431 2554 1536 2608 mei
1553 2559 1806 2616 testimo-

140 2624 312 2679 nium
345 2626 564 2682 dicunt
589 2636 795 2687 contra
826 2649 921 2689 me
950 2635 1053 2691 :P.
1090 2635 1296 2695 Libera
1321 2655 1417 2695 me
1446 2641 1714 2703 Domine.
1739 2650 1801 2711 ἲ.

148 2713 383 2769 Custodi
416 2732 517 2771 me
551 2719 793 2775 Domine
819 2720 894 2776 de
923 2739 1106 2780 manu
1130 2731 1452 2796 peccatoris
1477 2750 1491 2786 :
1524 2739 1579 2788 et
1598 2736 1675 2791 ad
1698 2739 1802 2794 ho-

152 2802 411 2858 minibus
446 2805 692 2877 iniquis.
720 2808 787 2863 P.
816 2809 1023 2867 Libera
1051 2815 1445 2876 me,Dominc.

210 2891 439 2950 Preces.
466 2894 667 2961 Parce,
714 2895 741 2951 J
749 2913 852 2953 esu
874 2900 1224 2973 redemptor,
1245 2911 1301 2960 et
1318 2907 1800 2970 subveniredem-

1997 1765 2061 1816 In
2091 1760 2305 1817 diebus
2333 1762 2488 1820 illis:
2521 1767 2729 1821 Factus
2762 1772 2852 1823 est
2881 1784 3077 1826 sermo
3116 1772 3347 1829 Domini
3379 1776 3456 1831 ad
3477 1776 3581 1833 He-

1922 1849 2069 1906 liam
2089 1850 2443 1917 Thesbitem,
2463 1853 2667 1909 dicens
2687 1875 2701 1910 :
2724 1856 2903 1923 Vade,
2928 1862 2985 1915 et
2999 1861 3247 1917 ostende
3264 1866 3320 1918 et
3348 1863 3575 1932 Achab,

1921 1944 1985 1995 ut
2014 1938 2153 1994 dem
2183 1939 2451 2011 pluviam
2473 1958 2651 2014 super
2674 1943 2884 2001 faciem
2904 1949 3206 2005 terraerit
3226 1966 3369 2021 ergo
3387 1951 3579 2009 Helias

1920 2032 1983 2083 ut
2012 2029 2251 2084 ostende
2279 2035 2331 2084 te
2376 2030 2581 2086 Achab
2615 2037 2778 2089 :erat
2805 2039 3006 2091 autem
3033 2036 3222 2093 fames
3250 2040 3578 2097 vehemens

1918 2117 1979 2174 in
1998 2118 2284 2175 Samaria.
2305 2119 2664 2192 Vocavitque
2686 2122 2891 2178 Achab
2920 2124 3176 2182 Abdiam
3205 2127 3579 2199 dispensato‘

1917 2223 2043 2263 rem
2068 2208 2285 2264 domus
2310 2224 2431 2264 suae
2464 2225 2476 2263 :
2511 2209 2733 2266 Abdias
2753 2217 2953 2268 autem
2984 2214 3229 2272 timebat
3254 2217 3573 2275 Dominum

1917 2297 2103 2352 Deum
2116 2296 2307 2353 valde.
2323 2300 2471 2353 Nam
2487 2312 2626 2353 cum
2642 2298 2993 2358 interficeret
3005 2304 3235 2360 Jezabel
3250 2307 3573 2378 prophetas

1916 2385 2169 2452 Domini,
2190 2386 2429 2442 tulitille
2443 2393 2679 2443 centum
2700 2390 3040 2460 prophetas,
3061 2393 3451 2451 etabscondit
3466 2412 3570 2453 eos

1915 2475 2390 2546 quinquagenos,
2414 2481 2470 2530 et
2488 2475 2935 2547 quinquagenos
2952 2478 3009 2532 in
3027 2480 3569 2554 speluncis,etpavit

1916 2579 2018 2618 eos
2059 2578 2215 2634 pane
2240 2568 2295 2618 et
2321 2579 2502 2634 aqua.
2552 2563 2709 2619 Dixit
2735 2581 2876 2634 ergo
2908 2567 3111 2624 Achab
3142 2570 3217 2624 ad
3250 2570 3505 2629 Abdiam
3552 2592 3565 2627 :

1914 2650 2080 2706 Vade
2109 2652 2169 2705 in
2200 2656 2416 2705 terram
2433 2652 2503 2706 ad
2539 2652 2844 2708 universos
2866 2654 3058 2709 fontes
3091 2672 3408 2728 aquarum,
3442 2662 3568 2717 etin

1912 2744 2158 2795 cunctas
2180 2739 2443 2803 valles,si
2462 2738 2607 2795 forte
2630 2742 2928 2811 possimus
2950 2742 3213 2799 invenire
3234 2744 3570 2811 herbam,et

1910 2829 2139 2885 salvare
2151 2844 2338 2899 equos
2349 2832 2404 2883 et
2417 2828 2637 2894 mulos,
2654 2834 2839 2883 etnon
2856 2829 3093 2900 penitus
3101 2832 3376 2902 jumenta
3394 2836 3567 2891 inter-

1908 2922 2064 2973 eant.
2114 2916 2563 2988 Diviseruntque
2590 2915 2701 2971 sibi
2731 2916 3022 2986 regiones,
3082 2926 3144 2975 ut
3188 2921 3564 2980 circumirent

128 2980 255 3051 ptis
290 2981 501 3038 delens
533 2990 771 3053 peccata
800 2990 1093 3045 nostra.P.
1138 2993 1326 3049 Pretio
1357 3001 1660 3070 sanguinis
1688 3008 1791 3062 tui.
1833 3028 1875 3087 ο
1907 3022 2010 3063 eas
2037 3025 2049 3059 :
2074 3006 2419 3062 Achabibat
2439 2980 2538 3077 per
2558 3005 2717 3060 viam
2740 2980 2946 3071 unam,
2966 2980 3022 3064 et
3042 3008 3264 3066 Abdias
3278 3027 3383 3083 per
3404 3011 3564 3068 viam

128 3069 193 3126 ἰν.
229 3070 460 3142 Corpus
496 3079 790 3141 nostrum,
818 3078 983 3148 quod
1000 3081 1157 3136 cruci
1180 3083 1342 3154 afﬁgi
1371 3069 1686 3160 voluisti,te
1701 3095 1795 3165 ju-

128 3158 392 3224 dicante,
428 3161 598 3217 salva
622 3163 688 3220 P.
722 3164 935 3232 Pretio,
964 3166 1024 3228 ἡ.
1058 3173 1185 3226 Non
1206 3172 1437 3243 judices
1466 3177 1527 3234 in
1554 3158 1659 3245 ira,
1684 3158 1794 3255 pro

124 3247 354 3321 quibus
364 3249 678 3322 judicatus
699 3269 782 3319 es,
802 3254 991 3326 alapis
1017 3273 1079 3312 es
1096 3274 1288 3315 caesus
1315 3264 1519 3323 delens
1549 3247 1795 3341 peccata

128 3343 341 3395 nostra
381 3340 444 3392 P.
486 3340 696 3396 Pretio.
737 3340 801 3401 Ψ.
844 3344 1105 3406 Quorum
1150 3358 1387 3421 peccata
1426 3340 1563 3411 tuis,
1588 3359 1647 3414 in
1686 3361 1792 3417 hu-

129 3427 310 3483 meris
338 3430 591 3499 portasti
616 3446 629 3495 ;
660 3429 793 3495 hos,
824 3447 899 3487 ne
923 3442 1119 3501 ruant,
1154 3441 1385 3496 custodi
1414 3444 1478 3499 P.
1510 3448 1696 3504 Pretio
1726 3450 1787 3513 ν.

128 3517 313 3572 Hodie
335 3519 392 3572 in
409 3517 577 3573 nobis
590 3520 993 3590 purgationem
1016 3522 1238 3581 fmtoris
1260 3532 1530 3599 sentiant,
1563 3540 1617 3593 et
1655 3554 1788 3595 cras

125 3604 289 3677 reple
316 3606 527 3662 delens
552 3615 799 3679 peccata
828 3617 1052 3668 nostra.
1074 3613 1122 3669 P
1153 3618 1361 3676 Pretio.

198 3699 485 3767 Hymnus.
521 3699 564 3754 Ο
598 3701 913 3765 Nazarene,
946 3700 1067 3757 lux.
1098 3704 1203 3774 fol.
1239 3708 1357 3762 144.

197 3786 387 3860 348
406 3786 855 3844 0ratio.Clu-iste
869 3789 1047 3858 Deus,
1071 3794 1172 3865 qui
1193 3794 1478 3866 injuriam
1504 3806 1710 3860 mortis
1731 3811 1786 3863 et

119 3878 321 3933 crucis
343 3892 455 3947 pro
478 3875 653 3931 nobis
673 3877 955 3933 sustulisli
975 3895 989 3945 ;
1011 3880 1091 3937 da
1111 3883 1302 3951 nobis,
1329 3892 1391 3941 ut
1412 3904 1516 3959 per
1538 3895 1590 3945 te
1612 3893 1782 3950 victo-

115 3983 209 4023 res
244 3965 581 4022 efficiamur
608 3966 793 4020 nostri
818 3967 1031 4037 piaculi
1063 3986 1074 4025 ξ
1102 3972 1235 4026 utin
1263 3989 1353 4041 eo,
1378 3977 1541 4048 quod
1563 3984 1624 4035 tu
1648 3988 1782 4053 post

116 4059 391 4111 mortem
420 4056 678 4124 resurgis
707 4056 768 4111 in
794 4055 1185 4124 gloriam,nos
1208 4077 1243 4116 a
1276 4072 1462 4121 morte
1489 4068 1776 4138 vitiorum,

119 4157 475 4213 numquam
498 4143 731 4200 ulterius
753 4145 951 4201 casuri
978 4163 1358 4219 resurgamus
1378 4170 1483 4225 per
1502 4159 1778 4226 gratiam.

192 4232 383 4288 Pater
419 4238 629 4289 noster.

763 4325 861 4380 Ad
893 4326 1134 4381 Nonum.

410 4415 724 4485 Sapientia:
753 4414 1079 4471 Salomonis
1104 4416 1417 4490 (Cap.xv1).

184 4519 253 4577 ﬁ.
288 4508 415 4561 Deo
446 4505 686 4574 gratias.

104 4598 241 4663 Fili,
275 4598 436 4651 Deus
468 4609 744 4649 sermone
771 4608 881 4648 suo
927 4594 1134 4650 omnia
1186 4603 1375 4654 sanat.
1438 4604 1565 4673 lpse
1616 4606 1774 4663 enim

102 4691 244 4743 vitae
270 4691 329 4741 et
355 4683 565 4739 mortis
586 4682 768 4737 habet
794 4686 1227 4754 potestatem,et
1247 4686 1481 4744 deducit
1505 4709 1516 4743 :
1544 4693 1620 4748 ad
1642 4711 1774 4766 por-

106 4782 201 4833 tas
221 4774 431 4830 mortis
457 4778 514 4827 et
531 4770 759 4826 reducit
786 4788 799 4825 :
832 4771 1005 4828 homo
1037 4778 1225 4829 autem
1247 4778 1462 4834 occidit
1484 4797 1588 4852 per
1618 4784 1774 4841 mali-

96 4868 253 4923 tiam
286 4863 563 4921 animam
586 4877 778 4926 suam,
807 4867 863 4917 et
888 4878 1027 4917 cum
1053 4862 1235 4920 exibit
1255 4866 1518 4939 spiritus,
1543 4887 1661 4928 non
1685 4891 1771 4931 re-

90 4960 372 5013 vertetur
400 4967 513 5007 nec
542 4950 845 5007 revocabit
878 4950 1165 5021 animam,
1196 4970 1331 5024 quae
1367 4965 1604 5031 recepta
1632 4968 1720 5019 est
1750 4983 1764 5024 :

88 5045 206 5102 sed
241 5048 437 5108 tuam,
469 5038 719 5095 Domine
749 5038 1009 5108 etlugere
1040 5056 1226 5097 manu
1252 5041 1618 5115 impossibile
1644 5055 1757 5108 est.

88 5138 405 5208 Piegantes
430 5127 592 5185 enim
607 5132 663 5182 te
683 5141 857 5182 nosse
884 5126 1185 5201 impii,per
1204 5129 1605 5193 fortitudinem
1626 5138 1763 5195 bra-

76 5225 214 5282 chii
240 5222 321 5281 tui
352 5216 638 5289 ﬂagellati
665 5222 803 5272 sunt
830 5228 846 5277 :
886 5217 1056 5273 novis
1078 5220 1268 5293 aquis,
1294 5226 1351 5278 et
1372 5226 1763 5293 grandinibus

76 5311 581 5388 persecutionem
611 5306 906 5379 passi,per
935 5306 1134 5377 ignem
1165 5316 1761 5381 consummati.Quod

70 5405 263 5463 enim
292 5398 567 5458 mirabile
588 5398 649 5451 in
674 5412 836 5469 aqua
856 5403 999 5463 erat,
1032 5399 1197 5471 quod
1219 5402 1425 5459 omnia
1449 5404 1757 5476 extinguit,

74 5492 234 5568 plus
256 5489 421 5565 ignis
446 5485 689 5543 valebat
711 5500 723 5540 :
750 5484 969 5542 vindex
986 5486 1146 5544 enim
1167 5488 1754 5564 estorbisjustorum:

392 5578 635 5633 Parnm.
678 5572 977 5630 LXXXVI.

1906 3095 2153 3152 alteram
2179 3110 2467 3150 seorsum.
2503 3097 2769 3167 Cumque
2798 3102 2952 3151 esset
2976 3097 3194 3155 Abdias
3223 3100 3284 3155 in
3313 3100 3430 3168 via,
3462 3103 3565 3158 He-

1902 3184 2015 3241 lias
2041 3183 2294 3239 occurrit
2322 3183 2373 3238 ei
2406 3184 2545 3254 :qui
2578 3199 2716 3239 cum
2747 3186 3122 3255 cognovisset
3160 3203 3317 3253 eum,
3353 3190 3564 3246 cecidit

1903 3290 2081 3346 super
2103 3273 2318 3329 faciem
2350 3288 2543 3337 suam,
2575 3277 2631 3327 et
2660 3274 2740 3328 ait
2772 3290 2785 3328 :
2822 3277 2965 3329 Num
2996 3282 3052 3329 tu
3096 3292 3157 3329 es
3182 3275 3421 3331 domine
3454 3279 3556 3345 mi,

1904 3362 2096 3419 Helias
2122 3363 2148 3417 ?
2171 3363 2274 3419 Cui
2294 3362 2387 3417 ille
2412 3361 2718 3432 respondit
2751 3380 2763 3414 :
2798 3365 2938 3431 Ego.
2975 3365 3040 3417 Et
3069 3362 3214 3418 dixit
3248 3380 3260 3418 :
3292 3363 3467 3429 Vade,
3502 3371 3561 3420 et

1900 3451 1997 3508 dic
2023 3451 2271 3508 domino
2293 3457 2391 3506 tuo
2418 3467 2428 3505 :
2454 3449 2633 3505 Adest
2656 3450 2867 3505 Helias.
2897 3453 2961 3505 Et
2980 3450 3096 3519 ille,
3121 3452 3264 3516 Quid
3289 3453 3553 3523 peccavi,

1898 3541 2089 3612 inquit
2116 3540 2405 3613 quoniam
2430 3538 2612 3595 tradis
2644 3554 2739 3594 me
2770 3554 3007 3594 servum
3036 3545 3202 3595 tuum
3260 3540 3320 3596 in
3367 3557 3555 3597 manu

1897 3629 2123 3698 Achab,
2144 3634 2207 3684 ut
2229 3628 2543 3684 interﬁciat
2566 3643 2662 3683 me
2690 3628 2717 3683 ?
2738 3628 2883 3683 Vixit
2906 3629 3191 3684 Dominus
3216 3630 3368 3685 Deus
3397 3636 3552 3699 tuus,

1840 3700 1853 3711 ”
1895 3719 2039 3789 quia
2068 3733 2186 3773 non
2215 3721 2304 3773 est
2333 3731 2479 3785 gens
2500 3720 2603 3772 aut
2631 3731 2902 3787 regnum,
2934 3718 2995 3772 in
3025 3734 3148 3790 quo
3176 3734 3298 3773 non
3328 3718 3554 3775 miserit

1894 3805 2171 3861 dominus
2193 3819 2384 3873 meus,
2398 3810 2452 3859 te
2469 3804 2776 3875 requirens
2796 3820 2807 3857 :
2825 3810 2879 3859 et
2895 3804 3395 3875 respondentibus
3412 3820 3553 3861 cun-

1893 3895 2020 3951 ctis.
2054 3897 2181 3951 Non
2213 3900 2300 3949 est
2327 3893 2421 3949 hic
2460 3910 2472 3944 :
2512 3892 2810 3963 adjuravit
2856 3907 3040 3962 regna
3068 3893 3303 3963 singula
3334 3899 3388 3950 et
3414 3910 3551 3964 gen-

1892 3989 1995 4047 tes,
2044 4000 2113 4038 eo
2172 3983 2337 4055 quod
2388 3982 2634 4037 minime
2688 3981 3047 4053 reperireris.
3112 3985 3174 4038 Et
3216 3998 3372 4038 nunc
3401 3984 3551 4039 dicis

1891 4073 2040 4129 mihi
2067 4089 2079 4127 :
2110 4072 2288 4141 Vade,
2312 4077 2369 4127 et
2393 4071 2488 4126 dic
2508 4070 2755 4126 domino
2777 4075 2880 4126 tno
2911 4070 3347 4128 :AdestHelias.
3379 4072 3551 4135 Cum-

1888 4178 2005 4234 que
2025 4176 2329 4218 recessero
2359 4165 2494 4227 ate,
2529 4159 2767 4231 spiritus
2792 4160 3023 4215 Domini
3049 4160 3379 4232 asportabit
3410 4167 3460 4217 te
3486 4162 3548 4218 in

1885 4250 2107 4317 locum,
2144 4265 2324 4322 quem
2362 4265 2474 4319 ego
2522 4248 2733 4319 ignoro
2764 4265 2775 4303 :
2810 4253 2868 4303 et
2894 4248 3203 4318 ingressus
3242 4250 3547 4307 nunciabo

1886 4338 2113 4407 Achab,
2140 4345 2196 4394 et
2222 4353 2343 4394 non
2371 4338 2680 4393 inveniens
2712 4342 2785 4404 te,
2818 4337 3125 4393 interﬁciet
3162 4353 3258 4394 me
3290 4360 3302 4395 :
3338 4354 3546 4395 servus

1886 4432 2088 4484 autem
2110 4433 2245 4482 tuus
2266 4428 2431 4483 timet
2463 4425 2783 4482 Dominum
2822 4425 2899 4480 ad
2925 4424 3175 4481 infantia
3204 4443 3334 4482 sua.
3368 4430 3545 4483 Num-

1885 4517 2029 4590 quid
2048 4533 2171 4573 non
2192 4517 2522 4572 indicatum
2552 4516 2757 4571 esttibi
2777 4515 3026 4571 domino
3055 4516 3377 4588 meo,quid
3397 4516 3541 4572 fece-

1884 4608 1996 4663 rim
2013 4624 2142 4662 cum
2178 4607 2530 4663 interﬁceret
2546 4604 2773 4660 Jezabel
2791 4604 3112 4677 prophetas
3128 4603 3541 4675 Domini,quod

1883 4698 2293 4753 absconderim
2313 4697 2385 4751 de
2399 4695 2703 4767 prephetis
2720 4694 3190 4761 l)omini,centum
3210 4694 3364 4748 viros
3382 4694 3539 4762 quiu-

1882 4803 2192 4859 quagenos
2211 4788 2740 4858 etquinquagenos
2759 4784 2819 4839 in
2839 4784 3182 4856 spleluncis,
3203 4782 3535 4879 et‘paveri‘m

1880 4891 1984 4931 eos
2007 4892 2161 4948 pane
2188 4883 2242 4931 et
2280 4891 2440 4947 aqua
2469 4874 2496 4929 ?
2526 4874 2592 4929 Et
2629 4888 2789 4928 nunc
2830 4878 2889 4928 tu
2920 4871 3069 4927 dicis
3106 4888 3117 4924 :
3160 4869 3330 4933 Vade,
3360 4874 3416 4926 et
3441 4869 3537 4926 dic

1878 4964 2125 5021 domino
2176 4969 2276 5019 tuo
2318 4980 2331 5019 :
2380 4962 2558 5018 Adest
2583 4962 2771 5018 Helias
2805 4977 2821 5019 :
2862 4966 2925 5015 ut
2951 4957 3378 5014 interﬁciatme
3413 4959 3440 5014 ‘I
3474 4962 3538 5016 Et

1876 5052 2026 5109 dixit
2050 5052 2247 5108 Helias
2283 5068 2293 5106 :
2324 5050 2466 5106 Vivit
2491 5050 2768 5105 Dominus
2793 5046 3172 5115 exercituum,
3204 5055 3341 5105 ante
3365 5049 3535 5119 cujus

1875 5143 2103 5198 vultum
2130 5146 2243 5205 sto,
2272 5140 2417 5212 quia
2443 5137 2621 5193 hodie
2643 5136 2945 5209 apparebo
2974 5137 3044 5191 ei.
3074 5137 3229 5194 Abiit
3249 5153 3391 5207 ergo
3417 5136 3531 5191 Ab-

1872 5229 2003 5284 dias
2034 5228 2095 5282 in
2126 5243 2445 5282 occursum
2471 5224 2696 5293 Achab,
2740 5231 2796 5280 et
2826 5224 3110 5279 indicavit
3142 5226 3212 5279 ei.
3248 5226 3529 5295 Venitque

1870 5316 2152 5373 Achabin
2171 5331 2484 5370 occursum
2504 5314 2700 5370 Heliae.
2729 5316 2948 5369 Etcum
2972 5314 3215 5369 vidisset
3237 5329 3392 5375 eum,
3418 5313 3526 5367 ait:

1869 5408 1952 5461 Tu
1981 5420 2055 5460 ne
2076 5420 2139 5459 es
2163 5404 2279 5469 ille,
2312 5404 2415 5476 qui
2431 5402 2752 5459 conturbas
2783 5402 2960 5458 lsrael
2988 5402 3014 5455 ‘I
3050 5404 3111 5456 Et
3134 5401 3228 5456 illc
3252 5400 3333 5455 ait
3359 5417 3371 5454 :
3402 5403 3529 5457 Non

1870 5509 1980 5565 ego
2000 5492 2236 5551 turbavi
2275 5492 2471 5565 Israel,
2500 5492 2606 5551 sed
2625 5496 2707 5558 tu,
2734 5497 2788 5548 et
2815 5490 3033 5549 domus
3074 5488 3257 5632 paitgis
3288 5487 3389 5555 tui,
3420 5484 3528 5563 qui
