4094 6164
595 340 987 416 dereliquistis
1001 337 1288 396 mandata
1303 333 1560 406 Domini,
1577 338 1633 393 et
1645 331 1828 391 secuti
1849 330 1988 388 estis
2009 327 2252 386 Baalim.

595 436 1015 490 Verumtamen
1040 443 1202 485 nunc
1225 427 1407 496 mitte,
1447 430 1504 481 et
1551 436 1848 493 congrega
1883 418 1963 475 ad
1994 433 2093 472 me
2127 416 2254 472 uni-

591 536 835 578 versum
862 516 1044 575 Israel
1069 517 1131 572 in
1161 519 1360 572 monte
1391 511 1657 576 Carmeli,
1683 515 1738 566 et
1762 507 2091 581 prophetas
2116 504 2256 561 Baal

593 607 1066 682 quadringentos,
1086 602 1527 677 quinquaginta,
1542 599 1971 673 prophetasque
1998 593 2253 682 lucorum

592 696 1085 769 quadringentos,
1104 692 1208 765 qui
1227 690 1547 748 comedunt
1567 689 1639 744 de
1656 701 1865 742 mensa
1881 681 2138 738 Jezabel.
2159 681 2256 736 Mi-

594 787 670 842 sit
684 784 889 842 Achab
905 783 983 840 ad
1003 797 1213 839 omnes
1234 780 1386 836 ﬁlios
1407 779 1603 844 lsrael,
1626 784 1681 832 et
1711 771 2098 845 congregavit
2116 786 2256 842 pro-

592 873 806 946 phetas
823 873 883 927 in
900 874 1099 927 monte
1125 867 1392 926 Carmeli.
1412 866 1715 923 Accedens
1732 869 1931 920 autem
1954 860 2151 917 Helias
2175 858 2254 915 ad

591 976 837 1018 omnem
868 957 1160 1031 populum
1182 955 1379 1023 Israel,
1406 957 1487 1011 ait
1517 974 1528 1012 :
1553 956 1874 1024 Usquequo
1901 947 2254 1004 claudicatis

590 1050 652 1106 in
671 1050 824 1104 duas
835 1051 1032 1118 partes
1052 1047 1079 1100 ?
1105 1045 1154 1100 si
1170 1044 1444 1100 Dominus
1458 1049 1545 1099 est
1561 1046 1732 1104 Deus,
1757 1037 2066 1112 sequimini
2087 1053 2248 1093 eum:

593 1137 870 1192 siautem
913 1132 1072 1197 Baal,
1118 1132 1434 1204 sequimini
1463 1131 1649 1187 illum.
1701 1133 1766 1186 Et
1795 1144 1915 1184 non
1941 1126 2252 1199 respondit

591 1225 645 1281 ei
672 1222 852 1295 349
881 1221 1139 1295 populus
1172 1220 1439 1276 verbum.
1470 1223 1535 1276 Et
1561 1219 1644 1276 ait
1671 1233 1878 1274 rursus
1930 1215 2124 1272 Helias
2172 1213 2251 1270 ad

589 1311 924 1385 populum:
971 1313 1120 1380 Ergo
1143 1309 1402 1364 remansi
1434 1308 1722 1380 propheta
1759 1305 1994 1361 Domini
2036 1303 2198 1359 solus
2233 1317 2246 1357 :

589 1402 900 1473 prophetae
921 1402 1111 1454 autem
1130 1397 1252 1452 Baal
1275 1395 1694 1468 quadringenti
1716 1400 1772 1451 et
1791 1394 2246 1467 quinquaginta,

589 1488 1019 1561 prophetmque
1032 1486 1295 1542 lucorum
1309 1485 1714 1558 quadringenti
1729 1483 1835 1539 viri
1854 1487 2009 1538 sunt.
2036 1486 2251 1538 Dentur

590 1577 773 1634 nobis
798 1577 918 1632 duo
948 1576 1133 1632 boves
1161 1593 1176 1642 ;
1209 1579 1263 1630 et
1281 1574 1361 1630 illi
1388 1574 1608 1644 eligant
1637 1573 1749 1629 sibi
1787 1574 2003 1628 bovem
2031 1571 2244 1636 unum,

591 1665 727 1721 etin
765 1664 953 1718 frusta
972 1663 1286 1725 caedentes,
1310 1667 1540 1733 ponunt
1587 1676 1764 1732 super
1812 1660 1996 1730 ligna,
2045 1661 2246 1730 ignem

590 1756 794 1809 autem
819 1765 941 1805 non
972 1754 1317 1821 supponant
1347 1766 1359 1804 :
1384 1754 1440 1806 et
1463 1765 1574 1820 ego
1591 1749 1806 1805 faciam
1835 1749 2054 1805 bovem
2108 1748 2246 1804 alte-

587 1842 823 1902 rum,et
853 1836 1165 1909 imponam
1206 1853 1386 1909 super
1423 1836 1603 1908 ligua,
1627 1837 1826 1908 ignem
1871 1842 2073 1894 autem
2123 1853 2247 1895 non

589 1941 954 2000 supponam.
980 1929 1248 1982 lnvocate
1270 1925 1517 1983 nomina
1531 1926 1782 1982 deorum
1809 1931 2165 1994 vestrorum,
2188 1931 2244 1982 et

589 2030 733 2086 ergo
760 2013 1056 2070 invocabo
1073 2030 1295 2070 nomen
1314 2015 1414 2070 Dei
1427 2015 1540 2070 mei
1559 2031 1570 2070 :
1592 2019 1646 2071 et
1667 2016 1822 2070 Deus
1848 2016 1950 2087 qui
1971 2015 2243 2071 exaudie-

587 2105 778 2177 ritper
806 2102 1031 2174 ignem,
1067 2103 1194 2175 ipse
1221 2104 1294 2160 sit
1325 2105 1505 2160 Deus.
1540 2104 1933 2175 Respondens
1963 2104 2121 2160 omni
2140 2120 2244 2176 po-

586 2192 787 2268 pulus,
833 2192 916 2248 ait
945 2208 959 2247 :
989 2191 1227 2264 Optima
1279 2193 1629 2265 propositio,
1672 2209 1859 2266 quam
1888 2192 2122 2250 locutus
2154 2198 2242 2250 est

585 2281 799 2340 Helias.
827 2281 980 2338 Dixit
1007 2295 1150 2352 ergo
1189 2280 1381 2338 Helias
1435 2282 1742 2354 prophetis
1786 2281 1923 2338 Baal
1976 2298 1988 2336 :
2040 2281 2242 2352 Eligite

583 2373 759 2429 vobis
784 2370 1003 2428 bovem
1020 2386 1228 2438 unum,
1247 2375 1303 2428 et
1328 2371 1500 2428 facite
1526 2371 1726 2444 primi,
1757 2371 1903 2444 quia
1918 2387 2025 2427 vos
2046 2372 2241 2443 plures

586 2461 728 2519 estis
785 2479 798 2519 :
881 2463 938 2516 et
992 2460 1263 2516 invocate
1358 2459 1604 2517 nomina
1658 2460 1911 2516 deorum
1958 2465 2237 2531 vestrum,

584 2549 908 2623 ignemque
923 2564 1045 2606 non
1062 2549 1438 2621 supponatis.
1459 2549 1564 2614 Qui
1582 2565 1720 2604 cum
1738 2549 2011 2606 tulissent
2023 2549 2240 2606 bovem

585 2653 768 2712 quem
805 2637 1050 2695 dederat
1082 2637 1190 2708 eis,
1219 2637 1482 2694 fecerunt
1510 2653 1523 2692 :
1551 2642 1608 2693 et
1635 2637 1998 2694 invocabant
2018 2654 2239 2695 nomen

586 2727 726 2784 Baal
744 2727 819 2784 de
845 2742 1014 2784 mane
1045 2742 1238 2800 usque
1270 2725 1348 2782 ad
1373 2726 1708 2796 meridiem,
1749 2727 2011 2783 dicentes
2041 2747 2052 2786 :
2080 2728 2236 2796 Baal,

584 2816 802 2874 exaudi
832 2831 961 2872 nos.
987 2818 1052 2872 Et
1078 2830 1201 2872 non
1224 2820 1349 2872 erat
1370 2831 1508 2880 vox,
1542 2831 1652 2871 nec
1677 2815 1780 2887 qui
1808 2816 2191 2888 responderet
2219 2833 2237 2872 ε

584 2905 1111 2978 transiliebantque
1137 2904 1338 2974 altare,
1364 2904 1529 2976 quod
1555 2904 1815 2962 fecerant.
1839 2908 2077 2978 Cumque
2095 2911 2241 2961 esset

580 2993 710 3065 jam
731 2993 1028 3058 meridies,
1053 2992 1336 3049 illudebat
1353 2993 1464 3048 illis
1483 2993 1693 3050 Helias:
1717 2993 1921 3050 dicens
1943 3015 1954 3054 :
1983 2995 2241 3052 Clamate

582 3098 728 3140 voce
754 3083 980 3154 majore
1030 3099 1047 3138 :
1091 3086 1245 3139 Deus
1287 3083 1445 3139 enim
1471 3089 1575 3151 est,
1601 3089 1656 3140 et
1682 3085 1926 3140 forsitan
1954 3085 2242 3158 loquitur,

586 3177 692 3230 aut
735 3173 792 3228 in
822 3171 1152 3229 diversorio
1183 3176 1291 3238 est,
1327 3180 1428 3229 aut
1457 3173 1511 3228 in
1544 3173 1761 3237 itinere,
1793 3179 1895 3229 aut
1933 3180 2086 3230 certe
2104 3175 2240 3231 dor-

582 3262 710 3333 mit,
738 3267 802 3319 ut
830 3261 1131 3318 excitetur.
1163 3261 1532 3330 Clamabant,
1566 3278 1706 3333 ergo
1734 3278 1880 3319 voce
1911 3279 2152 3334 magna,
2187 3269 2242 3320 et

580 3351 922 3409 incidebant
941 3367 1002 3406 se
1025 3351 1202 3425 juxta
1223 3351 1402 3406 ritum
1444 3368 1620 3406 suum
1644 3351 1843 3407 cultris
1873 3357 1930 3408 et
1954 3351 2239 3408 lanceolis

580 3442 774 3500 donec
802 3439 1299 3514 perfunderentur
1333 3441 1644 3511 sanguine.
1678 3441 2002 3513 Postquam
2049 3448 2240 3498 autem

581 3529 810 3588 transiit
856 3529 1151 3601 meridies,
1205 3533 1261 3584 et
1288 3528 1400 3584 illis
1462 3529 1953 3602 prophetantibus
1998 3536 2241 3588 venerat

579 3622 836 3690 tempus,
862 3633 984 3690 quo
1011 3617 1369 3673 sacriﬁcium
1402 3617 1598 3674 offerri
1629 3618 1794 3685 solet,
1823 3635 1932 3675 nec
1958 3619 2239 3676 audieba-

580 3711 678 3766 tur
703 3721 837 3773 vox,
867 3721 976 3761 nec
1007 3705 1223 3778 aliquis
1264 3707 1688 3778 respondebat,
1749 3723 1856 3765 nec
1896 3709 2240 3766 attendebat

581 3799 856 3852 orantes:
891 3793 1034 3849 dixit
1053 3794 1243 3850 Helias
1269 3795 1432 3849 omni
1457 3795 1682 3866 populo
1715 3815 1727 3852 :
1761 3797 1957 3853 Venite
1997 3797 2074 3853 ad
2118 3815 2232 3854 me.

580 3886 647 3942 Et
669 3884 985 3941 accedente
1015 3882 1093 3939 ad
1120 3900 1178 3938 se
1210 3883 1453 3955 populo,
1508 3886 1734 3941 curavit
1771 3886 1954 3942 altare
1982 3887 2234 3951 Domini,

578 3973 744 4048 quod
773 3970 1138 4029 destructum
1162 3972 1387 4028 fuerat:
1421 3979 1475 4028 et
1504 3973 1632 4030 tulit
1655 3973 1972 4031 duodecim
2005 3975 2237 4047 lapides

573 4063 1089 4136 juxtanumerum
1116 4061 1379 4117 tribuum
1410 4062 1665 4118 ﬁliorum
1698 4063 1905 4130 Jacob,
1939 4067 2016 4119 ad
2061 4081 2236 4135 quem

579 4152 770 4208 factus
789 4157 880 4208 est
900 4165 1095 4207 sermo
1125 4151 1376 4216 Domini,
1402 4151 1642 4210 dicens:
1675 4152 1850 4207 Israel
1881 4151 1986 4206 erit
2015 4169 2234 4208 nomen

1861 199 2328 263 BBEVIARIUI
2361 195 2762 262 GOTHICUM.

3827 213 3906 280 588

2286 326 2333 382 Δ
2362 333 2486 386 seat
2509 329 2769 403 populus
2795 328 2926 393 iste,
2966 327 3112 400 quia
3143 331 3207 382 tu
3253 340 3317 381 es
3345 323 3608 386 Dominus
3638 335 3786 402 Deus,
3809 347 3910 402 ettu

2361 419 2703 474 convertisti
2730 433 2832 474 cor
2859 432 3069 472 eorum
3098 415 3332 471 iterum.
3365 417 3568 475 Cecidit
3604 428 3770 482 autem
3802 430 3910 500 ignis

2361 505 2620 569 Domini,
2639 511 2697 562 et
2711 505 2938 562 voravit
2951 504 3389 574 holocaustum,
3425 510 3478 561 et
3490 506 3650 577 ligna,
3662 517 3710 567 et
3722 513 3907 590 lapides,

2361 594 2670 666 pulverem
2687 610 2930 668 quoque
2948 600 3004 650 et
3022 609 3245 666 aquam
3257 609 3392 665 quae
3411 599 3527 651 erat
3542 597 3597 652 in
3635 603 3909 672 aqumductn

2361 683 2655 740 lambens.
2689 684 2858 749 Quod
2880 699 3018 739 cum
3040 683 3282 738 vidisset
3296 683 3476 739 omnis
3501 687 3744 758 populus,
3761 697 3910 752 cecidit

2362 771 2424 828 in
2456 773 2674 829 faciem
2699 789 2874 830 suam
2904 777 2960 828 et
2989 772 3069 828 ait
3100 789 3112 827 :
3147 771 3434 828 Dominus
3456 773 3567 843 ipse
3591 778 3910 843 estDeus,De

2362 862 2561 917 minus
2581 863 2710 933 ipse
2730 867 2816 917 est
2849 865 3020 917 Deus.
3047 861 3314 932 Dixitque
3337 859 3517 916 Helias
3540 863 3610 918 ad
3624 880 3737 923 eos:
3756 873 3912 939 Appre-

2358 948 2602 1004 hendite
2623 949 2947 1021 pr0phetas
2971 948 3126 1014 Baal,
3155 954 3211 1004 et
3231 964 3305 1004 ne
3327 963 3478 1003 unus
3511 951 3726 1022 quidem
3744 953 3916 1026 effugiat

2361 1052 2433 1092 ex
2453 1037 2562 1093 eis.
2589 1039 2751 1102 Quos
2774 1054 2914 1093 cum
2935 1036 3483 1109 apprehendissent,
3507 1039 3658 1096 duxit
3676 1057 3763 1097 eos
3782 1044 3915 1100 Helias

2361 1125 2440 1181 ad
2472 1131 2793 1182 torrentem
2828 1128 3022 1191 Cison,
3055 1131 3111 1181 et
3138 1124 3428 1182 interfecit
3445 1142 3540 1182 eos
3567 1127 3654 1183 ibi.
3685 1140 3739 1198 ἢ.
3765 1133 3910 1188 Amen.

2430 1214 2768 1285 Antiphone
2796 1219 2841 1269 t.
2876 1215 2932 1272 Si
2963 1213 3356 1270 ambulavero
3383 1214 3442 1268 in
3468 1215 3645 1272 medio
3669 1217 3914 1276 tribulatio-

2357 1302 2473 1370 nis,
2514 1301 2839 1359 viviﬁcabis
2867 1318 2952 1357 me
2980 1319 2992 1357 :
3027 1307 3081 1358 et
3110 1317 3290 1373 super
3318 1302 3461 1358 iram
3483 1302 3794 1361 inimicorum
3813 1323 3915 1363 meo-

2356 1406 2491 1446 rum
2553 1391 2864 1447 extendisti
2918 1407 3168 1447 manum
3191 1395 3384 1460 tuam,
3415 1397 3468 1447 et
3496 1391 3698 1448 salvum
3722 1411 3802 1451 me
3825 1395 3921 1452 fecit

2357 1479 2598 1536 dextera
2621 1486 2742 1535 tua.
2764 1479 2826 1540 V.
2855 1480 3142 1536 Dominus
3160 1480 3445 1536 retribuet
3472 1496 3574 1552 pro
3594 1497 3673 1538 me
3699 1501 3710 1537 :
3737 1485 3919 1539 Domine

2357 1568 2767 1624 misericordia
2792 1573 2893 1624 tua
2916 1569 2977 1623 in
3005 1573 3295 1625 aeternum
3326 1589 3340 1624 :
3363 1584 3541 1640 opera
3566 1586 3798 1627 manuum
3821 1577 3922 1628 tua-

2282 1672 2328 1731 Β
2356 1671 2490 1712 rum
2529 1672 2604 1712 ne
2636 1656 2953 1728 despicias.

2427 1746 2652 1802 Oratio.
2690 1746 2745 1801 Si
2777 1745 3278 1802 ambulaverimus
3309 1745 3370 1800 in
3405 1745 3590 1802 medio
3613 1745 3921 1803 tribulationis

2353 1838 2587 1898 nostras,
2613 1835 2862 1890 Domine
2886 1833 3122 1891 viviﬁca
3141 1849 3286 1900 nos;
3311 1839 3370 1890 et
3393 1851 3564 1908 super
3577 1835 3706 1892 iram
3721 1835 3920 1892 inimico-

2351 1939 2486 1979 rum
2515 1929 2856 1980 nostrorum
2885 1923 3083 1980 emitte
3101 1939 3355 1980 manum
3390 1929 3552 1980 tuam
3574 1943 3587 1978 :
3610 1929 3660 1980 et
3675 1923 3825 1979 libera
3839 1940 3918 1980 nos

2351 2011 2594 2068 dextera
2608 2018 2727 2075 tua,
2749 2014 2853 2084 qui
2881 2013 3074 2068 vicisti
3098 2013 3286 2069 mund
3297 2030 3401 2070 um
3423 2030 3523 2086 per
3569 2014 3742 2068 Crucis
3762 2018 3844 2069 tua
3858 2014 3916 2067 in-

2351 2101 2739 2158 victissimum
2781 2102 3024 2172 signum
3061 2121 3074 2158 :
3109 2108 3173 2159 ut
3212 2119 3319 2175 per
3378 2108 3435 2160 te
3489 2103 3563 2160 ab
3601 2103 3760 2160 aereis
3789 2103 3917 2172 hujus

2350 2190 2547 2245 mundi
2575 2191 2968 2262 potestatibus
2985 2191 3296 2263 insigniter
3317 2193 3564 2257 liberati,
3586 2191 3919 2263 triumphantes

2350 2282 2405 2334 et
2427 2285 2674 2335 ovantes
2693 2288 2968 2352 petamus
2990 2281 3201 2337 intima
3227 2281 3386 2339 cceli.
3407 2293 3469 2353 ἢ.
3493 2283 3680 2336 Amen.

2418 2369 2767 2437 Antiphona
2790 2374 2840 2424 2.
2881 2374 3056 2436 Pone,
3090 2371 3356 2436 Domine,
3397 2371 3713 2442 lachrymas
3732 2383 3863 2424 meas
3880 2367 3921 2421 in

2349 2463 2670 2528 conspectu
2700 2464 2833 2530 tuo;
2860 2465 3282 2516 convertantur
3307 2459 3535 2516 inimici
3553 2457 3658 2515 mei
3680 2463 3921 2517 reici-sum.

2349 2550 2405 2602 et
2450 2562 2813 2618 cognoscam
2873 2565 3004 2620 ego,
3063 2550 3210 2618 quia
3263 2554 3325 2606 tu
3375 2567 3438 2605 es
3465 2551 3612 2604 Deus
3638 2563 3788 2603 meus.
3811 2545 3856 2604 ἵ.
3878 2546 3924 2599 In

2348 2650 2733 2708 quacumque
2755 2637 2849 2694 die
2871 2638 3226 2694 invocavero
3248 2643 3327 2703 te,
3348 2639 3624 2695 velociter
3641 2634 3807 2692 exaudi
3827 2647 3918 2688 me.

2299 2788 2310 2798 ι
2349 2725 2739 2797 Multiplicasti
2766 2727 3030 2783 animam
3060 2729 3335 2784 meamin
3354 2728 3599 2784 virtute:
3629 2739 3733 2782 ecce
3752 2735 3921 2792 cogno-

2346 2813 2425 2878 vi,
2460 2815 2740 2886 quoniam
2775 2817 2928 2872 Deus
2958 2833 3128 2873 meus
3161 2834 3224 2873 es
3253 2823 3338 2873 tu.

2421 2903 2651 2960 Oratio.
2677 2908 2829 2961 Pone
2856 2908 3101 2962 Domine
3120 2907 3179 2962 in
3199 2910 3526 2979 conspectu
3542 2911 3635 2962 tuo
3649 2905 3818 2958 contra
3835 2913 3922 2956 eos.

2279 3023 2322 3092 ο
2350 2992 2575 3065 quinos
2591 2995 2862 3058 oderunt,
2886 3003 3217 3051 nostrarum
3245 2997 3452 3052 obices
3480 2988 3924 3065 lachrymarumzul

2344 3082 2473 3154 jam
2505 3083 2747 3139 tandem
2777 3083 3000 3140 inimici
3016 3086 3202 3141 nostri
3229 3086 3923 3142 convertanturretrorsum,

2349 3173 2452 3245 qui
2467 3188 2576 3228 nos
2592 3173 2808 3230 insano
2825 3175 2964 3230 odio
2978 3179 3456 3248 persequuntur:
3478 3174 3922 3245 sicque,rogamus,

2348 3262 2535 3317 nostri
2563 3262 2831 3318 criminis
2856 3264 3133 3319 incendia
3161 3263 3407 3321 ubertas
3435 3263 3830 3333 lachrymarum
3862 3264 3928 3304 ex-

2348 3351 2581 3420 tinguat
2613 3357 2675 3408 ut
2707 3353 3004 3424 passionis
3020 3357 3134 3408 tuae
3157 3353 3465 3410 celebritas
3497 3367 3597 3424 per
3623 3352 3814 3405 arctam
3837 3352 3931 3410 gra-

2347 3441 2578 3498 dientes
2605 3443 2766 3499 viam
2806 3444 2884 3500 ad
2915 3443 3135 3515 gaudia
3165 3459 3275 3500 nos
3315 3443 3618 3516 pertrahat
3643 3435 3853 3495 inﬁnita.
3883 3439 3926 3492 li-

2347 3532 2555 3587 Amen.

2415 3621 2770 3689 Antiphone
2798 3625 2847 3678 3.
2869 3625 2913 3677 Α
2942 3621 3154 3694 laqueo
3184 3621 3408 3692 linguae
3435 3621 3648 3693 iniquas
3673 3614 3830 3671 libera
3847 3619 3928 3661 me.

2345 3709 2606 3774 Domine,
2627 3717 2681 3766 et
2725 3727 2760 3767 a
2776 3710 2950 3767 labiis
2974 3711 3368 3784 operantibus
3388 3708 3756 3766 mendacium.
3777 3697 3921 3755 Libera

2345 3813 2441 3854 me
2461 3815 2495 3854 a
2512 3800 2900 3868 rugientibus,
2919 3801 3134 3871 paratis
3152 3800 3224 3856 ad
3242 3804 3530 3864 escam,et
3553 3797 3623 3853 de
3644 3805 3803 3850 manu
3818 3797 3927 3858 (108‘

2344 3887 2599 3942 rentium
2621 3888 2885 3944 animam
2901 3905 3117 3944 meam.
3131 3888 3194 3950 γ.
3214 3889 3298 3942 Ad
3327 3886 3646 3944 Dominum
3663 3896 3781 3939 cum
3802 3871 3926 3931 tribu-

2343 3974 2499 4032 larer
2530 3975 2707 4048 350
2735 3977 2985 4032 clamavi
3015 3994 3026 4030 :
3053 3981 3110 4032 et
3138 3977 3448 4033 exaudivit
3474 3991 3587 4031 me.

2415 4067 2715 4135 Hymnus.
2759 4069 2802 4122 Ο
2840 4070 3152 4122 Nazarene.
3182 4067 3293 4136 fol.
3318 4071 3438 4123 144.

2417 4155 2642 4210 Oratio.
2665 4154 2886 4211 Christe
2904 4157 3001 4211 Dei
3020 4157 3204 4212 Patris
3219 4155 3534 4211 individua
3553 4150 3750 4225 proles,
3765 4145 3844 4219 qui
3865 4141 3931 4199 ad-

578 4247 770 4300 tuum.
803 4243 867 4299 Et
903 4241 1216 4298 aedificavit
1254 4242 1327 4297 de
1357 4242 1663 4314 lapidibus
1696 4243 1879 4297 altare
1910 4242 1970 4296 in
1993 4244 2235 4298 nomine
2270 4314 2300 4317 _
2345 4249 2575 4315 sumpto
2593 4244 3927 4317 hominelaqueosiniqumlinguzeperpessusse;

575 4328 838 4388 Domini:
867 4331 1118 4404 fecitque
1150 4331 1584 4404 aquaeductum,
1621 4331 1791 4402 quasi
1817 4346 1920 4401 per
1942 4333 2092 4388 duas
2116 4349 2237 4389 ara-
2269 4314 2314 4368 D
2345 4338 2409 4389 tu
2432 4314 2743 4388 Ecclesiam
2768 4314 3019 4389 tuam—ab
3042 4314 3294 4388 omnium
3325 4334 3668 4406 passionum
3694 4317 3929 4383 inlecebris

577 4421 897 4485 tiunculas,
927 4420 988 4476 in
1014 4421 1257 4476 circuitu
1284 4420 1502 4484 altaris,
1545 4425 1600 4475 et
1644 4420 1984 4492 composuit
2016 4421 2179 4492 ligna
2220 4439 2234 4478 :

576 4510 892 4583 divisitque
913 4525 1018 4582 per
1032 4511 1282 4565 membra
1299 4509 1528 4574 bovem,
1550 4512 1605 4564 et
1624 4509 1821 4580 posuit
1841 4525 2020 4581 super
2050 4510 2234 4583 ligna,

577 4603 634 4657 et
671 4600 796 4657 ait:
831 4597 1068 4670 lmplete
1090 4603 1347 4670 quatuor
1393 4596 1640 4670 hydrias
1679 4613 1858 4670 aqua,
1913 4603 1969 4654 et
2014 4599 2239 4657 fundite

577 4703 758 4760 super
779 4687 1215 4758 holocaustum,
1249 4691 1306 4743 et
1336 4703 1514 4759 super
1542 4686 1724 4757 ligna.
1759 4689 2128 4761 Rursumque
2150 4691 2237 4745 di-

575 4777 663 4834 xit
689 4792 701 4832 :
731 4777 920 4833 Etiam
951 4775 1217 4832 secundo
1248 4775 1357 4832 hoc
1385 4775 1575 4832 facite.
1607 4776 1711 4839 Qui
1767 4792 1906 4832 cum
1965 4777 2242 4845 fecissent

577 4865 862 4933 secundo,
888 4865 1006 4921 ait:
1050 4864 1239 4922 Etiam
1287 4864 1459 4921 tertio
1496 4863 1558 4920 id
1601 4864 1802 4938 ipsum
1827 4865 2022 4922 facite.
2072 4871 2238 4925 Fece-

574 4959 831 5026 runtque
861 4954 1046 5019 tertio,
1076 4958 1132 5010 et
1161 4953 1481 5010 currebant
1500 4969 1674 5026 aquae.
1707 4953 1934 5010 circum
1957 4955 2160 5023 altare,
2184 4972 2241 5026 et

575 5042 740 5100 fossa
759 5043 1150 5115 aqumductus
1172 5043 1397 5116 repleta
1417 5047 1526 5099 est.
1553 5042 1821 5116 Cumque
1840 5044 1971 5115 jam
1998 5049 2237 5119 tempus

575 5136 734 5192 esset
761 5138 826 5188 ut
853 5131 1159 5188 offerretur
1213 5132 1652 5199 holocaustum,
1716 5132 2009 5190 accedens
2042 5135 2236 5193 Helias

573 5223 888 5299 propheta,
918 5222 997 5279 ait
1023 5239 1035 5277 :
1071 5223 1316 5279 Domine
1348 5225 1498 5278 Deus
1527 5222 1852 5287 Abraham,
1885 5229 1940 5280 et
1969 5227 2156 5292 Isaac,
2182 5232 2238 5282 et

574 5311 772 5378 Israel,
804 5312 1051 5368 ostende
1076 5312 1252 5367 hodie
1274 5313 1414 5382 quia
1443 5318 1504 5367 tu
1537 5328 1597 5367 es
1634 5315 1786 5366 Dens
1827 5315 2019 5370 lsrael.
2047 5322 2098 5370 et
2125 5332 2235 5376 ego

577 5417 782 5460 servus
811 5407 969 5474 tuus,
1003 5408 1060 5459 et
1100 5402 1272 5474 juxta
1296 5408 1657 5473 prmceptum
1691 5410 1858 5458 tuum
1888 5403 1999 5460 feci
2032 5421 2236 5462 omnia

576 5492 765 5554 verba
787 5491 938 5552 haec.
973 5491 1197 5551 Exaudi
1217 5505 1316 5549 me
1341 5489 1610 5560 Domine,
1637 5491 1856 5549 exaudi
1883 5509 1977 5551 me
2011 5511 2024 5549 :
2046 5499 2112 5551 ut
2139 5493 2233 5550 di-

2342 4421 2530 4477 libera
2558 4437 2569 4485 ;
2595 4438 2630 4476 a
2660 4421 3017 4478 nocibilitate
3056 4421 3350 4478 labiorum
3386 4419 3797 4478 detrahentium
3817 4409 3929 4466 inlae-

2347 4527 2476 4566 sam
2504 4527 2794 4567 conserva
2821 4527 2834 4565 :
2863 4515 3162 4583 quatenus
3214 4527 3249 4566 a
3297 4509 3684 4580 rugientibus,
3714 4496 3925 4560 ministris

2347 4599 2568 4655 scilicet
2605 4599 2916 4655 diabolicae
2947 4599 3254 4672 potestatis
3285 4605 3586 4672 exempta,
3636 4593 3828 4653 tibimet
3850 4599 3929 4641 ca!-

2345 4687 2475 4744 lesti
2501 4689 2560 4743 in
2588 4688 2753 4743 curia
2779 4687 3065 4744 inhaereat
3087 4687 3373 4760 gloriosa.

2420 4780 2585 4834 Pater
2614 4781 2832 4834 noster.

2950 4866 3047 4922 Ad
3112 4867 3442 4940 Vcsperum.

2417 4955 2638 5012 Lauda.
2669 4953 3030 5012 llluminatio
3063 4971 3216 5023 mea,
3247 4961 3302 5012 et
3339 4954 3507 5012 salus
3539 4967 3669 5010 mea
3695 4942 3930 5034 Dominus.

2417 5047 2784 5116 Antiphona.
2809 5048 3028 5102 Invoca
3047 5062 3143 5102 me
3167 5047 3229 5103 in
3254 5045 3345 5102 die
3367 5039 3752 5101 tribulationis
3773 5037 3933 5090 :eterr

2347 5135 2509 5208 piam
2534 5140 2683 5204 te,et
2707 5133 3026 5206 gloricabis
3058 5151 3173 5193 me.
3202 5136 3480 5192 Psalmus
3509 5147 3653 5190 xux.
3879 5203 3903 5212 __

2417 5225 2642 5281 Lauda.
2673 5204 2874 5280 Veniat
2915 5241 3094 5296 super
3131 5241 3264 5293 nos,
3300 5223 3568 5286 Domine,
3601 5204 3931 5276 misericordia

2347 5318 2445 5370 tua
2471 5333 2482 5378 ;
2509 5321 2562 5369 et
2588 5315 2840 5369 salutare
2864 5323 3050 5378 tuum,
3086 5321 3141 5369 et
3163 5313 3472 5385 eloquium
3502 5321 3682 5368 tuum.
3722 5303 3776 5364 ἴ·
3808 5301 3932 5355 Είτθ·

2344 5406 2656 5476 spondebo
2681 5405 3180 5476 exprobrantibus
3207 5404 3354 5461 mihi
3377 5402 3660 5460 verbum:
3688 5393 3813 5469 quia
3837 5396 3928 5456 399‘

2341 5493 2462 5552 rari
2488 5493 2548 5550 in
2599 5491 2977 5552 sermonibus
3011 5493 3146 5550 tuis.
