4094 6164
108 392 205 449 589

1246 393 1601 450 DOMINICA
1642 393 1712 451 IN
1752 393 1975 453 HAMIS
2018 397 2423 456 PALMARUM

3408 410 3519 473 590

170 519 474 589 Hymnus.
519 516 757 609 Yocaris
805 516 1142 609 ad-vitam.‘
1172 518 1415 609 fol.334.
1461 520 1761 591 Capitula.
1795 520 1841 578 A
1952 525 2173 583 Oratio.
2228 526 2621 599 Omnipotens
2675 524 2775 582 Dei
2833 528 3014 585 Filius
3064 532 3304 602 Christe,
3352 538 3527 609 cujus

108 610 261 663 Deus
291 604 783 664 auctorluminis.
811 606 923 675 fol.
947 610 1069 662 343.
1109 605 1336 667 Lauda.
1366 612 1498 667 Haec
1547 614 1637 667 est
1666 625 1766 681 ge-

106 698 354 755 neratio.
375 696 489 766 fol.
533 698 655 752 345.

725 799 887 839 PERIA
945 800 1166 847 QUARTA

686 873 783 927 Ad
812 872 1198 929 Matutinum.

184 962 559 1033 Antiphona.
594 958 839 1017 Salvum
854 974 948 1016 me
974 959 1066 1016 fac
1091 963 1243 1016 Deus
1257 976 1445 1018 meus.
1474 964 1767 1029 Quoniam

107 1056 173 1110 tu
209 1051 558 1125 percussisti
589 1064 801 1105 omnes
832 1049 1375 1106 adversantesmihi
1404 1052 1531 1108 sine
1561 1068 1765 1110 causa:

102 1141 323 1198 dentes
336 1144 721 1213 peccatorum
736 1137 1083 1194 contrivisti.
1107 1137 1375 1195 Psalmus
1401 1156 1478 1196 ιιι.

178 1228 872 1286 0ratio.tlonfessionem
890 1231 1155 1283 nostram
1171 1227 1417 1283 Domine
1441 1234 1577 1300 post
1606 1232 1771 1303 quie-

101 1326 248 1386 tem,
293 1318 549 1388 dignam
578 1317 691 1372 tuis
719 1313 1133 1389 conspectibus
1155 1315 1319 1372 effice
1354 1333 1366 1373 :
1397 1322 1463 1374 ut
1508 1318 1660 1377 sicut
1685 1336 1772 1377 re-

102 1407 402 1465 surrectio
434 1410 646 1462 nostra
690 1404 749 1461 in
780 1413 832 1461 te
862 1404 1118 1477 sumpsit
1143 1404 1454 1461 exordium
1478 1426 1494 1478 ;
1526 1406 1608 1464 ita
1650 1409 1773 1466 vita

98 1504 318 1555 nostra
347 1512 385 1552 a
416 1500 472 1551 te
504 1494 725 1551 habeat
752 1493 1088 1566 praemium,
1128 1497 1456 1567 nostraque
1486 1494 1771 1567 fragilitas

103 1592 210 1643 tuo
248 1585 568 1642 muniatur
593 1584 855 1641 auxilio:
890 1590 954 1639 ut
1013 1583 1275 1640 hostium
1317 1583 1503 1641 millia
1559 1586 1771 1643 rabido

102 1693 216 1732 nos
248 1674 760 1731 circumdautium
790 1671 1041 1742 fremitu,
1098 1677 1199 1729 tuo
1230 1673 1655 1746 dispargantur
1680 1676 1770 1746 ju-

103 1764 289 1835 dicio,
327 1770 552 1835 tuoque
578 1764 961 1817 conterantur
986 1766 1282 1834 respectu,
1313 1762 1544 1836 tuisque
1557 1763 1772 1835 jaculis

1877 613 2062 670 verba
2092 614 2249 688 stylo
2276 615 2484 682 ferreo,
2506 616 2637 673 forti
2668 616 2885 674 scilicet
2933 622 3221 679 sententia
3264 624 3523 692 Patrum,

1878 704 2096 775 scripta
2109 702 2541 775 dignoscantur
2557 724 2570 774 ;
2584 705 2645 762 in
2664 711 2832 779 petra
2846 707 3308 780 praedurissima,
3330 714 3529 771 videli-

1877 795 1967 847 cet
1992 793 2259 861 gentium
2286 793 2489 859 corda,
2520 794 2801 853 universa
2816 794 3229 855 membrorum
3255 801 3530 858 Ecclesia:

1875 882 1991 935 tuae
2022 879 2207 937 corda
2238 881 2567 952 emolliens,
2608 884 2859 942 nomina
2890 902 3097 943 eorum
3132 887 3193 943 in
3220 888 3444 961 pagina
3470 889 3532 945 li-

1876 965 1969 1022 bri
1995 966 2128 1023 vita:
2159 969 2327 1038 digiti
2360 970 2442 1027 tui
2458 976 2665 1029 sancto
2681 972 2837 1046 stylo
2864 975 3193 1043 conscribe;
3216 993 3338 1049 quo
3355 981 3411 1034 et
3428 993 3532 1035 na-

1877 1056 2047 1113 turali
2070 1057 2377 1129 turgedine
2408 1066 2667 1127 careant,
2701 1067 2756 1119 et
2788 1080 2935 1121 verae
2955 1063 3310 1123 humilitatis
3339 1065 3533 1139 gratia

1878 1144 2221 1203 enitescant.
2255 1157 2320 1218 Βί.
2334 1152 2543 1205 Amen.

2480 1238 2551 1294 In
2600 1240 2921 1297 Laudibus.

1949 1323 2313 1394 Antiphonti.
2338 1325 2773 1401 Deus,pr0pter
2802 1334 2854 1386 te
2890 1346 2925 1387 a
2952 1332 3210 1403 peccatis
3268 1335 3417 1391 meis
3444 1335 3528 1395 fa-

1881 1408 2035 1467 ciem
2066 1415 2231 1470 tuam
2258 1419 2477 1471 averte:
2506 1420 2560 1472 et
2587 1432 2793 1473 omnes
2824 1418 3162 1491 iniquitates
3185 1438 3353 1479 meas
3376 1424 3526 1483 dele.

1882 1501 2177 1567 Quoniam
2204 1518 2316 1574 ego
2336 1502 2398 1559 in
2436 1503 2848 1577 iniquitatibus
2898 1513 3221 1581 conceptus
3269 1528 3406 1570 sum
3438 1520 3535 1571 :et

1880 1590 1941 1647 in
1970 1593 2231 1664 peccatis
2254 1593 2481 1665 peperit
2513 1612 2605 1650 me
2629 1603 2820 1653 mater
2844 1614 2988 1655 mea.
3022 1599 3293 1658 Psalmus
3322 1619 3380 1660 1..

1954 1681 2124 1755 351
2161 1683 2379 1739 Oratio.
2414 1685 2897 1754 Agnoscentibus
2940 1688 3135 1744 nobis.
3164 1691 3276 1759 fol.
3297 1696 3423 1749 259.

1952 1770 2302 1840 Antiphona
2335 1772 2626 1829 Dominus
2651 1790 2889 1831 mecum
2942 1779 3028 1832 est
3074 1779 3250 1849 quasi
3282 1778 3531 1837 bellator

102 1853 505 1909 vulnerentur
532 1869 543 1906 :
576 1856 631 1906 et
660 1849 831 1937 plebs
864 1854 967 1905 ate
1008 1851 1267 1918 condita,
1299 1866 1335 1908 a
1364 1856 1417 1907 te
1436 1850 1767 1925 redempta,
1802 1862 1847 1929 Β
1884 1858 2046 1915 fortis
2081 1876 2092 1915 :
2128 1859 2349 1916 idcirco
2379 1861 2483 1933 qui
2501 1868 2935 1936 persequuntur
2956 1881 3071 1932 me,
3103 1867 3336 1937 cadant,
3367 1872 3424 1925 et
3442 1870 3532 1925 in-

103 1957 185 1997 ex
213 1947 275 1997 te
299 1942 600 2011 suscepta,
633 1936 775 1993 ﬂdei
826 1938 1038 1994 merito
1092 1943 1418 2012 sanctoque
1480 1938 1773 1997 famulatu

107 2044 369 2101 semper
388 2027 462 2083 ad
492 2034 545 2083 te
563 2030 916 2095 concurrat;
948 2028 1187 2099 tuisque
1218 2028 1279 2083 in
1311 2028 1540 2085 atriiste
1567 2028 1774 2087 crebro

99 2118 440 2177 laudatura
478 2116 825 2185 consurgat.
850 2127 913 2185 av.
982 2119 1195 2172 Amen.

174 2204 537 2277 Anti‘phona
569 2204 800 2261 LPosui
816 2200 1028 2261 faciem
1044 2222 1242 2263 meam
1260 2211 1320 2263 ut
1334 2214 1562 2278 petram
1584 2205 1776 2262 duris-

103 2299 363 2362 simam,
402 2300 455 2352 et
482 2296 606 2351 scio
630 2294 919 2367 quoniam
960 2310 1079 2351 non
1108 2294 1464 2352 confundar.
1492 2298 1665 2353 Juxta
1690 2300 1777 2353 est

109 2386 279 2443 enim
298 2385 409 2458 qui
431 2400 526 2441 me
544 2383 847 2457 justiﬁcat.
867 2382 929 2445 tr.
953 2384 1123 2456 Eripe
1152 2383 1335 2441 mede
1356 2384 1613 2441 inimicis
1630 2384 1778 2441 meis

119 2478 269 2532 Deus
298 2490 480 2530 meus
506 2491 519 2527 :
556 2476 612 2528 et
647 2472 723 2528 ab
754 2472 1207 2543 insurgentibus
1238 2474 1298 2529 in
1325 2489 1420 2529 me
1450 2472 1637 2531 libera
1659 2488 1774 2532 me.

181 2562 417 2620 Oratio.
441 2560 662 2617 Christe
694 2564 865 2627 Deus,
891 2562 993 2634 qui
1019 2562 1316 2618 mundum
1365 2563 1606 2619 veniens
1636 2563 1780 2619 libe-

116 2658 357 2711 raturas
378 2650 443 2707 in
480 2666 680 2717 carne,
714 2649 929 2706 faciem
962 2654 1145 2715 tuam,
1179 2655 1241 2706 ut
1280 2655 1509 2723 petram
1533 2651 1781 2723 posuisti

123 2744 517 2799 durissimam
544 2758 557 2808 ;
583 2740 739 2810 erige
770 2755 882 2795 nos
911 2740 1201 2811 passionis
1246 2746 1359 2796 tua:
1410 2740 1685 2813 exemplo
1726 2744 1783 2797 et

122 2833 312 2889 crucis
341 2829 733 2886 circumvalla
762 2827 1042 2901 praesidio
1068 2834 1161 2897 ;ut
1184 2828 1573 2885 etinﬁdelitas
1606 2846 1709 2901 per
1729 2833 1781 2885 te

120 2920 372 2978 confusa
400 2920 725 2990 dispereat,
759 2922 1073 2974 etrursum
1103 2917 1360 2975 ﬁdelitas
1388 2935 1424 2976 a
1456 2924 1505 2976 te
1537 2930 1785 2977 corona-

122 3017 255 3066 tura
286 3008 621 3082 perveniat.
668 3018 729 3067 ἢ.
754 3007 965 3063 Amen.

191 3098 544 3167 Antiphona
564 3099 617 3149 2.
648 3098 979 3165 Congrega,
1016 3094 1289 3165 Domine,
1324 3096 1599 3153 inimicos
1619 3111 1786 3153 meos

123 3186 293 3261 quasi
326 3200 577 3257 gregem
610 3182 689 3240 ad
722 3185 1025 3240 victimam
1056 3184 1401 3241 :sanctiﬁca
1445 3185 1579 3241 illos
1609 3187 1668 3240 in
1691 3185 1787 3242 die

126 3276 442 3333 occisionis
477 3274 619 3346 quia
653 3272 966 3329 dixerunt:
1022 3276 1150 3330 Non
1178 3272 1405 3330 videbit
1461 3273 1788 3331 novissima

129 3372 348 3424 nostra.
388 3366 453 3426 τ’.
490 3366 760 3425 Domine,
804 3363 1019 3419 exaudi
1058 3364 1387 3420 orationem
1452 3380 1655 3420 meam
1690 3385 1701 3423 :
1736 3364 1792 3423 et

133 3458 356 3512 ciamor
387 3470 566 3511 meus
597 3452 670 3509 ad
701 3458 755 3509 te
790 3452 1116 3525 perveniat.
1149 3456 1275 3510 Non
1317 3458 1554 3510 avertas
1577 3452 1789 3512 faciem

134 3552 292 3603 tuam
328 3563 366 3601 a
410 3559 529 3599 me.

197 3638 428 3694 Uratio.
456 3637 787 3705 Congrega,
822 3630 1092 3697 Domine,
1128 3632 1403 3689 inimicos
1460 3639 1594 3690 tuos
1618 3635 1793 3708 quasi

134 3742 375 3797 gregem
408 3723 485 3778 ad
529 3721 986 3792 victimam,quo
1019 3725 1123 3777 aut
1153 3720 1561 3793 resipiscentes
1584 3724 1661 3778 ad
1684 3732 1793 3779 ve-

135 3818 292 3872 niam
320 3812 594 3881 redeant,
632 3815 732 3867 aut
756 3810 816 3865 in
838 3809 1012 3866 malis
1026 3809 1420 3882 perdurantes
1452 3811 1795 3867 aeternitatis

132 3904 357 3973 judicio
379 3900 844 3958 contabescant:
882 3904 944 3954 ut
980 3904 1042 3955 tu
1059 3899 1243 3965 solus,
1294 3900 1653 3972 quivictima
1668 3914 1797 3971 pro-

132 3995 310 4052 nobis
348 3990 583 4047 munda
612 3989 851 4045 oblatus
882 4004 944 4043 es
967 3988 1411 4054 Patri,victores
1444 4004 1555 4046 nos
1573 3987 1795 4045 efﬁcias

133 4082 408 4140 criminis
430 4077 642 4135 nostri.
674 4089 737 4147 Βτ.
800 4079 1009 4132 Amen.
1080 4082 1085 4088 ‘

194 4169 553 4237 Antiphona
574 4166 772 4223 3.Non
804 4170 1040 4223 avertas
1068 4182 1276 4221 aurem
1312 4170 1477 4223 tuam
1505 4183 1541 4223 a
1564 4166 1798 4236 singul-

130 4264 190 4316 tu
226 4272 405 4323 meo,
428 4261 482 4311 et
502 4255 877 4321 clamoribus,
897 4250 1143 4311 Domine
1160 4253 1315 4309 Deus
1338 4270 1506 4311 meus
1532 4273 1542 4311 :
1578 4270 1795 4328 appro-

124 4352 376 4421 pinqua
409 4346 469 4401 in
502 4344 591 4401 die
646 4345 1065 4411 tribulationis,
1126 4349 1181 4400 et
1213 4342 1306 4399 dic
1363 4344 1576 4401 animae
1599 4361 1747 4400 mete
1780 4365 1791 4404 :

116 4437 195 4497 Ne
235 4439 490 4495 timeas.
525 4434 686 4503 Vide,
743 4433 1013 4491 Domine.
1051 4432 1395 4505 iniquitates
1448 4450 1656 4491 eorum
1688 4433 1799 4491 ad-

118 4542 380 4585 versum
405 4541 505 4581 me
548 4545 560 4583 ς
592 4522 799 4596 judica
839 4520 1137 4593 judicium
1169 4537 1398 4581 meum.

202 4582 445 4674 Dratio.
466 4582 613 4671 Non.
626 4582 860 4669 avertas
895 4627 1102 4669 aurem
1124 4614 1281 4669 tuam
1320 4628 1356 4668 a
1386 4611 1649 4684 singultu
1698 4627 1801 4669 no-
1830 4582 1876 4636 D

134 4711 281 4773 stro,
311 4705 587 4769 Domine,
612 4706 903 4758 nectuum
918 4716 1225 4757 removeas
1246 4708 1555 4775 aspectum
1577 4702 1800 4759 acorde

140 4796 395 4853 contrito
417 4812 437 4866 ;
470 4792 577 4849 sed
596 4791 659 4847 in
678 4790 966 4848 auxilium
1010 4790 1281 4847 Ecclesiae
1337 4795 1449 4847 tute
1480 4792 1803 4864 appropin-

138 4900 305 4956 qua:
354 4888 427 4940 ut
472 4882 579 4956 qui
636 4881 751 4937 tuis
797 4880 1185 4953 passionibus
1220 4879 1645 4951 conformatur,
1688 4881 1801 4937 tuis

90 4988 385 5049 .qaoque
417 4970 779 5027 muneribus
805 4968 1164 5025 consoletur.
1216 4981 1277 5039 Βε.
1306 4974 1513 5035 Amen,

96 5064 99 5067 ’
198 5066 513 5135 η.οωιιεε
536 5059 863 5117 adversarii
912 5059 1030 5114 mei
1093 5059 1391 5131 persecuti
1441 5060 1716 5125 suntme,
1748 5062 1805 5114 et

93 5160 264 5223 non
284 5158 428 5210 sunt
452 5151 833 5223 satiati;ecce
896 5147 1049 5220 stylo
1114 5148 1449 5204 scribentur
1501 5163 1805 5203 sermones

96 5222 283 5310 Emei,
316 5244 757 5315 etreponentur
779 5238 839 5293 in
857 5237 1032 5306 libro,
1056 5240 1117 5293 ut
1144 5236 1261 5293 sint
1277 5236 1338 5294 in
1360 5236 1763 5293 testimonium
1788 5257 1803 5295 :

134 5347 259 5401 ego
281 5333 403 5388 scio
438 5329 585 5403 quia
609 5332 867 5383 aeternus
896 5330 1006 5382 est.
1026 5325 1093 5383 P.
1121 5326 1229 5391 Qui
1255 5342 1346 5381 me
1372 5324 1685 5399 dereliquit
1715 5343 1808 5381 su-

130 5419 813 5492 perterram.Resurget
831 5431 969 5473 caro
989 5430 1144 5479 mea,
1177 5430 1313 5488 quae
1338 5415 1451 5472 ista
1485 5415 1723 5488 patitur.
1741 5414 1805 5478 ἵ.

132 5511 441 5569 Dominus
468 5510 628 5565 Deus
658 5504 891 5579 aperuit
941 5504 1085 5560 mihi
1137 5520 1365 5572 aurem,
1426 5521 1537 5577 ego
1608 5510 1809 5563 autem

138 5611 275 5655 non
300 5598 679 5661 contradico.
742 5596 887 5652 Ecce
920 5595 1071 5650 Deus
1131 5594 1444 5653 auxiliator
1499 5611 1687 5653 meus.
1740 5595 1806 5653 P.

140 5686 287 5755 Qut.

1883 1944 2249 2002 ﬁrmiﬂant:
2293 1948 2734 2006 confundantur
2790 1950 3191 2022 vehementer,
3240 1955 3382 2026 quia
3410 1971 3533 2013 non

1882 2033 2294 2092 intellexerunt
2319 2036 2713 2109 obprobrium
2758 2040 3210 2112 sempiternum.

1956 2125 2276 2180 Canticum.
2305 2126 2597 2183 Seduxisti
2630 2145 2747 2196 me,
2774 2130 2884 2199 fol.
2906 2130 3033 2185 276.

1957 2213 2181 2269 Oratio.
2216 2214 2838 2288 Redemptorhumani
2859 2219 3094 2289 generis
3108 2220 3356 2278 Domine
3382 2223 3537 2278 Deus

1884 2301 2135 2360 bellator
2156 2301 2343 2372 fortis,
2362 2303 2467 2377 qui
2498 2304 2757 2362 torcular
2778 2307 3077 2364 sustinens
3106 2310 3429 2381 passionis,
3444 2311 3539 2383 ip-

1888 2407 2024 2448 sum
2041 2408 2282 2465 quoque
2302 2391 2555 2449 torcular
2567 2394 2629 2449 in
2654 2411 2775 2467 quo
2796 2394 3539 2465 calcatores,conculcasse

1886 2477 2295 2552 dignosceris;
2336 2482 2483 2539 dum
2530 2487 2586 2539 et
2616 2500 2652 2541 a
2678 2490 2865 2541 morte
2908 2488 3131 2557 surgis;
3170 2492 3228 2544 et
3268 2504 3394 2557 eos,
3436 2489 3541 2561 qui

1887 2575 1943 2627 te
1973 2571 2263 2642 persecuti
2294 2576 2431 2627 sunt
2455 2577 2797 2628 corruentes
2825 2572 3315 2648 inﬁrmantesque
3345 2581 3540 2635 osten-

1888 2657 2014 2725 dis;
2046 2658 2244 2731 praabe
2269 2658 2468 2727 nobis,
2510 2659 2572 2715 in
2598 2662 2709 2715 tuis
2739 2662 3119 2734 passionibus
3184 2669 3242 2721 et
3273 2665 3543 2724 hilariter

1892 2763 2261 2805 amarescere
2292 2752 2347 2804 et
2367 2748 2704 2820 opulentius
2737 2750 3032 2807 conlaetari
3064 2769 3076 2806 :
3109 2757 3187 2823 ut,
3235 2754 3383 2808 dum
3412 2754 3542 2809 inﬁ-

1892 2834 2055 2891 deles
2076 2833 2329 2908 perﬁdia
2354 2836 2597 2904 cruciat,
2627 2835 2835 2893 ﬁdeles
2881 2838 3193 2897 conversio
3216 2840 3293 2897 ab
3324 2840 3542 2913 iniqui-

1892 2928 2013 2982 tate
2043 2923 2333 2980 absolvat.
2370 2935 2434 2995 Βι.
2482 2926 2689 2981 Amen.

1965 3012 2458 3070 Matutinarium.
2504 3015 2797 3072 Matutinis
2835 3017 3171 3074 meditabor
3195 3018 3257 3075 in
3276 3022 3330 3075 te
3360 3038 3372 3078 :
3402 3020 3547 3093 quia

1895 3103 2058 3161 fuisti
2078 3102 2317 3174 adjutor
2332 3120 2523 3174 meus,
2546 3103 2815 3163 Domine.
2840 3105 2904 3167 ἲν.
2928 3106 3082 3163 Deus
3099 3106 3256 3165 Deus
3286 3125 3453 3167 meus
3468 3109 3548 3168 ad

1897 3198 1951 3250 te
1975 3192 2049 3249 de
2075 3192 2205 3248 luce
2233 3190 2435 3263 vigilo.

1969 3282 2200 3340 Lauda.
2246 3284 2308 3337 In
2335 3282 2553 3337 sanctis
2584 3282 2715 3353 ejus
2759 3283 3001 3341 laudate
3027 3285 3367 3341 Dominum.

1970 3366 2165 3423 Lectio
2199 3365 2340 3422 libri
2390 3366 2718 3424 Malae/tim
2752 3368 2886 3439 (III)
2941 3368 3163 3438 Regum
3195 3384 3327 3438 cap.
3359 3371 3547 3441 xvru).

1970 3458 2161 3527 13;.Deo
2190 3455 2432 3527 gratias.

1972 3548 2036 3602 In
2064 3546 2177 3601 illis
2202 3546 2414 3602 diebus
2436 3546 2515 3602 ait
2532 3545 2722 3601 Helias
2747 3544 2818 3601 ad
2844 3544 3048 3602 Achab
3081 3564 3094 3606 :
3123 3546 3415 3618 Ascende,
3448 3563 3547 3605 co.

1899 3635 2117 3693 mende
2130 3635 2333 3692 etbibe
2359 3634 2530 3706 ;quia
2543 3650 2725 3690 sonus
2743 3633 2944 3691 multae
2964 3634 3181 3708 pluviae
3204 3641 3314 3708 est,
3338 3642 3553 3694 Ascen-

1901 3724 1987 3780 dit
2014 3722 2216 3779 Achab
2258 3727 2321 3778 ut
2355 3722 2709 3786 comederet,
2760 3727 2817 3780 et
2837 3723 3063 3781 biberet
3090 3743 3102 3781 :
3126 3725 3317 3783 Helias
3346 3731 3549 3784 autem

1902 3811 2167 3870 ascendit
2191 3811 2251 3867 in
2277 3811 2558 3869 verticem
2587 3812 2859 3883 Carmeli,
2888 3818 3188 3887 etpronus
3227 3816 3289 3872 in
3335 3820 3553 3875 terram

1901 3900 2097 3975 posuit
2125 3898 2335 3955 faciem
2360 3916 2534 3957 suam
2547 3901 2699 3958 inter
2716 3918 2914 3973 genua
2930 3920 3057 3969 sua,
3083 3908 3139 3961 et
3155 3904 3392 3962 dixitad
3416 3922 3555 3978 pue-

1902 4007 2037 4047 rum
2064 4006 2239 4045 suum
2272 3990 2590 4056 :Ascende,
2615 3998 2671 4048 et
2688 3994 2966 4065 prospice
2989 3999 3196 4051 contra
3212 4010 3405 4051 mare.
3443 3997 3555 4061 Qui

1904 4096 2041 4137 cum
2072 4076 2459 4145 ascendisset,
2507 4082 2939 4154 contemplatus
2960 4084 3041 4139 ait
3074 4100 3087 4139 :
3116 4086 3243 4140 Non
3270 4088 3358 4140 est
3384 4084 3557 4157 quic-

1903 4184 2112 4243 quam.
2134 4169 2195 4223 Et
2212 4182 2448 4224 rursum
2480 4169 2560 4226 ait
2581 4169 2661 4226 illi
2686 4192 2697 4224 :
2726 4173 3031 4227 Revertere
3057 4177 3283 4245 septem
3305 4171 3553 4230 vicibus.

1905 4262 1969 4314 In
1991 4255 2248 4329 septima
2280 4260 2481 4313 autem
2505 4257 2653 4325 vice,
2688 4257 2832 4314 Ecce
2859 4258 3151 4317 nubecula
3180 4276 3365 4334 parva
3380 4261 3556 4334 quasi

1903 4344 2229 4417 vestigium
2267 4345 2523 4401 hominis
2563 4346 2923 4403 ascendebat
2958 4347 3031 4403 de
3057 4349 3226 4405 mari.
3278 4350 3390 4416 Qui
3431 4351 3555 4408 ait:

1904 4434 2197 4501 Ascende,
2225 4438 2281 4490 et
2301 4434 2395 4489 dic
2426 4434 2664 4491 Achab:
2712 4437 2903 4506 Iunge
2924 4453 3167 4493 currum
3192 4441 3359 4494 tuum
3383 4444 3440 4495 et
3458 4440 3558 4496 de-

1908 4524 2145 4589 scende,
2179 4539 2254 4580 ne
2284 4527 2535 4595 occupet
2563 4529 2613 4579 te
2635 4523 2857 4597 pluvia.
2877 4527 3144 4597 Cumque
3168 4532 3413 4583 verteret
3440 4527 3560 4583 huc

1909 4618 2088 4687 atque
2118 4612 2277 4682 illuc,
2310 4628 2445 4668 ecce
2476 4611 2603 4667 coeli
2629 4613 3035 4670 contenebrati
3066 4618 3226 4682 sunt,
3258 4620 3315 4672 et
3343 4615 3555 4680 nubes,

1909 4707 1967 4761 et
1991 4706 2224 4771 ventus,
2250 4706 2303 4758 et
2316 4702 2471 4758 facta
2487 4706 2574 4757 est
2593 4701 2793 4774 pluvia
2806 4702 3073 4773 grandis.
3100 4702 3435 4759 Ascendens
3452 4703 3556 4759 ita-

1908 4810 2027 4868 que
2049 4794 2254 4850 Achab
2269 4793 2406 4849 abiit
2422 4792 2483 4847 in
2509 4791 2799 4849 Jezrahel:
2833 4798 2887 4849 et
2913 4810 3131 4850 manus
3154 4792 3385 4849 Domini
3404 4792 3562 4850 facta

1910 4888 1999 4936 est
2011 4894 2192 4951 super
2209 4877 2454 4948 Heliam,
2471 4879 2869 4952 accinctisque
2886 4881 3008 4936 lum
3021 4881 3113 4936 bis
3129 4879 3406 4937 currebat
3425 4885 3563 4939 ante

1909 4968 2135 5036 Achab,
2164 4967 2355 5024 donec
2384 4969 2605 5023 veniret
2632 4969 2687 5023 in
2703 4968 2991 5025 Jezrahel.
3031 4969 3204 5041 (Cap.
3242 4971 3393 5043 xxx.)
3409 4972 3566 5028 Nun-

1912 5058 2089 5115 ciavit
2115 5062 2315 5113 autem
2329 5055 2552 5122 Achab,
2574 5056 2804 5113 Jezabel
2829 5057 3034 5114 omnia
3062 5074 3200 5131 quae
3223 5058 3439 5118 fecerat
3459 5061 3566 5116 He-

1912 5148 2106 5217 lias,et
2118 5145 2427 5218 quomodo
2443 5146 2755 5203 occidisset
2770 5146 3073 5203 universos
3093 5149 3417 5222 prophetas
3430 5146 3567 5207 Baal

1915 5235 2137 5307 gladio.
2166 5234 2435 5306 Misitque
2467 5234 2700 5291 Jezabel
2746 5237 3035 5293 nuncium
3065 5239 3143 5295 ad
3196 5240 3441 5303 Heliam,
3478 5236 3561 5293 di-

1916 5340 2054 5383 cens
2080 5346 2091 5380 :
2126 5325 2259 5379 Hazc
2273 5322 2416 5378 mihi
2448 5321 2673 5381 faciant
2691 5325 2792 5393 dii,
2818 5327 3012 5383 ethaec
3034 5327 3281 5397 addant,
3312 5325 3426 5382 nisi
3450 5324 3567 5381 hac

1916 5416 2062 5472 hora
2076 5429 2204 5470 cras
2220 5427 2477 5485 posuero
2491 5414 2747 5471 animam
2764 5424 2928 5472 tuam
2948 5417 3095 5470 sicut
3108 5416 3366 5471 animam
3387 5411 3567 5468 unius

1919 5523 1990 5564 ex
2008 5504 2142 5562 illis.
2168 5502 2384 5559 Timuit
2413 5519 2554 5575 ergo
2587 5505 2797 5576 Helias,
2818 5510 2874 5561 et
2904 5520 3158 5574 surgens
3213 5503 3374 5570 abiit,
3415 5518 3568 5576 quo-

1919 5611 2177 5669 cumque
2189 5610 2326 5651 eum
2341 5593 2567 5652 ferebat
2597 5595 2890 5653 voluntas:
2908 5594 3187 5665 venitque
3206 5592 3264 5649 in
3280 5592 3570 5651 Bersabee

1918 5685 2093 5757 Juda,
2121 5689 2177 5745 et
2200 5684 2521 5745 dimisitibi
2550 5699 2806 5758 puerum
2836 5698 3035 5754 suum,
3061 5680 3565 5755 etperrexitinde‘
