4094 6164
610 355 707 409 591

1847 337 2306 397 BREVIARIUM
2345 336 2733 394 GOTHICUM.
3850 342 3932 400 592

612 480 852 544 sertum,
885 473 1041 529 viam
1059 470 1236 527 unius
1267 470 1404 526 diei.
1439 472 1705 540 Cumque
1733 465 2005 534 venisset,
2058 467 2115 520 et
2166 478 2249 518 se-
2289 470 2334 523 A
2437 461 2953 530 CapitulaJustus
2971 474 3030 513 es
3047 456 3293 512 Domine
3325 474 3337 522 ;
3370 456 3468 528 qui
3497 473 3600 529 pro
3619 459 3774 516 nobis
3791 461 3933 534 injus-

612 565 773 620 deret
803 562 1003 618 subter
1028 577 1210 616 unam
1229 561 1586 631 juniperum,
1610 554 1816 628 petivit
1845 554 2060 609 animae
2107 569 2248 622 suae,

611 660 678 708 ut
702 654 1109 716 moreretur,et
1126 649 1236 704 ait:
1267 647 1492 704 Sufticit
1511 645 1656 702 mihi
1677 642 1946 712 Domine,
1973 641 2108 698 tolle
2124 640 2250 697 ani-

611 755 774 797 mam
796 754 991 795 meam
1012 755 1024 790 :
1045 752 1240 808 neque
1262 736 1423 792 enim
1443 734 1652 790 melior
1671 749 1827 800 sum,
1849 747 2032 804 quam
2057 734 2252 802 patres

612 827 741 883 mei.
773 827 1139 898 Projecitque
1167 841 1248 888 se,
1281 829 1338 879 et
1367 820 1732 879 obdormivit
1765 820 1828 876 in
1853 818 2071 875 umbra
2090 817 2251 888 juni-

608 916 733 988 peri
753 921 810 971 et
839 930 972 970 ecce
986 914 1232 983 angelus
1259 912 1491 969 Domini
1507 911 1691 980 tetigit
1707 926 1864 973 eum,
1897 907 2209 964 etdixitilli
2237 928 2249 962 :

611 1006 812 1074 Surge,
842 1002 1108 1059 comede.
1153 1003 1448 1073 Respexit,
1483 1006 1540 1057 et
1578 1015 1712 1056 ecce
1744 999 1819 1054 ad
1843 1001 2024 1070 caput
2071 1013 2253 1052 suum

609 1090 1036 1146 subcinericius
1063 1089 1259 1160 panis,
1293 1093 1348 1145 et
1403 1105 1510 1145 vas
1539 1104 1713 1160 aquae
1742 1105 1754 1141 :
1786 1086 2045 1143 comedit
2086 1099 2247 1155 ergo,

608 1182 664 1234 et
689 1177 858 1248 bibit,
915 1181 970 1232 et
998 1192 1236 1232 rursum
1286 1175 1666 1232 obdormivit.
1713 1177 2124 1247 Reversusque
2164 1176 2254 1228 est

607 1266 854 1336 angelus
883 1265 1116 1322 Domini
1131 1265 1478 1331 secundo,et
1496 1265 1679 1335 tetigit
1697 1264 2125 1336 eum,dixitque
2147 1261 2250 1318 illi:

610 1356 812 1424 Surge,
840 1353 1126 1410 comede:
1163 1354 1412 1424 grandis
1467 1354 1627 1409 enim
1658 1353 1757 1410 tibi
1784 1357 1964 1408 restat
1983 1352 2100 1407 via.
2142 1351 2253 1416 Qui

605 1457 745 1498 cum
777 1441 1146 1510 surrexisset,
1169 1441 1448 1508 comedit,
1482 1445 1538 1497 et
1561 1441 1730 1508 bibit,
1757 1445 1814 1497 et
1835 1439 2164 1496 ambulavit
2192 1439 2254 1494 in

604 1529 945 1587 fortitudine
963 1530 1077 1586 cibi
1097 1529 1251 1585 illius
1266 1529 1665 1602 quadraginta
1697 1529 1909 1586 diebus
1922 1534 1978 1585 et
2000 1527 2254 1600 quadra-

605 1619 770 1689 ginta
799 1619 1094 1684 noctibus,
1121 1633 1312 1691 usque
1345 1619 1421 1675 ad
1459 1624 1720 1675 montem
1748 1618 1847 1674 Dei
1879 1616 2052 1674 Oreb.
2081 1619 2252 1673 Cum-

604 1723 722 1779 que
742 1706 1398 1773 venissetilluc,mansit
1420 1707 1479 1763 in
1500 1707 1812 1779 spelunca:
1831 1710 1887 1762 et
1908 1721 2042 1762 ecce
2056 1721 2253 1761 sermo

603 1794 838 1851 Domini
866 1795 942 1851 ad
970 1811 1126 1866 eum,
1157 1794 1423 1868 dixitque
1467 1795 1546 1850 illi
1573 1813 1584 1851 :
1619 1795 1776 1862 Quid
1797 1795 1887 1850 hic
1905 1794 2031 1864 agis
2055 1793 2252 1849 Helia?
2281 1821 2328 1877 Β

604 1887 674 1941 At
698 1885 794 1941 ille
822 1885 1133 1958 respondit
1157 1898 1168 1937 :
1191 1885 1324 1941 Zelo
1337 1885 1557 1942 zelatus
1572 1902 1705 1940 sum
1732 1900 1843 1956 pro
1858 1885 2108 1940 Domino
2135 1885 2251 1939 Deo

602 1974 988 2039 exercituum,
1004 1973 1150 2046 quia
1169 1973 1608 2046 dereliquerunt
1623 1978 1866 2046 pactum
1888 1971 2123 2029 Domini
2143 1970 2254 2026 ﬁlii

603 2062 783 2117 Israel
817 2078 828 2115 :
859 2062 1070 2118 altaria
1093 2067 1194 2117 tua
1233 2062 1671 2128 destruxerunt,
1709 2061 2096 2134 etprophetas
2118 2064 2254 2116 tuos

600 2148 946 2206 occiderunt
966 2148 1187 2218 gladio,
1223 2153 1278 2205 et
1297 2148 1610 2205 derelictus
1659 2166 1795 2205 sum
1840 2164 1951 2219 ego
1974 2148 2160 2217 solus,
2198 2152 2255 2203 et

600 2238 1152 2311 quaeruntanimam
1171 2253 1390 2302 meam,
1422 2238 1944 2294 utauferanteam.
1966 2239 2030 2293 Et
2051 2237 2131 2293 ait
2152 2236 2205 2292 ei
2235 2265 2248 2299 ε

598 2326 905 2397 Egredere,
940 2330 995 2382 et
1021 2333 1110 2382 sta
1135 2326 1196 2382 in
1235 2332 1437 2382 monte
1477 2343 1682 2384 coram
1723 2327 1976 2383 Domino
2006 2331 2095 2382 :et
2115 2341 2250 2382 ecce

599 2416 888 2473 Dominus
913 2417 1163 2486 transiit,
1191 2416 1502 2488 etspiritus
1545 2417 1788 2487 grandis
1818 2421 1875 2473 et
1922 2415 2085 2473 fortis
2112 2415 2252 2472 sub-

595 2509 824 2562 vertens
853 2509 1110 2574 montes,
1131 2510 1188 2560 et
1215 2509 1527 2561 conterens
1539 2510 1739 2578 petras
1769 2509 1906 2562 ante
1928 2503 2247 2561 Dominum

596 2609 717 2650 non
752 2593 813 2649 in
837 2594 1047 2665 spiritu
1077 2592 1384 2662 Dominus,
1416 2599 1622 2666 etpost
1679 2594 1950 2666 spiritum
1979 2609 2246 2649 commo-

595 2679 695 2738 tio:
711 2697 832 2737 non
848 2681 907 2736 in
929 2681 1333 2738 commotione
1354 2681 1724 2751 Dominus,et
1743 2682 2248 2755 postcommotio-

595 2785 736 2826 nem
762 2770 957 2840 ignis:
1003 2785 1123 2826 non
1152 2771 1212 2826 in
1245 2770 1379 2841 igne
1405 2770 1718 2835 Dominus,
1777 2776 1833 2828 et
1862 2777 2000 2844 post
2044 2771 2246 2840 ignem

594 2858 806 2916 sibilus
833 2874 994 2916 aurae
1015 2858 1409 2926 tenuis.Quod
1428 2875 1566 2916 cum
1589 2861 1850 2916 audisset
1873 2861 2088 2924 Helias,
2107 2876 2246 2932 ope-

592 2948 710 3004 ruit
735 2948 968 3004 vultum
1004 2964 1183 3003 suum
1206 2948 1406 3020 pallio,
1449 2954 1504 3004 ct
1536 2965 1812 3018 egressus
1832 2949 1985 3004 stetit
2010 2950 2072 3004 in
2092 2949 2243 3006 ostio

592 3036 991 3107 speluncas,et
1015 3051 1149 3091 ecce
1183 3051 1302 3091 vox
1345 3036 1422 3091 ad
1451 3052 1610 3100 eum,
1679 3037 1886 3092 dicens
1919 3054 1929 3090 :
1971 3037 2123 3103 Quid
2145 3037 2241 3094 hic

592 3123 747 3193 agis,
767 3123 928 3181 Helia
947 3123 1157 3180 ?etille
1178 3124 1486 3196 respondit
1514 3145 1524 3183 :
1555 3125 1686 3180 Zelo
1716 3126 1942 3182 zelatus
1974 3143 2109 3183 sum
2133 3143 2241 3199 pro

591 3212 846 3270 Domino
859 3215 975 3270 Deo
992 3214 1517 3286 excercitum,quia
1529 3214 1973 3286 dereliquerunt
1997 3218 2241 3288 pattum

591 3308 761 3359 tuum
779 3302 881 3358 ﬁlii
913 3302 1090 3358 Israel
1123 3319 1135 3358 :
1171 3303 1383 3360 altaria
1421 3308 1524 3359 tua
1551 3303 1992 3370 destruxerunt,
2021 3310 2078 3361 et
2107 3321 2240 3378 pro-

590 3391 794 3464 phetas
823 3397 957 3448 tuos
980 3391 1325 3448 occiderunt
1343 3391 1625 3462 gladio,et
1641 3393 1954 3450 derelictus
1972 3411 2109 3450 sum
2127 3410 2240 3465 ego

590 3480 775 3544 solus,
808 3485 864 3536 et
889 3480 1446 3553 qumruntanimam
1462 3497 1686 3549 meam,
1717 3481 2234 3540 utauferanteam.

590 3571 657 3624 Et
677 3569 755 3624 ait
780 3569 1069 3624 Dominus
1083 3567 1163 3626 ad
1187 3584 1326 3625 eum
1357 3568 1964 3636 :Valde,etrevertere
1998 3571 2057 3627 in
2076 3571 2239 3628 viam

592 3662 756 3713 tuam
789 3673 888 3729 per
913 3656 1216 3714 desertum
1249 3659 1312 3714 in
1343 3659 1703 3716 Damascum
1724 3679 1736 3714 :
1757 3676 2014 3733 cumque
2040 3677 2241 3735 perve-

595 3743 1110 3817 nerisilluc,unges
1140 3747 1525 3818 Azaelregem
1553 3765 1732 3822 super
1750 3749 2240 3822 Syriam,etJeha

590 3832 782 3888 filium
803 3835 1000 3890 Namsi
1037 3850 1225 3904 unges
1250 3851 1453 3906 regem
1507 3853 1685 3909 super
1709 3837 1881 3894 lsrael
1913 3838 2237 3895 :Heliseum

588 3928 775 3980 autem
803 3923 986 3978 filium
1013 3924 1260 3994 Saphat,
1289 3925 1389 3997 qui
1417 3932 1504 3981 est
1558 3927 1631 3983 de
1661 3927 2027 3997 Abelmeula,
2050 3945 2236 3999 unges

585 4012 940 4084 prophetam
956 4027 1062 4084 pro
1078 4015 1222 4068 te.Et
1237 4015 1363 4068 erit.
1380 4013 1748 4089 quicumque
1770 4016 1945 4073 fuerit
1964 4017 2234 4088 gladium

586 4101 778 4168 Azael,
811 4100 1042 4159 occidet
1075 4115 1212 4157 eum
1266 4101 1410 4158 Jehu
1465 4121 1476 4157 :
1513 4108 1568 4160 et
1613 4104 1978 4178 quicumque
2021 4105 2236 4177 fugerit

585 4190 855 4260 gladium
880 4191 1532 4259 Jehu,interﬁcieteum
1572 4194 1857 4252 Heliseus.
1895 4199 1961 4252 Et
1983 4196 2234 4253 derelin-

583 4294 768 4352 quam
785 4279 921 4335 mihi
948 4279 1009 4335 in
1032 4279 1214 4336 Israel
1237 4286 1458 4352 septem
1486 4282 1669 4339 millia
1695 4283 2234 4356 virorum,quorum

582 4381 782 4437 genua
807 4383 929 4424 non
963 4371 1104 4424 sunt
1130 4368 1441 4426 incurvata
1497 4376 1632 4426 ante
1662 4371 1823 4437 Baal,
1862 4378 2112 4429 ctomne
2141 4390 2227 4438 os,

579 4457 743 4529 quod
757 4472 876 4514 non
895 4457 1070 4530 352
1092 4459 1364 4514 adoravit
1379 4475 1515 4515 eum
1529 4459 1812 4516 osculans
1830 4461 2231 4519 manum.Pro-

579 4547 765 4604 fectus
791 4563 932 4622 ergo
953 4547 1090 4604 inde
1107 4547 1316 4613 Helias,
1343 4550 1558 4622 reperit
1582 4550 1878 4607 Heliseum
1901 4550 2089 4608 filium
2117 4551 2227 4613 Sa-
2262 4532 2307 4587 Ῑ)
2338 4565 2518 4622 super
2553 4549 2909 4606 vestimenta
2963 4564 3118 4617 mea,
3151 4554 3206 4604 et
3244 4551 3457 4607 omnia
3491 4548 3794 4606 indumenta
3815 4548 3903 4593 mea

575 4635 720 4708 phat
749 4639 1017 4694 arantem
1045 4636 1102 4693 in
1143 4637 1450 4694 duodecim
1473 4639 1638 4711 jugis
1668 4641 1886 4695 boum:
1915 4645 1971 4696 et
1997 4640 2126 4713 ipse
2163 4641 2227 4699 in

575 4725 898 4783 duodecim
919 4727 1082 4798 jugis
1136 4726 1316 4783 boum
1349 4728 1652 4784 arantibus
1686 4745 1840 4785 unus
1871 4735 1995 4787 erat
2024 4747 2226 4788 :cum-

573 4829 691 4887 que
716 4815 973 4872 venisset
993 4815 1187 4873 Helias
1219 4817 1293 4872 ad
1315 4817 1641 4883 eum,misit
1658 4817 1908 4891 pallium
1932 4835 2109 4876 suum
2131 4837 2226 4876 su-

572 4917 679 4974 per
699 4919 856 4959 eum.
878 4905 984 4970 Qui
1012 4905 1212 4961 statim
1239 4905 1456 4962 relictis
1490 4906 1682 4964 bobus
1699 4909 2099 4981 cucurritpost
2119 4910 2224 4966 He-

568 4989 734 5055 liam,
777 4999 831 5047 et
864 4993 945 5048 ait
981 4993 1281 5061 :Osculer,
1331 5011 1437 5051 oro
1506 5004 1576 5061 te,
1621 5001 1854 5069 patrem
1894 5012 2118 5063 meum,
2168 5003 2225 5056 et

569 5084 825 5136 matrem
842 5089 1131 5148 meam,et
1159 5085 1240 5138 sic
1277 5089 1572 5157 sequarte.
1621 5086 1885 5159 Dixitque
1903 5088 1952 5142 ei
1987 5103 2000 5141 :
2034 5087 2218 5154 Vade,

568 5173 626 5225 et
652 5175 936 5226 revertere
971 5189 983 5229 :
1015 5171 1174 5244 quod
1204 5173 1364 5228 enim
1399 5189 1589 5230 meum
1631 5179 1776 5242 erat,
1820 5174 1927 5232 feci
1956 5175 2078 5231 tibi.
2120 5177 2220 5232 Re-

567 5267 778 5315 versus
817 5263 1018 5315 autem
1057 5261 1130 5315 ab
1160 5275 1252 5330 eo,
1278 5260 1407 5316 tulit
1428 5278 1538 5334 par
1555 5262 1752 5329 boum,
1781 5267 1836 5320 et
1862 5263 2219 5321 mactavitil-

566 5348 689 5416 Iud,
723 5353 781 5405 et
809 5347 872 5404 in
925 5355 1124 5405 aratro
1148 5349 1337 5406 boum
1376 5351 1535 5407 coxit
1562 5367 1794 5418 carnes,
1834 5357 1888 5410 et
1919 5353 2082 5411 dedit
2113 5369 2220 5426 po-

562 5437 728 5508 pulo,
759 5441 816 5495 et
840 5437 1230 5496 comederunt
1258 5457 1271 5498 :
1329 5455 1824 5515 consurgensque
1853 5441 2016 5510 abiit,
2045 5446 2102 5499 et
2126 5457 2215 5498 se-

561 5530 734 5583 cutus
761 5531 851 5584 est
869 5527 1116 5593 Heliam,
1145 5532 1202 5584 et
1257 5527 1638 5586 ministrabat
1657 5531 1728 5587 ei.
1763 5543 1828 5600 ﬁt.
1859 5534 2068 5589 Amen.

633 5614 912 5686 Hymnus.
928 5617 1122 5674 Noctis
1179 5622 1434 5690 tempus.
1462 5619 1571 5689 fol.
1612 5623 1739 5677 257.

2362 553 2421 606 to
2445 549 2750 620 judicatus
2764 565 2828 602 es
2850 548 3136 602 innocens
3171 562 3181 598 :
3213 549 3269 602 et
3298 545 3931 624 ideoqutesumusmtqui

2360 638 2608 710 punitus
2637 654 2700 694 es
2713 638 2838 692 sine
2859 635 3106 692 crimine
3130 640 3252 702 tuo,
3279 633 3550 691 absolvas
3578 652 3679 692 nos
3706 653 3737 694 a
3759 637 3931 698 facino-

2359 743 2422 783 re
2448 731 2675 783 nostro.

2432 816 2603 872 Pater
2648 820 2870 871 noster.

2431 905 2660 961 Lauda.
2672 906 2874 974 Legem
2894 916 3046 975 pone
3060 902 3144 958 eis
3161 900 3406 957 Domine
3422 901 3576 957 viam
3585 901 3804 972 justitite
3830 908 3928 963 tua:

2360 997 2417 1050 et
2438 995 2761 1066 exquirant
2783 1009 2916 1048 eam
2961 1007 3213 1062 semper.
3256 990 3316 1050 ν.
3357 991 3440 1046 Da
3461 990 3599 1046 mihi
3618 991 3929 1057 intellectum,

2361 1081 2856 1154 etperscrutabor
2905 1079 3099 1149 legem
3142 1082 3306 1134 tuum
3341 1095 3353 1132 :
3384 1082 3443 1136 et
3484 1079 3791 1135 custodiam
3811 1080 3930 1137 illam

2361 1169 2424 1224 in
2451 1175 2572 1226 toto
2585 1168 2764 1225 corde
2799 1183 2952 1224 meo.

2433 1258 2657 1315 Oratio.
2701 1256 2925 1314 lnclina
2955 1271 3056 1312 cor
3083 1264 3382 1324 nostrum,
3416 1255 3669 1322 Domine,
3723 1258 3773 1313 in
3821 1263 3934 1316 testi-

2361 1346 2567 1406 monia
2593 1352 2695 1403 tua
2719 1364 2732 1414 ;
2760 1351 2816 1402 et
2845 1362 2881 1400 a
2914 1360 3099 1417 pravo
3127 1344 3413 1401 vanitatis
3434 1344 3640 1401 intuitu
3665 1351 3864 1404 averte:
3886 1355 3934 1406 ut

2361 1437 2439 1494 ab
2465 1451 2670 1493 amore
2703 1439 2933 1491 terreno
2950 1449 3062 1489 nos
3095 1448 3376 1504 segreges
3403 1449 3416 1496 ;
3449 1437 3507 1489 et
3535 1449 3779 1506 superna:
3800 1435 3930 1493 dilec-

2361 1525 2502 1580 tioni
2536 1522 2859 1580 consocies.
2913 1533 2975 1589 Bt.
3009 1525 3224 1576 Amen.

2971 1611 3064 1665 Ad
3129 1611 3408 1666 Tertiam.

2576 1701 3027 1757 Proverbiorum
3039 1699 3378 1756 Salomonis
3415 1699 3578 1770 (Cap.
3601 1701 3734 1770 XVll).

2436 1802 2500 1859 3-.
2536 1790 2654 1846 Deo
2700 1789 2942 1858 gratias.

2438 1878 2557 1944 Fili,
2573 1878 2676 1951 qui
2689 1877 2938 1950 despicit
2953 1875 3809 1948 pauperem,exprobratfactori
3819 1879 3927 1948 ejus:

2363 1970 2420 2024 et
2447 1967 2548 2040 qui
2572 1967 2632 2022 in
2648 1966 2823 2022 ruina
2840 1965 3072 2022 laetatur
3085 1964 3355 2035 alterius,
3376 1981 3506 2021 non
3537 1966 3636 2022 erit
3654 1966 3931 2038 impunitus.

2364 2055 2476 2122 Qui
2498 2055 2691 2112 reddit
2712 2054 2864 2111 male
2893 2069 3004 2126 pro
3030 2053 3228 2117 bonis,
3263 2069 3394 2110 non
3413 2054 3638 2110 recedet
3673 2053 3860 2110 malum
3877 2052 3930 2109 de

2361 2143 2545 2201 domo
2572 2143 2723 2214 ejus.
2751 2146 2814 2200 Et
2842 2143 2947 2214 qui
2971 2143 3260 2214 justiticat
3301 2143 3581 2215 impium,
3624 2148 3679 2200 et
3707 2145 3795 2216 qui
3834 2158 3933 2198 con-

2361 2234 2607 2289 demnat
2616 2234 2636 2304 j
2649 2238 2870 2297 ustum,
2887 2231 3309 2288 abominabilis
3321 2236 3383 2288 et
3399 2237 3634 2305 uterque
3647 2237 3765 2289 ante
3776 2233 3928 2288 Deum.

2361 2322 2404 2387 Q
2415 2320 2514 2377 uid
2527 2322 2771 2394 prodest
2791 2320 3028 2377 divitias
3046 2320 3224 2377 stulto
3236 2320 3489 2391 habere,
3503 2338 3632 2378 cum
3650 2320 3930 2394 sapientiam

2357 2409 2562 2467 mereri
2578 2427 2702 2468 non
2725 2409 2907 2482 possit
2925 2408 2953 2464 ?
2967 2410 3140 2466 Omni
3162 2413 3368 2482 tempo
3378 2426 3438 2468 re
3451 2410 3742 2484 diligit,un
3755 2409 3924 2466 amicus

2357 2507 2444 2558 est
2473 2519 2485 2553 :
2513 2505 2571 2557 et
2600 2501 2779 2556 frater
2799 2501 2859 2556 in
2873 2500 3164 2572 angustiis
3181 2501 3630 2572 comprobatur.
3653 2503 3808 2557 Homo
3825 2497 3926 2554 stul-

2357 2594 2449 2646 tus
2479 2589 2724 2662 plaudet
2751 2589 3053 2659 manibus,
3085 2603 3224 2644 cum
3255 2589 3641 2662 spoponderit
3667 2604 3756 2662 pro
3784 2587 3926 2644 amico

2355 2694 2484 2734 suo.
2520 2677 2962 2744 Quimeditatur
2983 2676 3341 2744 discordias,
3380 2678 3570 2750 diligit
3601 2678 3760 2745 rixas;
3783 2675 3924 2748 etqui

2355 2768 2573 2824 exaltat
2603 2783 2706 2824 cor
2726 2766 3431 2839 suum,quaaritruinam.
3462 2768 3568 2834 Qui
3601 2767 3805 2840 perversi
3825 2779 3923 2820 oor-

2353 2857 2446 2913 dis
2468 2861 2580 2924 est,
2601 2871 2723 2913 non
2754 2857 3013 2912 inveniet
3033 2856 3261 2912 bonum
3291 2878 3303 2912 :
3330 2858 3508 2930 etqui
3520 2857 3675 2913 vertit
3697 2855 3923 2925 linguam,

2351 2945 2568 3002 incidet
2591 2946 2652 3001 in
2669 2945 2916 3002 malum.
2939 2947 3181 3001 Munera
3209 2944 3283 3000 de
3299 2944 3448 3001 sinu
3463 2945 3663 3018 impius
3674 2943 3860 3016 accipit,
3881 2945 3926 2996 ut

2352 3041 2648 3107 pervertat
2687 3035 2930 3091 semitas
2956 3035 3120 3106 justi.
3161 3038 3289 3091 Non
3322 3042 3417 3093 est
3439 3035 3677 3104 bonum,
3699 3033 3923 3090 damnum

2348 3121 2564 3181 inferre
2596 3127 2753 3197 justo
2787 3143 2799 3180 :
2831 3140 2940 3181 nec
2965 3130 3274 3197 percutere
3299 3125 3652 3198 principem,
3691 3123 3778 3195 qui
3811 3124 3924 3176 recta

2301 3211 2614 3285 ‘judiciat.
2644 3214 2997 3270 Occasiones
3040 3214 3253 3285 quaerit
3283 3215 3396 3286 qui
3450 3213 3572 3270 vult
3621 3205 3922 3268 reccdereab
3990 3235 3991 3240 η

2350 3303 2541 3360 amico
2574 3324 2585 3363 :
2617 3304 3065 3375 omnitempore
3082 3302 3190 3359 erit
3210 3301 3815 3376 exprobrabilis..tqua
3828 3311 3926 3370 pro-

2351 3392 2542 3449 funda
2563 3391 2747 3448 verba
2767 3392 2947 3464 justi:
2985 3396 3040 3448 et
3064 3394 3294 3448 torrens
3342 3391 3680 3450 redundans
3729 3389 3832 3445 fons
3858 3401 3922 3441 sa-

2348 3479 2606 3552 pientiae.
2665 3493 2727 3550 Β).
2783 3482 2990 3536 Amen.
3979 3481 3983 3552 ,l

2562 3571 2752 3627 Lectio
2793 3571 2988 3627 Esaia,
3039 3569 3354 3639 Propheta
3407 3571 3568 3641 (Cap.
3608 3569 3766 3638 Lxm).

2421 3673 2486 3729 Β).
2516 3661 2636 3716 Deo
2687 3660 2935 3729 gratias.

2417 3751 2554 3805 Haec
2576 3748 2708 3804 dicit
2733 3748 3022 3804 Dominus
3058 3764 3070 3801 :
3101 3747 3246 3814 Quis
3295 3755 3388 3805 est
3418 3750 3544 3816 iste,
3603 3749 3698 3821 qui
3725 3740 3913 3802 venitda
3973 3777 3975 3821 Ι

2349 3836 2538 3908 Edon,
2562 3837 2756 3894 tinctis
2789 3835 3052 3893 vestibus
3089 3837 3163 3892 de
3191 3839 3376 3895 Bosra
3403 3840 3430 3895 ‘I
3460 3839 3569 3895 iste
3615 3829 3912 3895 formosusin

2347 3927 2499 3984 stola
2525 3943 2654 3994 sua,
2682 3927 2962 3998 gradiens
2991 3926 3050 3982 in
3066 3925 3452 3984 multitudine
3473 3925 3796 3984 fortitudinis
3817 3933 3909 3975 sum.

2346 4019 2484 4086 Ego,
2515 4018 2618 4089 qui
2656 4017 2868 4088 loquor
2883 4014 3206 4086 justitiam,
3233 4021 3292 4072 et
3331 4021 3728 4089 propugnator
3748 4003 3911 4068 sumad

2345 4105 2723 4162 salvandum.
2749 4106 2940 4169 Quare
2973 4119 3115 4174 ergo
3145 4104 3405 4160 rubrum
3435 4111 3524 4162 est
3585 4104 3908 4161 indumentum

2345 4198 2596 4261 tuum,et
2620 4194 2976 4250 vestimenta
3007 4197 3105 4250 tua
3121 4193 3272 4250 sicut
3289 4193 3714 4251 calcantiumin
3731 4183 3910 4246 torcula-

2342 4281 2438 4338 ri?
2467 4282 2746 4338 Torcular
2774 4282 2998 4338 calcavi
3029 4282 3215 4349 solus,
3259 4287 3317 4339 et
3365 4285 3438 4340 de
3461 4283 3716 4354 gentibus
3737 4292 3828 4334 non
3850 4275 3907 4327 est

2341 4371 2427 4426 vir
2456 4387 2691 4427 mecum
2735 4388 2747 4426 :
2782 4370 3009 4427 calcavi
3035 4386 3139 4427 eos
3173 4369 3232 4426 in
3256 4370 3461 4428 furore
3522 4357 3909 4435 meo,etconcul-

2338 4460 2469 4516 cavi
2489 4459 2667 4516 eosin
2696 4459 2784 4515 ira
2812 4475 2948 4516 mea
2973 4479 2985 4518 :
3019 4465 3075 4516 et
3105 4475 3395 4532 aspersus
3420 4457 3750 4531 estsanguis
3764 4461 3907 4510 eorum

3937 4107 3967 4474 l

3936 4474 3958 4671 l

3916 4671 3951 5105 Ι

3899 5267 3936 5651 Ι

2336 4638 2664 4711 inquinavi.
2688 4639 2816 4694 Deis
2850 4638 3011 4694 enim
3048 4637 3290 4694 ultionis
3310 4637 3376 4694 in
3403 4638 3583 4696 corde
3613 4651 3744 4698 meo,
3770 4638 3905 4686 annus

2335 4726 2740 4784 retributionis
2776 4743 2925 4783 mete
2964 4727 3140 4783 venit.
3172 4727 3608 4801 Circumspexi,
3633 4730 3790 4782 etnon
3812 4714 3905 4770 eral

2335 4817 2648 4874 auxiliator
2680 4834 2692 4872 :
2719 4815 2991 4890 qumsivi,
3026 4821 3079 4872 et
3129 4831 3252 4872 non
3293 4816 3406 4873 fuit
3465 4817 3568 4890 qui
3613 4805 3902 4897 adjuvarel‘.‘

2334 4911 2390 4964 et
2419 4906 2669 4963 salvavit
2719 4906 2865 4961 mihi
2924 4905 3236 4961 brachium
3289 4922 3520 4970 meum,
3573 4911 3626 4961 et
3655 4894 3902 4965 indignatio

2333 5011 2470 5052 mea
2497 4995 2624 5066 ipsa
2653 4993 2938 5050 auxiliata
2980 4997 3068 5050 est
3094 4993 3262 5049 mihi.
3328 4996 3392 5050 Et
3419 4987 3894 5058 conculcavipopll'

2330 5085 2418 5142 los
2435 5085 2494 5141 in
2520 5084 2716 5142 furore
2733 5082 3252 5150 meo,etinebriavi
3268 5098 3376 5139 eos
3395 5080 3774 5154 indignatione
3795 5081 3898 5128 mea.

2330 5173 2940 5232 etdetraxiinterram
2969 5173 3245 5229 virtutem
3293 5188 3519 5228 eorum.
3558 5161 3898 5227 Miserationllm

2330 5264 2562 5320 Domini
2577 5261 2946 5326 recordabor,
2966 5261 3208 5318 laudem
3225 5261 3469 5317 Domini
3491 5277 3558 5316 su
3564 5247 3891 5332 peromnibus,

2325 5369 2461 5426 quas
2477 5351 2736 5410 reddidit
2753 5351 2929 5409 nobis
2950 5350 3324 5416 Dominus,et
3343 5365 3526 5423 super
3553 5338 3889 5426 multitudinem

2324 5422 2613 5498 bonorum
2627 5440 2758 5497 dom
2768 5457 2835 5496 us
2847 5438 3184 5511 Israel,qua3
3197 5422 3449 5508 largitus
3461 5442 3549 5493 est
3561 5435 3640 5492 eis
3655 5422 3890 5511 εθοιωάυφ

2323 5529 2753 5602 indulgentiam
2765 5545 2958 5594 suam,
2979 5533 3036 5585 et
3050 5527 3388 5584 secundum
3410 5521 3804 5583 multitudinem
3823 5519 3890 5564 m1:

2323 5617 2781 5678 sericordiarum
2812 5634 3078 5677 suarum.
3114 5619 3179 5675 Et
3206 5614 3351 5673 dixit
3380 5617 3796 5674 :Verumtamen
3816 5609 3914 5678 P01
