4094 6164
208 260 295 318 593
1309 254 1655 312 DOMlNICA
1697 256 1769 311 IN
1807 255 2034 314 RAMIS
2076 257 2486 316 PALMABUM

3489 260 3595 318 594

205 385 353 459 pulus
380 399 559 441 meus
589 381 807 448 est,tilii
829 396 952 438 non
975 383 1292 451 negantes:
1324 384 1381 436 et
1406 380 1599 437 factus
1631 390 1717 437 est
1750 382 1833 438 eis
1863 383 1910 437 A
1942 385 1998 438 et
2026 384 2512 457 persequentium
2535 382 2740 455 jaeula
2760 381 2996 447 toleras,
3024 388 3081 440 et
3107 400 3215 457 pro
3237 400 3595 460 persequen-

202 474 530 531 salvator.ln
557 472 724 528 omni
755 469 1137 527 tribulatione
1160 486 1369 526 eorum
1395 486 1516 526 non
1540 476 1630 526 est
1656 471 1833 527 tribu-

198 563 348 626 latus,
388 566 446 617 et
474 559 725 631 angelus
749 558 919 615 faciei
950 559 1079 629 ejus
1112 558 1361 615 salvavit
1386 574 1526 615 eos:
1560 560 1619 615 in
1650 559 1832 616 dilec-

194 652 365 708 ctione
397 664 530 715 sua,
563 654 619 705 et
647 648 708 705 in
734 647 1107 718 indulgentia
1137 663 1246 704 sua
1269 648 1400 721 ipse
1429 649 1679 705 redemit
1706 665 1827 716 eos,

193 745 246 798 et
269 739 519 812 portavit
548 752 674 804 eos,
701 741 758 794 et
776 737 1023 795 elevavit
1050 753 1153 794 eos
1183 737 1411 794 cunctis
1470 736 1681 794 diebus
1720 754 1828 795 sae-

192 828 325 885 culi.
367 840 431 897 ἢ.
466 828 672 883 Amen.

255 918 585 988 Antiphona
615 916 975 973 LConclusit
1012 916 1289 973 inimicus
1318 917 1478 973 viam
1512 932 1732 984 meam,
1774 922 1829 974 et

180 1006 382 1064 anima
411 1023 547 1063 mea
571 1007 633 1061 in
653 1005 858 1062 dolore
886 1005 1124 1062 turbata
1145 1013 1266 1062 est:
1298 1007 1521 1077 adjuva
1551 1010 1827 1071 me,Deus

176 1112 365 1153 meus.
408 1096 471 1155 Ῡ.
524 1095 694 1167 Eripe
731 1110 825 1151 me
859 1095 1110 1150 Domine
1141 1095 1219 1151 ab
1247 1095 1494 1151 homine
1552 1095 1712 1152 malo
1747 1113 1759 1150 :
1788 1112 1825 1152 a

173 1185 291 1241 viro
320 1183 556 1255 iniquo,
585 1190 643 1239 et
676 1183 881 1253 lingua
908 1183 1121 1238 dolosa
1153 1184 1340 1240 libera
1372 1200 1485 1239 me.

238 1272 464 1329 Oratio.
500 1271 1078 1342 Christe,Deivirtus,
1103 1275 1159 1327 et
1192 1272 1291 1327 Dei
1327 1273 1823 1343 supientia,cujus

169 1364 292 1420 vias
316 1363 469 1419 dum
502 1361 785 1434 antiquus
805 1360 990 1417 hostis
1015 1362 1431 1435 persequendo
1443 1361 1817 1427 concludere,

165 1452 432 1516 nititur,a
461 1451 650 1523 te,qui
680 1452 773 1507 via
792 1450 1129 1517 es,miriﬁce
1151 1450 1553 1519 conculcatur;
1578 1451 1660 1507 ita
1684 1466 1819 1517 nos,

165 1556 545 1614 quaesumus,
578 1546 677 1595 tua
706 1538 900 1609 gratia
929 1539 1350 1609 eircumvalla;
1388 1544 1451 1595 ut
1485 1556 1593 1595 nec
1625 1540 1684 1595 in
1723 1540 1822 1596 via

162 1634 554 1702 peccatorum
580 1628 809 1700 antiqui
838 1628 1028 1683 hostis
1059 1628 1229 1683 obice
1260 1628 1694 1684 concludamur
1727 1644 1740 1693 ;
1766 1633 1822 1684 et

1944 472 2098 528 tibus
2130 473 2362 529 Patrem
2390 473 2684 544 efﬂagitas
2711 491 2723 540 ;
2756 473 2835 529 da
2865 488 3005 543 ergo
3045 473 3238 539 nobis,
3291 476 3590 548 passionis

1942 565 2057 617 tuae
2081 567 2457 618 sacramento
2479 579 2515 619 a
2546 562 2764 617 nostris
2794 560 3179 632 passionibus
3209 563 3344 629 elui,
3370 568 3453 632 ut,
3484 565 3590 638 qui

1940 648 2424 722 blasphemantes
2444 655 2499 707 te
2530 650 2967 723 patientissime
2992 648 3269 722 tolerasti,
3284 653 3587 710 credentes

1943 737 2042 794 tibi
2073 738 2151 795 ab
2176 743 2397 795 aeterna
2417 754 2591 796 eruas
2614 738 3003 796 damnatione
3034 737 3270 810 judicii.

2012 826 2181 884 Pater
2210 835 2427 885 noster.

2562 916 2659 971 Ad
2684 917 2946 972 Sextum.

2080 1005 2274 1061 Lectio
2306 1006 2442 1061 libri
2489 1006 2784 1063 Hieremiae
2809 1005 3126 1076 Propheta:
3152 1006 3327 1079 (Cap.
3356 1006 3439 1077 x).

2005 1104 2067 1162 Br.
2100 1094 2218 1149 Deo
2246 1095 2487 1162 gratias.

2004 1183 2136 1236 llree
2158 1181 2296 1236 dicit
2321 1182 2811 1241 Dominus:Ecee
2856 1197 2969 1252 ego
3024 1182 3204 1251 longe
3262 1181 3582 1253 projiciam

1931 1269 2293 1325 habitatores
2315 1275 2476 1325 terrae
2497 1270 2559 1325 in
2580 1272 2693 1326 hac
2730 1270 2871 1326 vieae
2891 1289 2903 1323 :
2922 1274 2978 1327 et
2992 1269 3293 1327 tribulabo
3305 1286 3407 1327 eos
3421 1270 3503 1326 ita
3518 1276 3583 1327 ut

1930 1373 2052 1414 non
2082 1358 2483 1415 inveniantur.
2512 1362 2606 1414 Vae
2652 1359 2799 1415 mihi
2826 1375 3004 1432 super
3033 1359 3378 1416 contritione
3420 1373 3576 1423 mea,

1931 1448 2198 1519 pessima
2218 1448 2394 1520 plaga
2412 1451 2695 1517 mea.Ego
2716 1453 2915 1504 autem
2942 1448 3065 1504 dixi
3091 1466 3105 1504 :
3130 1448 3305 1504 Plane
3327 1448 3453 1503 haec
3483 1448 3579 1504 in-

1929 1536 2179 1593 ﬁrmitas
2203 1553 2337 1594 mea
2362 1542 2469 1604 est,
2501 1542 2558 1593 et
2581 1538 2836 1609 portabo
2870 1538 3056 1593 illam.
3103 1536 3581 1593 Tabernaculum

1934 1642 2134 1682 meum
2160 1632 2463 1683 vastatum
2510 1632 2863 1683 estzomnes
2911 1626 3161 1682 funiculi
3196 1626 3312 1681 mei
3359 1625 3580 1696 dirupti

160 1720 379 1775 iterum
408 1726 465 1773 te
499 1718 747 1789 juvante
784 1732 892 1790 per
920 1717 1047 1772 vias
1073 1716 1398 1773 voluntatis
1426 1722 1542 1772 ture
1574 1716 1818 1772 dilatato
1852 1727 1895 1781 Β
1931 1714 2197 1779 sunt,ﬁlii
2220 1715 2336 1770 mei
2364 1715 2631 1770 exierunt
2652 1731 2687 1770 a
2709 1720 2887 1780 me,et
2914 1731 3033 1770 non
3059 1713 3395 1767 subsistunt
3420 1729 3432 1767 :
3455 1728 3578 1767 non

160 1806 348 1863 corde
376 1822 710 1862 curramus.
745 1817 807 1873 Βτ.
837 1810 1048 1862 Amen.

238 1896 589 1965 Antiphona
617 1897 924 1966 2.Semper
948 1894 1155 1950 videbo
1187 1894 1517 1950 vindictam
1536 1894 1609 1949 de
1628 1894 1821 1949 inimi-

161 1985 251 2041 cis
274 1983 462 2041 meis:
489 1988 821 2056 posuerunt
848 1983 1220 2054 gravedinem
1245 1984 1454 2039 cervici
1478 1999 1659 2039 meae:
1684 1983 1819 2039 vide

157 2072 433 2138 Domine,
479 2076 537 2128 et
588 2071 814 2143 judica,
848 2088 922 2127 ne
963 2071 1343 2144 derelinquas
1373 2088 1487 2128 me.
1520 2072 1580 2131 Ψ.
1611 2072 1820 2129 Judica

152 2162 411 2218 Domine
442 2167 724 2218 nocentes
754 2162 1041 2234 me353
1076 2166 1132 2218 et
1158 2176 1438 2233 expugna
1460 2162 1816 2233 impugnau-

151 2256 237 2307 tes
259 2266 390 2306 me.

218 2339 697 2408 0ratio.Exurge
726 2340 961 2405 Deus,et
1002 2337 1461 2395 misericorditer
1486 2338 1819 2409 judicater—

146 2445 299 2495 ram,
341 2427 451 2500 qui
480 2443 547 2483 es
577 2443 687 2499 pro
714 2427 891 2483 nobis
908 2427 1208 2498 judicatus
1231 2427 1291 2483 in
1323 2432 1478 2483 terra
1508 2445 1521 2491 ;
1554 2428 1657 2499 qui
1678 2443 1816 2483 con-

145 2518 475 2574 demnatus
496 2516 757 2572 absolvis
787 2532 951 2587 reos;
975 2517 1080 2589 qui
1102 2516 1363 2572 moriens
1386 2515 1814 2571 viviﬁcasmor-

152 2610 284 2663 tuos
316 2605 794 2677 ,quiresurgens
818 2604 1144 2660 conﬁrmas
1172 2604 1469 2668 dubios,et
1494 2603 1814 2658 confundis

151 2694 492 2767 iniquos.ln
518 2697 686 2749 tuam
716 2708 979 2766 namque
1004 2692 1395 2749 hereditatem
1452 2699 1655 2761 gentes
1686 2707 1815 2746 ere-

154 2783 354 2840 dendo
377 2788 879 2855 vocentur,quem
901 2782 1295 2839 resurrexisse
1318 2797 1426 2854 pro
1458 2780 1646 2836 salute
1671 2780 1816 2837 ﬁde-

150 2873 300 2929 lium
329 2873 716 2930 confitentur.
745 2883 812 2943 Βτ.
844 2878 1053 2928 Amen.

220 2962 589 3033 Antiphona
614 2961 1088 3032 3.Cogitaverunt
1101 2960 1251 3017 mala
1265 2960 1546 3016 adversus
1564 2959 1812 3014 animam

1930 1805 2139 1875 estqui
2169 1804 2448 1860 extendat
2473 1804 2627 1859 ultra
2649 1805 2968 1859 tentorium
3024 1819 3248 1870 meum,
3284 1806 3337 1856 et
3391 1802 3576 1871 erigat

1929 1893 2110 1965 pelles
2128 1909 2313 1948 meas.
2347 1894 2495 1959 Quia
2525 1892 2699 1947 stulte
2726 1898 2972 1961 egerunt
2994 1896 3345 1964 pastores,et
3373 1890 3576 1944 Domi-

1928 1999 2074 2039 num
2097 2000 2216 2040 non
2248 1984 2614 2057 quaesierunt
2634 1988 2941 2055 propterea
2971 1998 3093 2039 non
3142 1981 3576 2050 intellexerunt,

1928 2078 1984 2129 et
2014 2072 2212 2129 omnis
2239 2088 2382 2143 grex
2404 2088 2613 2128 eorum
2645 2072 2953 2142 dispersus
2994 2075 3107 2128 est.
3142 2072 3267 2125 Vox
3324 2068 3580 2124 auditio-

1927 2161 2019 2217 nis
2044 2178 2179 2217 ecce
2216 2162 2396 2227 venit,
2426 2166 2482 2216 et
2508 2160 2831 2216 commotio
2852 2173 3080 2230 magna
3100 2158 3173 2213 de
3200 2161 3358 2213 terra
3398 2156 3578 2228 Aqui-

1923 2250 2079 2307 lonis
2110 2268 2122 2306 ε
2156 2254 2217 2306 ut
2239 2254 2422 2321 ponat
2446 2249 2713 2305 civitates
2740 2251 2767 2303 l
2776 2247 2894 2304 uda
2942 2246 3343 2316 solitudinem,
3371 2249 3426 2301 et
3470 2245 3577 2301 ha-

1924 2339 2252 2395 bitaculum
2277 2338 2632 2395 draconum.
2666 2337 2951 2409 (Cap.x1.)
2974 2335 3185 2391 Audite
3207 2334 3391 2391 verba
3415 2332 3576 2405 pacti

1923 2428 2124 2498 hujus,
2154 2433 2210 2483 et
2230 2427 2547 2499 loquimini
2580 2426 2656 2482 ad
2687 2427 2848 2482 viros
2870 2424 3046 2489 Juda,
3081 2428 3137 2479 et
3176 2424 3254 2479 ad
3281 2422 3577 2478 habitato-

1924 2532 2016 2571 res
2046 2515 2431 2581 Hierusalem,
2458 2515 2694 2570 etdices
2744 2514 2823 2569 ad
2854 2529 2991 2569 eos:
3027 2516 3161 2568 Haec
3201 2512 3342 2566 dicit
3371 2509 3575 2566 Domi-

1923 2620 2037 2660 nus
2058 2608 2208 2659 Deus
2234 2604 2416 2659 lsrael
2441 2624 2452 2662 :
2475 2603 2814 2659 Maledictus
2847 2602 2953 2667 vir,
2985 2602 3089 2672 qui
3146 2616 3267 2654 non
3323 2600 3577 2655 audierit

1921 2694 2105 2749 verba
2123 2693 2279 2763 pacti
2303 2690 2667 2763 hujus,quod
2688 2688 2946 2761 praecepi
2974 2687 3246 2759 patribus
3274 2687 3484 2741 vestris
3515 2687 3573 2740 in

1922 2782 2038 2846 die,
2067 2798 2189 2853 qua
2216 2780 2393 2836 eduxi
2422 2795 2523 2834 eos
2552 2778 2627 2833 de
2684 2784 2840 2833 terra
2889 2776 3145 2846 ngypti,
3203 2775 3277 2829 de
3334 2774 3574 2829 fornace

1922 2870 2131 2935 ferrea,
2161 2868 2397 2924 dicens:
2424 2866 2635 2922 Audite
2659 2881 2869 2921 vocem
2911 2880 3130 2929 meam,
3163 2868 3219 2919 et
3248 2862 3418 2918 facite
3448 2877 3575 2917 om-

1921 2959 2022 3016 nia
2053 2974 2187 3031 quae
2215 2954 2683 3028 praeeepivobis,
2708 2958 2764 3009 et
2783 2953 2941 3009 eritis
2976 2952 3124 3007 mihi
3146 2952 3207 3007 in
3260 2949 3573 3023 populum,

153 3068 382 3116 meam,
413 3056 740 3123 etpeccata
770 3066 879 3106 sua
926 3050 1386 3106 occultaverunt.
1441 3050 1660 3103 Memor
1690 3053 1812 3104 esto
1843 3084 1884 3140 ρ
1922 3053 1977 3105 et
1997 3063 2108 3117 ego
2135 3062 2235 3102 ero
2264 3044 2438 3101 vobis
2469 3044 2529 3099 in
2558 3045 2764 3099 Deum.
2795 3054 2857 3109 Βί.
2906 3051 3109 3097 Amen.

154 3141 391 3198 stetisse
420 3155 519 3196 me
543 3146 680 3197 ante
707 3139 919 3196 faciem
940 3144 1125 3205 tuam,
1161 3143 1215 3194 et
1242 3137 1507 3193 locutum
1550 3152 1676 3191 esse
1702 3151 1812 3208 pro

155 3232 239 3287 eis
260 3231 453 3287 bona.
481 3229 662 3296 inQui
681 3228 1092 3299 cogitaverunt
1116 3227 1376 3282 malitias
1396 3228 1455 3279 in
1472 3225 1650 3280 corde
1668 3240 1806 3283 suo:

156 3325 277 3377 tota
298 3319 403 3376 die
433 3316 875 3375 constituebant
894 3316 1117 3389 praelia.
1148 3316 1286 3372 Non
1312 3315 1553 3371 dicatur
1592 3312 1807 3369 Gloria.

216 3420 286 3481 ἢ.
320 3411 471 3465 Ecce
492 3406 685 3464 factus
705 3422 840 3462 sum
861 3405 1143 3461 omnibus
1163 3404 1420 3460 inimicis
1433 3403 1581 3459 meis
1605 3403 1664 3457 in
1681 3418 1813 3475 pro-

142 3499 467 3564 verbium;
493 3500 551 3553 et
576 3495 752 3566 longe
806 3494 945 3551 facti
976 3500 1133 3561 sunt,
1163 3494 1265 3566 qui
1315 3509 1411 3549 me
1451 3492 1800 3562 diligebant.

142 3586 433 3644 Extendit
460 3584 742 3642 inimicus
767 3600 939 3639 meus
962 3582 1285 3639 adversum
1314 3598 1410 3637 me
1465 3581 1810 3653 pharetram

142 3693 350 3742 suam,
385 3679 445 3732 et
473 3674 759 3729 subvertit
783 3672 1133 3729 calcaneum
1176 3687 1401 3726 meum.
1452 3670 1694 3741 Repleta
1723 3673 1811 3725 est

140 3767 357 3823 anima
378 3779 520 3820 mea
539 3762 867 3819 doloribus.
900 3760 1297 3831 Congregavit
1321 3758 1597 3814 inimicus
1641 3774 1811 3814 meus

138 3856 423 3911 furorem
453 3868 631 3907 suum
652 3852 712 3907 in
730 3866 845 3918 me,
878 3854 935 3906 et
956 3849 1263 3905 infremuit
1289 3854 1497 3904 contra
1523 3863 1617 3903 me
1661 3846 1812 3902 den-

140 3943 315 3999 tibus
356 3941 509 3996 suis.
538 3940 601 3995 P.
659 3942 742 3996 Tu
783 3945 1008 4004 autem,
1066 3936 1335 4000 Domine,
1378 3934 1566 3992 libera
1604 3950 1720 4000 me,
1756 3939 1813 3991 et

136 4046 317 4105 pone
344 4046 444 4085 me
469 4030 640 4101 juxta
660 4032 733 4084 te.
766 4028 830 4089 ἡ.
860 4027 1065 4084 Subito
1088 4025 1423 4081 vulneravit
1451 4039 1545 4079 me
1574 4023 1811 4078 invidus

142 4119 465 4184 inimicus,
506 4123 561 4174 et
605 4117 685 4174 ad
719 4115 975 4172 nihilum
1002 4114 1243 4171 redacta
1272 4117 1411 4168 sunt
1460 4126 1604 4167 ossa
1641 4126 1800 4166 mea.

143 4209 220 4263 P.
258 4209 348 4263 Tn
380 4210 591 4273 autem,
624 4205 895 4262 Domine.
922 4205 1059 4262 Non
1098 4203 1341 4259 dicatur
1382 4200 1597 4256 Gloria.

217 4296 461 4353 Preces.
486 4298 561 4351 Tu
590 4300 797 4369 pastor
820 4294 1000 4359 bone,
1032 4293 1136 4365 qui
1158 4306 1266 4364 pro
1295 4290 1507 4348 ovibus
1544 4288 1809 4345 animam

130 4386 437 4463 posuisti,
466 4391 768 4443 memento
792 4384 1000 4450 nostri,
1034 4386 1092 4438 P.
1125 4380 1380 4445 Placere,
1424 4383 1480 4435 et
1515 4379 1807 4435 miserere.

128 4480 200 4537 ῒ.
237 4477 444 4532 Virtus
470 4474 766 4547 perennis,
797 4472 1090 4541 sapientia
1122 4471 1223 4527 Dei
1273 4468 1515 4534 summi,
1553 4467 1810 4523 Verbum

132 4566 368 4633 Patris,
388 4567 693 4621 memento
712 4561 933 4629 nostri;
957 4562 1018 4616 P.
1048 4559 1301 4616 Plaeare.
1331 4557 1393 4618 νῖν.
1418 4556 1698 4613 Conditor
1726 4572 1814 4611 re-

132 4672 311 4726 rum,
341 4654 471 4710 vita
516 4653 809 4716 omnium,
859 4650 1199 4707 dominator
1239 4645 1624 4716 Angelorum,
1692 4661 1814 4702 me-

134 4749 370 4804 mento
400 4742 611 4799 nostri.
644 4744 702 4796 P.
732 4739 996 4796 Plaeare.
1027 4736 1088 4797 ἵ.
1128 4737 1213 4792 Tu
1242 4736 1343 4791 Dei
1374 4751 1586 4805 agnus,
1612 4739 1676 4792 tu
1704 4750 1815 4807 pro

137 4833 337 4890 nobis
360 4848 449 4900 es,
477 4830 637 4887 velut
664 4829 811 4895 ovis,
841 4827 1206 4898 immolatus,
1240 4830 1540 4881 memento
1593 4823 1812 4891 nostri;

138 4923 211 4976 P.
236 4921 511 4977 Plaeare.
558 4917 622 4978 ἡ.
664 4920 955 4973 Innocens
986 4919 1217 4988 captus,
1269 4929 1460 4969 caesus
1524 4911 1811 4984 colaphis,

136 5008 501 5067 latronibus
520 5006 720 5072 datus,
753 5009 1053 5061 memento
1082 5001 1267 5059 nostri
1293 5018 1307 5068 ;
1329 5005 1388 5057 P.
1432 5001 1699 5058 Plaeare.
1739 5000 1806 5061 ἵ.

134 5099 260 5166 Qui
285 5097 462 5154 solus
492 5100 748 5152 mortem
767 5092 953 5149 nostri
979 5091 1247 5148 criminis
1294 5096 1396 5148 tua
1420 5093 1610 5146 morte
1657 5088 1817 5145 devi-

133 5188 307 5254 cisti,
344 5188 656 5242 memento
676 5183 860 5239 nostri
888 5199 901 5248 ;
925 5184 986 5237 P.
1012 5180 1269 5238 Plaeare.

206 5279 529 5347 Hymnus.
597 5275 642 5330 Ο
666 5275 988 5329 Nazarene.
1016 5271 1131 5341 fol.
1165 5271 1283 5325 144.

1992 3136 2343 3204 Antiphona
2374 3140 2418 3189 ι.
2444 3134 2670 3203 Augeat
2703 3131 2989 3188 Dominus
3015 3130 3254 3202 plebem
3294 3144 3489 3190 suam,
3522 3133 3576 3184 et

1923 3224 2273 3297 multiplieet
2293 3240 2426 3279 eam
2458 3223 2515 3277 in
2542 3220 2747 3277 multis
2784 3220 3049 3275 millibus
3078 3217 3465 3291 populorum.
3499 3216 3567 3274 ἲν.

1921 3314 2324 3373 Conﬁteantur
2352 3311 2595 3367 Domino
2617 3298 3064 3365 misericordias
3123 3306 3285 3377 ejus:
3312 3308 3369 3360 et
3400 3305 3575 3359 mira-

1916 3404 2061 3461 bilia
2090 3404 2220 3474 ejus
2245 3401 2385 3457 ﬁliis
2413 3399 2756 3456 hominum.

1992 3493 2221 3549 Oratio.
2254 3494 2436 3559 Auge,
2480 3487 2744 3547 Domine,
2796 3483 3087 3556 populum
3142 3485 3311 3538 tuum
3370 3480 3569 3550 nimis,

1919 3597 2177 3653 cumque
2208 3579 2300 3635 vel
2327 3574 2667 3641 meritis,vel
2697 3573 2878 3628 rebus
2908 3571 3136 3630 exaltu:
3177 3576 3257 3635 ut,
3279 3570 3383 3642 qui
3421 3569 3571 3623 invi-

1918 3670 2135 3725 dorum
2165 3666 2443 3723 dentibus
2476 3662 2847 3729 mordemur,
2875 3659 3167 3715 feliciores
3196 3673 3453 3731 semper,
3518 3660 3571 3713 te

1918 3756 2298 3830 propitiante,
2332 3757 2693 3808 constemus.
2720 3762 2789 3820 132.
2830 3753 3039 3803 Amen.

1990 3843 2361 3912 Antiphona.
2390 3845 2421 3895 2
2452 3842 2761 3903 Laetentur,
2802 3836 3055 3901 Domine,
3109 3848 3289 3906 super
3332 3833 3573 3905 eloquia

1919 3937 2023 3990 tua
2049 3950 2059 3989 :
2088 3929 2361 4003 sicutqui
2392 3927 2618 3984 invenit
2640 3925 2833 3998 spolia
2854 3924 3207 3984 multa.v.Et
3239 3922 3574 3978 sacriﬁcent

1920 4020 2276 4078 sacriﬁcium
2298 4017 2493 4072 laudis
2518 4034 2530 4067 :
2555 4019 2611 4071 et
2635 4012 3021 4087 pronuntient
3044 4027 3228 4084 opera
3253 4010 3381 4082 ejus
3398 4010 3457 4065 in
3476 4027 3571 4065 ex-

1920 4109 2230 4167 ultatione.

1992 4192 3012 4263 Oratio.Laatentur,Domine,super
3032 4189 3271 4261 eloquia
3292 4193 3415 4255 tua,
3436 4203 3571 4260 quae

1921 4302 2099 4360 super
2111 4284 2225 4341 me]
2248 4289 2305 4341 et
2321 4284 2529 4339 favum
2543 4286 2680 4337 sunt
2699 4280 2899 4336 dulcia
2919 4297 2931 4334 :
2955 4279 3208 4347 qualiter
3230 4277 3406 4333 nobis
3427 4282 3570 4333 tem-

1889 4376 2187 4451 nporalem
2209 4372 2585 4430 dilectionem
2602 4386 2724 4426 non
2737 4369 2991 4425 inferant
3011 4388 3026 4435 ;
3047 4367 3151 4422 sed
3165 4366 3243 4423 ad
3258 4381 3570 4438 supernam

1922 4479 2159 4537 semper
2174 4461 2627 4519 delectationem
2647 4457 2890 4515 ovando
2910 4456 3332 4529 perducanm.
3350 4455 3562 4509 Amen.

1993 4553 2339 4624 Antiphona
2364 4552 2416 4607 3.
2448 4548 2881 4605 Testimonium
2905 4542 3569 4610 tuum,Domine,ﬁdele,

1921 4642 2186 4718 parvulis
2206 4643 2447 4714 praestet
2479 4637 2859 4709 sapientiam.
2904 4634 2964 4696 it.
3012 4632 3258 4689 Iustitiae
3316 4630 3568 4687 Domine

1920 4737 2114 4796 rectae,
2141 4729 2505 4786 laetificantes
2535 4725 2740 4782 corda.

1996 4822 2223 4878 Oratio.
2246 4816 2741 4874 Testimoniorum
2764 4818 3023 4881 tuorum,
3072 4805 3573 4873 Domine,efﬁeia—

1923 4926 2060 4968 mur
2070 4908 2348 4975 heredes;
2372 4921 2507 4977 quae
2524 4903 2702 4960 nobis
2728 4903 2884 4958 facta
2900 4903 3039 4955 sunt
3058 4895 3443 4967 credibiliaz3
3457 4893 3571 4968 54

1926 5002 2045 5056 sint
2064 5003 2280 5055 nostrae
2310 4993 2697 5051 meditatione
2731 4990 2996 5052 assidua,
3029 4990 3092 5042 ut
3110 4988 3248 5041 sunt
3269 4984 3407 5041 fidei
3428 4984 3575 5040 veri—

1924 5094 2042 5146 tate
2069 5088 2298 5142 sincera
2325 5103 2337 5137 :
2360 5089 2537 5155 atque
2562 5082 2643 5137 ita
2666 5084 2869 5137 nostro
2895 5080 3391 5133 consummentur
3441 5088 3577 5144 ope-

1923 5191 2007 5242 re,
2038 5176 2187 5231 sicut
2213 5172 2595 5245 prot'eruntur
2619 5184 2691 5224 ex
2744 5168 3118 5236 orezregant
3168 5160 3573 5219 consolatione

1926 5265 2244 5320 maerentes
2269 5280 2283 5328 ;
2309 5276 2379 5316 ac
2406 5258 2802 5331 promptiores
2824 5255 2902 5312 ad
2929 5258 2982 5311 te
3010 5253 3233 5310 faciant
3251 5248 3568 5306 auditores.

213 5365 540 5437 Capitula.
572 5361 877 5418 Adversus
906 5358 1346 5425 tuam,Christe,
1371 5356 1639 5413 animam
1660 5356 1821 5412 mala
1928 5365 1993 5425 ﬁ.
2026 5356 2237 5408 Amen.

117 5456 504 5528 cogitantes
539 5451 825 5524 patienter
842 5448 1124 5521 equidem
1141 5446 1415 5512 sustines,
1434 5450 1501 5503 ut
1516 5461 1625 5519 pro
1645 5449 1702 5501 te
1717 5444 1823 5501 bo-

2002 5453 2064 5513 ni.
2091 5440 2341 5496 Gressus
2364 5454 2572 5495 eorum
2613 5437 2821 5505 dirige,
2854 5437 3028 5497 Deus,
3071 5432 3134 5485 in
3162 5424 3383 5513 semitis
3413 5423 3528 5479 tuis
3562 5444 3573 5482 :

130 5512 308 5605 iulia
335 5542 459 5600 tuis
474 5512 684 5613 pastor
694 5512 1020 5612 exemplum
1036 5536 1317 5610 gregibus
1336 5512 1631 5607 praeberes
1652 5550 1663 5597 ;
1684 5533 1824 5591 dum
1930 5534 1992 5588 P.
2028 5533 2097 5590 Ut
2121 5545 2243 5588 non
2261 5533 2615 5587 moveantur
2636 5524 2883 5597 vestigia
2905 5535 3135 5580 eorum.
3156 5516 3220 5581 ῒ.
3250 5512 3580 5573 Declaratio
