4036 6158
482 210 594 304 595

489 446 662 506 vulis.
697 445 761 500 P.
793 448 881 502 Ut.

562 536 787 594 Preces.
820 533 1087 602 Domine,
1123 533 1360 602 exaudi,
1391 539 1447 592 et
1477 535 1658 606 salva,
1695 536 1751 592 et
1782 533 1965 590 libera
2021 548 2141 590 me.

494 625 557 683 P.
587 625 855 691 Domine,
881 623 942 686 Ψ.
981 624 1067 680 Ad
1093 627 1146 681 te
1171 625 1457 681 ascendat
1507 625 1696 682 oratio
1755 640 1912 688 mea,
1963 625 2140 689 Deus,

496 718 553 771 et
579 713 765 770 libera
793 729 910 772 me.
959 713 1017 769 P.
1070 713 1340 782 Domine,
1386 713 1449 775 ὴ.
1503 716 1582 770 Ne
1637 717 1872 771 avertas
1931 711 2146 768 faciem

496 807 661 860 tuam
693 818 730 859 a
759 818 874 868 me,
909 801 1014 858 sed
1038 801 1225 858 libera
1251 817 1368 868 me,
1398 801 1462 856 P.
1495 801 1765 858 Domine.
1796 800 1867 863 ir.
1921 801 2148 873 Cogita-

495 897 709 950 verunt
734 893 1055 950 adversum
1077 907 1173 946 me
1201 907 1309 950 :ne
1363 891 1608 948 deseras
1660 907 1776 956 me,
1817 889 1925 946 sed
1959 890 2150 946 libera

499 999 617 1049 me,
651 984 712 1039 P.
748 981 1013 1038 Domine.
1040 980 1104 1042 ἲν.
1127 979 1212 1036 Tu
1238 980 1394 1036 enim
1420 982 1576 1036 Deus
1615 979 1929 1037 auxiliator
1954 995 2146 1044 meus,

500 1075 567 1127 tu
589 1067 814 1139 adjuva
837 1082 953 1131 me,
982 1067 1046 1120 P.
1098 1066 1367 1121 Domine.
1397 1067 1459 1127 ir.
1518 1067 1740 1140 Eripiat
1783 1082 1881 1123 me
1932 1082 2151 1124 manus

503 1157 736 1214 excelsa
756 1160 876 1220 tua,
905 1159 961 1210 et
979 1157 1251 1227 protegat
1275 1171 1392 1223 me,
1419 1155 1482 1211 P.
1533 1156 1806 1213 Domine.
1836 1155 1901 1218 it.
1953 1155 2152 1212 Adsis-

504 1248 560 1304 te
584 1243 731 1301 mihi
754 1244 814 1301 in
837 1243 1203 1315 adjutorium
1235 1259 1491 1316 semper,
1514 1248 1570 1300 et
1597 1245 1804 1312 libera,
1845 1245 1912 1304 P.
1958 1244 2153 1301 Domi-

504 1349 600 1391 ne.
628 1332 690 1395 Y.
723 1336 884 1390 Nunc
907 1347 1041 1388 ecce
1101 1332 1401 1405 oppressit
1449 1347 1543 1388 me
1593 1332 1764 1390 dolor
1795 1349 1967 1390 meus
1991 1350 2004 1389 :
2023 1334 2154 1404 jam

504 1421 696 1479 libera
719 1437 837 1492 me,
868 1422 932 1474 P.
966 1421 1234 1476 Domine.
1252 1419 1314 1481 ἡ.
1342 1420 1592 1491 Spiritus
1615 1437 1787 1477 meus
1815 1425 2155 1480 attenuatus

508 1516 595 1568 est
618 1512 681 1566 in
704 1525 838 1566 me:
870 1508 1108 1565 viviﬁca
1136 1524 1252 1572 me,
1286 1510 1349 1562 P.
1376 1508 1646 1566 Domine.
1705 1511 1767 1572 Ψ.
1825 1513 1999 1567 Artus
2038 1511 2157 1568 mei

509 1601 571 1656 in
595 1597 849 1655 nihilum
869 1595 1088 1653 redacti
1106 1601 1264 1664 sunt,
1287 1597 1418 1668 jam
1437 1598 1613 1654 reﬁce
1643 1615 1760 1665 me,
1788 1602 1850 1654 P.
1882 1599 2154 1656 Domine.

1741 221 2196 290 BREVIARIUM
2234 225 2628 290 GOTHICUM.
3723 244 3803 308 tm

490 369 838 415 sermonum
860 355 1101 412 tuorum
1126 352 1421 414 illuminat
1442 353 1867 416 etintellectum
1889 355 2140 429 datpar-
2165 356 2212 414 A

2568 358 2686 413 Deo
2711 355 2862 414 Patri
2891 353 2965 410 sit
2993 350 3202 424 gloria,

2497 445 2754 517 Ejusque
2781 442 2891 500 soli
2921 441 3082 506 Filio,

2500 535 2645 590 Cum
2677 533 2896 605 Spiritu
2923 529 3227 593 Paraclito,

2501 625 2776 693 Regnans
2815 636 2920 694 per
2943 633 3121 676 omne
3144 615 3438 676 saeculum.

2570 716 2777 766 Amen.

2327 800 2625 870 Capitula.
2677 798 3016 871 Propinqua
3059 795 3359 869 passionis
3400 800 3508 855 tute
3559 802 3810 880 solemnia,

2255 888 2477 946 Christe
2502 887 2844 961 Deus,plebs
2867 887 3086 944 devota
3107 884 3725 962 suscipiens,prteparati
3735 896 3813 956 tibi

2254 979 2316 1036 in
2341 977 2599 1035 hostiam
2621 978 2821 1034 vivam
2865 977 3201 1044 desiderat;
3225 975 3468 1046 proinde
3513 994 3812 1057 quaesumus,

2258 1073 2321 1124 ut
2344 1067 2449 1139 qui
2473 1067 2533 1122 in
2559 1066 2880 1123 crastinum
2908 1064 2987 1121 ad
3006 1067 3178 1119 tuum
3198 1065 3483 1122 accessuri
3513 1082 3694 1128 sumus
3715 1087 3818 1134 con.

2258 1156 2505 1218 vivium,
2536 1158 2771 1228 praesta,
2800 1158 2867 1211 ut
2887 1154 2948 1210 in
2971 1152 3349 1224 susceptione
3392 1152 3560 1225 hujus
3593 1172 3818 1220 venat-an.

2261 1246 2348 1301 dae
2365 1245 2558 1302 noctis
2590 1249 2644 1300 et
2674 1243 2987 1316 culparum
3002 1240 3263 1299 tenebris
3293 1256 3586 1302 careamus
3633 1252 3682 1304 et
3701 1265 3820 1309 amo-

2260 1335 2342 1392 ris
2371 1334 2454 1390 tui
2484 1335 2621 1404 igne
2655 1332 3124 1390 inﬂammemur.

2335 1424 2508 1480 Pater
2536 1427 2754 1480 noster.

2334 1513 2686 1570 Benedictio.
2721 1510 2926 1568 Passio
2953 1525 3065 1566 nos
3099 1514 3410 1566 conservet
3448 1511 3570 1581 jure
3613 1517 3829 1585 perenni;

2265 1612 2331 1674 ἢ.
2362 1605 2571 1658 Amen.
2596 1599 2850 1656 Crimine
2868 1614 2981 1656 nos
3008 1598 3186 1656 hodie
3215 1597 3395 1668 lavet,
3428 1603 3482 1656 et
3506 1614 3614 1660 cras
3637 1617 3828 1660 munere

507 1688 570 1752 vi.
604 1689 810 1744 Hostes
825 1686 943 1742 mei
989 1684 1250 1742 furorem
1275 1687 1868 1760 suumimpleverunt
1890 1709 1901 1747 :
1924 1694 1989 1746 tu
2019 1699 2157 1745 erue
2191 1700 2235 1758 Β
2265 1691 2405 1748 ditet
2431 1709 2444 1744 :
2469 1702 2531 1761 13,.
2558 1691 2764 1745 Amen.
2799 1690 2948 1757 Quo,
2980 1688 3169 1760 pulsis
3183 1687 3365 1756 vitiis,
3396 1687 3604 1746 Pascha
3619 1706 3731 1750 cum
3753 1691 3833 1749 illo

510 1791 632 1834 me.
666 1775 729 1832 P.
761 1775 1026 1831 Domine.
1068 1773 1131 1834 ἲν.
1161 1774 1604 1833 Infremuerunt
1625 1781 1832 1835 contra
1851 1793 1948 1834 me
1973 1777 2159 1834 denti-

510 1866 627 1922 bus
644 1865 801 1935 suis;
833 1867 896 1922 tu
915 1863 1102 1921 libera
1122 1880 1238 1931 me,
1272 1866 1336 1922 P.
1379 1866 1656 1923 Domine.
1684 1866 1753 1928 ἵ.
1787 1869 2159 1941 Aperuerunt

512 1962 721 2011 contra
741 1969 836 2010 me
863 1968 966 2010 ora
991 1956 1221 2025 sua;tu
1247 1953 1477 2010 custodi
1497 1970 1616 2022 me,
1649 1957 1710 2012 P.
1765 1956 2032 2012 Domine.
2091 1955 2155 2016 il.

512 2042 772 2100 Adsistat
795 2041 903 2099 tibi
931 2041 1119 2098 oratio
1148 2057 1303 2108 mea,
1333 2044 1512 2114 Deus,
1552 2048 1609 2102 et
1636 2043 1853 2101 exaudi
1905 2060 2020 2110 me,
2079 2044 2150 2101 P.

513 2130 851 2193 DomineJV.
884 2130 1119 2187 Clamor
1137 2146 1309 2187 meus
1335 2131 1413 2188 ad
1433 2135 1485 2188 te
1511 2131 1836 2206 perveniat,
1862 2137 1917 2190 et
1942 2132 2160 2190 exaudi

513 2236 633 2292 me,
658 2221 721 2277 P.
747 2219 1012 2276 Domine.
1037 2219 1099 2281 Ψ.
1131 2220 1326 2277 Virtus
1359 2224 1463 2277 tua
1501 2221 1789 2279 afﬂictum
1844 2221 2072 2295 eripiat,
2105 2225 2162 2284 et

514 2312 789 2382 protegat
816 2325 936 2378 me,

586 2401 874 2470 Hymnus.
915 2399 958 2455 Ο
985 2400 1301 2466 Nazarene,
1325 2397 1448 2454 lux.
1472 2400 1587 2469 fol.
1620 2401 1748 2456 144.

589 2487 885 2557 Capitula.
920 2489 1164 2543 Gressus
1182 2490 1419 2543 nostros
1443 2487 1690 2544 Domine
1713 2488 1771 2544 in
1797 2487 2026 2544 semitis
2048 2487 2164 2544 tuis

515 2575 826 2641 conﬁrma,
850 2577 914 2630 ut
945 2575 1008 2629 in
1031 2574 1129 2630 via
1167 2578 1269 2630 tua
1325 2575 1688 2645 gradientes,
1745 2575 2164 2633 misericordia

512 2668 630 2722 tuas
654 2664 828 2723 nobis
850 2662 1294 2731 auxilientur,et
1314 2663 1375 2720 in
1402 2665 1828 2722 tentationibus
1845 2669 2123 2722 tueantur
2147 2680 2161 2723 :

511 2757 576 2809 ut
605 2768 742 2808 cum
773 2753 1116 2824 apparuerit
1131 2751 1496 2823 justitiatua,
1522 2769 1924 2828 appareamus
1943 2753 2003 2810 in
2027 2768 2166 2810 con-

515 2844 722 2914 spectu
746 2844 847 2898 tuo
867 2841 994 2896 sine
1019 2840 1388 2909 confusione,
1425 2846 1482 2898 et
1511 2842 1797 2900 satiemur
1851 2842 2043 2916 gloria
2067 2847 2168 2902 tua

517 2930 642 2988 sine
673 2929 1040 2988 confusione.
1074 2931 1250 2986 Pater
1276 2934 1498 2987 noster.

1108 3018 1205 3074 Ad
1236 3019 1570 3088 Vesperum.

589 3106 810 3163 Lauda.
835 3107 1108 3178 Vespere,
1138 3111 1195 3163 et
1216 3121 1418 3172 mane,
1469 3111 1527 3164 et
1554 3107 1800 3164 meridie
1857 3111 1913 3167 te
1964 3108 2170 3168 lauda-

517 3211 678 3260 mus,
710 3193 982 3250 Domine.

587 3283 952 3352 Antiphona.
987 3281 1158 3356 Eripe
1180 3297 1276 3338 me
1298 3281 1550 3338 Domine
1573 3282 1650 3339 ab
1676 3283 1920 3341 homine
1965 3285 2127 3343 malo
2151 3302 2166 3344 :

519 3375 575 3428 et
604 3387 642 3428 a
662 3370 792 3427 viro
817 3369 1025 3443 iniquo
1045 3369 1233 3427 libera
1263 3385 1378 3426 me.
1408 3371 1682 3429 Psalmus
1712 3389 1943 3430 cxxxix.

589 3461 824 3518 Lauda.
872 3462 1024 3516 Deus
1075 3459 1318 3516 laudem
1360 3475 1561 3518 meam
1607 3476 1682 3518 ne
1721 3463 2172 3537 tacueris:quia

520 3565 623 3607 ore
651 3549 818 3622 impii
847 3549 1364 3606 circumdederunt
1393 3567 1490 3607 me
1523 3569 1537 3606 :
1570 3556 1626 3610 et
1677 3555 2176 3627 expugnaverunt

521 3653 618 3696 me
651 3637 854 3707 gratis.

1200 3730 1491 3800 Hymnus.

876 3817 1010 3872 Jam
1040 3814 1187 3888 legis
1217 3817 1437 3873 umbra
1459 3818 1777 3893 clauditur,

771 3907 1124 3978 Novumque
1152 3905 1371 3961 Phasse
1399 3907 1639 3979 prodiit,

774 3995 916 4050 Cum
946 4008 1088 4050 vera
1116 3993 1219 4050 lux
1241 3993 1303 4050 in
1327 4010 1650 4067 vesperum

773 4082 972 4138 Mundi
995 4082 1240 4140 suborta
1276 4083 1592 4156 promicat.

882 4171 1026 4228 Hinc
1055 4171 1278 4230 Christe
1303 4188 1408 4230 rex
1435 4178 1571 4247 post
1597 4174 1853 4236 biduum

776 4261 969 4317 Cosme
1007 4260 1139 4318 litas
1169 4261 1534 4328 convivium,

775 4351 903 4416 Quo
927 4350 1155 4424 pascha
1178 4351 1412 4424 pridem
1459 4351 1783 4423 mysticum

775 4441 839 4496 In
861 4440 1082 4511 pascha
1111 4444 1386 4498 nostrum
1416 4443 1680 4500 vertitur.

880 4529 1033 4584 Audi
1059 4529 1326 4586 ﬁdelium
1364 4544 1590 4602 preces,

777 4617 888 4684 Qui
909 4618 1251 4674 traditorem
1283 4633 1500 4691 passus
1531 4633 1623 4686 es;

778 4709 898 4762 Hae
926 4710 1099 4762 nocte
1129 4721 1240 4762 nos
1269 4706 1588 4772 inlumina,

779 4795 1029 4850 Carnem
1058 4793 1212 4862 lava,
1240 4810 1342 4850 cor
1367 4810 1670 4867 praepara.

847 4883 1038 4940 Ardor
1066 4887 1181 4939 tuas
1205 4882 1541 4940 dulcedinis

779 4973 1016 5029 Interna
1043 4975 1250 5029 nostra
1270 4975 1642 5040 concremet;

783 5059 949 5118 Fides
982 5065 1222 5134 paratos
1251 5061 1514 5132 innovet,

784 5149 1064 5222 Opusque
1099 5149 1176 5206 ad
1198 5165 1453 5221 regnum
1472 5155 1663 5208 vocet.

857 5239 946 5305 Ut,
975 5239 1266 5296 suavitate
1287 5239 1494 5311 gratiae

783 5335 928 5392 Hinc
957 5335 1253 5400 advocati,
1284 5335 1345 5390 in
1374 5335 1700 5394 crastinum

784 5425 1149 5481 lnebriemur
1179 5424 1409 5496 poculis

783 5514 886 5572 Tui
902 5513 1116 5572 sacrati
1147 5512 1479 5584 sanguinis.

2206 4410 2256 4470 D

2267 1778 2598 1836 celebretis.
2626 1790 2687 1847 Bg.
2724 1778 2932 1832 Amen.

2334 1868 2564 1926 Lauda.
2595 1869 2807 1938 Legem
2827 1881 2978 1938 pone
2999 1865 3082 1922 eis
3113 1865 3390 1924 Domine.
3418 1867 3522 1936 fol.
3568 1869 3672 1923 352.

2760 1971 3005 2014 FBRIA
3073 1972 3167 2020 QU
3210 1971 3421 2012 ῐΝΤΔ.

2824 2045 2921 2100 Ad
2949 2044 3322 2104 Matutinum
3340 2086 3354 2099 .

2335 2135 2872 2206 Antiphona.Deus
2891 2132 3240 2207 percussisti
3277 2148 3489 2192 omnes
3528 2133 3838 2192 adversantes

2267 2226 2417 2283 mihi
2447 2227 2572 2281 sine
2607 2239 2828 2281 causa:
2862 2223 3070 2280 dentes
3122 2227 3497 2294 peccatorem
3558 2222 3836 2280 contrivisti.

2268 2316 2537 2372 Psalmus
2565 2330 2644 2368 ιιι.

2341 2404 2562 2461 Oratio.
2587 2401 2853 2469 Domine,
2891 2400 3080 2472 gloria
3120 2403 3354 2468 nostra,
3407 2403 3576 2472 caput
3609 2402 3840 2464 nostrum.

2271 2507 2345 2549 ne
2374 2492 2653 2548 vitiorum
2684 2491 2916 2562 gurgite
2936 2505 3281 2560 mergamur
3341 2488 3567 2556 exalta;
3596 2492 3724 2546 etne
3765 2501 3844 2544 nos

2271 2581 2582 2653 multiplex
2611 2584 2815 2636 curvet
2838 2579 3160 2645 tribulatio,
3193 2578 3488 2636 subleva:
3515 2582 3565 2635 te
3583 2591 3700 2633 vero
3713 2575 3844 2634 nobis

2273 2670 2617 2734 auxiliante,
2647 2685 2758 2725 nec
2785 2668 3100 2726 multitudo
3131 2667 3379 2726 nocebit
3403 2665 3775 2728 tribulantium,
3799 2667 3844 2719 et

2273 2759 2556 2832 superbia
2582 2758 2642 2816 in
2666 2773 2778 2814 nos
2804 2758 3109 2828 frangetur
3138 2757 3574 2828 insurgentium
3601 2753 3719 2821 ;tuis
3733 2765 3842 2820 ergo

2271 2847 2750 2905 benedictionem
2776 2846 3023 2902 infunde
3053 2847 3114 2906 in
3140 2846 3409 2918 populis,
3434 2845 3530 2918 qui
3561 2847 3730 2902 auctor
3745 2855 3795 2897 es
3808 2841 3851 2894 et

2274 2937 2556 2994 defensor
2582 2942 2798 2993 nostrae
2820 2935 3054 2995 salutis.
3095 2946 3157 3005 ne.
3191 2934 3412 2994 Amen.

2198 3057 2242 3114 ϐ
2345 3027 2753 3097 Antiphonat.
2787 3027 2870 3082 Tu
2899 3025 3148 3082 Domine
3195 3021 3625 3114 demonstrasti
3643 3017 3852 3114 mihist

2278 3130 2389 3186 ego
2411 3114 2682 3184 cognovi.
2721 3114 2902 3180 Quasi
2917 3128 3111 3183 agnus
3140 3116 3484 3178 mansueta,
3527 3111 3683 3183 355
3714 3110 3856 3180 porta-

2277 3208 2374 3262 tus
2400 3220 2538 3260 sum
2564 3203 2637 3260 ad
2663 3203 3003 3259 victimam:
3029 3208 3086 3260 et
3109 3218 3271 3259 nunc
3307 3201 3561 3272 cognovi
3575 3199 3701 3272 quia
3723 3207 3856 3265 super

2278 3309 2376 3356 me
2397 3292 2807 3364 cogitaverunt
2836 3290 3098 3350 consilia.
3124 3290 3185 3352 ἲν.
3221 3293 3288 3347 Et
3322 3295 3408 3359 tu,
3461 3288 3708 3356 Domine,
3751 3279 3859 3339 dario

2278 3383 2449 3440 dehis
2480 3397 2603 3450 eos,
2647 3386 2704 3438 et
2727 3397 2838 3454 pro
2889 3380 3074 3438 nihilo
3126 3379 3384 3439 habebis
3437 3393 3636 3437 omnes
3685 3375 3856 3445 genus.

2278 3473 2413 3530 Non
2433 3472 2676 3528 dicatur
2701 3469 2914 3530 Gloria.

2355 3562 2582 3620 Oratio.
2611 3559 2787 3628 Quasi
2815 3575 3008 3630 agnus
3037 3563 3397 3618 mansuetus
3422 3556 3658 3616 traditus
3672 3567 3763 3626 pro
3786 3561 3859 3605 no-

2280 3649 2395 3714 bis,
2423 3649 2669 3706 Domine
2695 3666 2706 3704 :
2732 3648 2837 3720 qui
2860 3648 3066 3720 utique
3079 3648 3205 3706 sine
3235 3651 3490 3720 peccato
3510 3643 3861 3710 etdelictoporv

2281 3743 2441 3798 tatus
2472 3754 2536 3794 es
2569 3738 2647 3795 ad
2671 3738 3011 3794 victimam:
3032 3741 3249 3809 praesta
3282 3752 3425 3808 ergo
3445 3733 3633 3800 nobis,
3662 3734 3718 3787 ut
3740 3729 3862 3784 inno-

2283 3828 2473 3884 centia
2505 3827 2645 3897 agni
2675 3826 3164 3899 adipiscamur,ut
3187 3825 3246 3882 in
3269 3829 3561 3884 aeternum
3590 3827 3761 3879 tecum
3773 3813 3864 3871 sine

2282 3917 2402 3978 ﬁne
2433 3917 2726 3974 vivamus.
2751 3927 2813 3986 13;.
2842 3919 3053 3972 Amen.

2355 4006 2704 4076 Antiphona
2729 4009 2780 4060 2.
2815 4007 2991 4062 Facta
3019 4007 3106 4060 est
3124 4003 3428 4062 hereditas
3458 4016 3592 4060 mea
3610 3995 3738 4056 mihi
3760 3998 3864 4049 tam-

2285 4112 2470 4169 quam
2496 4095 2589 4151 leo
2615 4095 2676 4150 in
2697 4093 2877 4150 silva:
2910 4092 3074 4150 dedit
3101 4096 3311 4152 contra
3340 4108 3439 4150 me
3484 4104 3683 4148 vocem
3723 4094 3867 4140 suam.

2284 4185 2349 4246 Ψ.
2377 4185 2673 4251 Quoniam
2704 4199 2885 4256 quem
2909 4187 2972 4239 tu
2995 4181 3319 4255 perfecisti,
3349 4181 3467 4254 ipsi
3491 4170 3867 4236 destruxerunt:

2283 4274 2480 4345 justus
2509 4277 2708 4331 autem
2733 4272 2877 4344 quid
2909 4271 3044 4329 fecit
3061 4271 3088 4328 ‘t
3107 4271 3237 4328 Non
3259 4272 3510 4330 dicatur
3542 4266 3740 4323 Gloria.

2361 4363 2585 4421 Oratio.
2620 4361 2845 4419 Christe
2877 4361 2977 4418 Dei
3003 4360 3126 4426 Fili,
3161 4361 3334 4432 cujus
3366 4361 3527 4418 facta
3542 4373 3605 4414 es
3639 4348 3872 4412 hereditas

2288 4457 2392 4511 tua
2417 4451 2547 4522 tibi,
2575 4450 2748 4524 quasi
2777 4451 2871 4508 leo
2898 4452 2959 4507 in
2981 4450 3146 4516 silva,
3173 4449 3400 4508 crudeli
3424 4452 3629 4506 contra
3656 4448 3702 4499 te
3723 4441 3812 4497 ritu
3831 4437 3874 4529 ut

2288 4539 2655 4611 cruciﬁgaris
2685 4539 3033 4598 exclamans
3062 4554 3074 4594 :
3106 4539 3190 4596 ita
3246 4553 3358 4595 nos
3413 4535 3699 4594 infusione
3725 4525 3872 4586 Sancti

2291 4631 2538 4704 Spiritus
2557 4630 2739 4701 reple,
2769 4634 2832 4685 ut
2856 4628 3158 4686 charitatis
3184 4627 3321 4698 igne
3344 4626 3636 4686 ferventes
3660 4622 3873 4704 innocue

2286 4698 2451 4778 vocis
2481 4698 2804 4777 clamorem
2833 4718 2909 4776 ad
2941 4719 3177 4776 auditus
3218 4723 3336 4774 tuas
3381 4705 3790 4788 omnipotentis
3812 4698 3875 4755 ὧν
3968 4698 3969 4726 3

2287 4809 2556 4880 rigamus
2580 4824 2594 4875 ;
2621 4812 2679 4864 et
2699 4807 2933 4864 animas
2987 4811 3221 4863 nostras
3253 4821 3367 4877 pro
3403 4803 3678 4862 fratribus
3707 4801 3876 4868 ponere
3968 4823 3969 4838 ι

2287 4898 2424 4958 totis
2456 4896 3070 4956 nisibusinsistamus.
3124 4907 3188 4958 ἢ.
3231 4896 3449 4952 Amen.
3758 4971 3761 4972 ν
3852 4965 3858 4972 _

2361 4987 2706 5057 Antiphona
2736 4988 2925 5042 3.Non
2948 4984 3072 5041 sedi
3098 4985 3158 5041 in
3181 4982 3432 5041 consilio
3458 4971 3877 5057 eorum,ludenti-

2289 5077 2406 5135 bus
2436 5055 2581 5149 ipsis
2605 5093 2620 5141 ;
2643 5074 2751 5134 sed
2772 5074 3061 5132 timebam
3081 5089 3117 5130 a
3141 5073 3290 5131 facie
3321 5087 3554 5129 eorum.
3589 5065 3742 5125 Solus
3760 5055 3879 5149 sede:
3968 5063 3969 5078 ‘

2291 5138 2768 5240 bam,:quoniam
2801 5162 3201 5220 amaritudine
3225 5161 3492 5234 repletus
3522 5138 3878 5214 sum.t~'.0divi

2295 5253 2784 5324 congregationes
2806 5251 3209 5321 malignorum
3232 5267 3244 5305 :
3273 5253 3482 5306 etcum
3500 5243 3690 5317 impiis
3703 5250 3804 5296 non
3820 5245 3878 5286 se
3968 5287 3969 5324 ἐ

2298 5341 2474 5400 debo.
2500 5343 2633 5400 Non
2655 5341 2890 5398 dicatur
2919 5339 3139 5396 Gloria.
3808 5408 3831 5419 ἡ
3968 5385 3969 5416 1

2374 5429 2596 5486 Oratio.
2622 5427 2926 5498 Unigenite
2952 5427 3051 5484 Dei
3081 5426 3277 5493 Filius,
3298 5426 3406 5499 qui
3427 5425 3488 5482 in
3510 5435 3678 5478 carne
3693 5415 3882 5499 marita:

2299 5534 2401 5581 rus
2425 5491 2765 5593 apparens:
2759 5518 2817 5576 in
2848 5516 3098 5577 concilio
3121 5491 3459 5576 ludentium
3474 5526 3595 5571 non
3612 5491 3884 5568 seditiﬁed
