4036 6158
521 249 626 304 599

1794 231 2246 292 BHEVIARIUM
2286 229 2688 288 GOTHICUM.
3760 241 3840 301 δυο

526 385 704 430 suos:
733 367 874 425 Dico
903 364 1074 424 vobis
1107 364 1253 439 quid
1293 362 1532 420 fecerint
1561 362 1736 421 nobis
1767 361 1895 435 Syri
1921 381 1933 414 :
1979 360 2171 416 sciunt
2209 357 2256 414 A
2281 355 2594 415 consilium
2619 353 2912 411 custodiet
2941 357 3017 417 te,
3046 355 3103 408 et
3129 349 3445 423 prudentia
3471 355 3696 414 servabit
3717 364 3776 428 te,
3799 371 3849 423 ut

525 459 669 532 quia
698 457 854 513 fame
884 455 1250 517 laboramus,
1272 458 1324 509 et
1343 451 1562 508 idcirco
1589 449 2050 522 egressisuntde
2081 464 2173 503 ca-

527 548 684 610 stris,
710 550 766 601 et
785 544 1011 600 latitant
1039 543 1099 598 in
1121 542 1299 612 agris,
1322 541 1585 596 dicentes
1610 559 1621 595 :
1649 542 1793 595 Cum
1812 538 2030 608 egressi
2052 538 2176 592 fue-

527 636 646 693 rint
671 634 742 690 de
775 633 1030 697 civitate,
1055 632 1355 703 capiemus
1373 645 1474 684 eos
1496 630 1688 697 vivos,
1719 634 1776 684 et
1809 634 1948 684 tunc
1977 626 2179 682 civita-

532 729 647 780 tem
681 721 913 792 ingredi
942 721 1292 793 poterimus.
1318 717 1854 790 Responditautem
1879 732 2034 772 unus
2065 731 2182 770 ser-

528 828 736 869 vorum
755 811 881 882 ejus
901 829 913 868 :
933 809 1156 865 Toliam
1167 826 1232 863 us
1244 807 1512 880 quinque
1531 822 1736 879 equos,
1758 805 1862 878 qui
1881 819 2183 862 remanse-

532 900 740 957 runtin
755 897 1205 970 urbe(qniaipsi
1221 901 1449 952 tantum
1464 901 1602 951 sunt
1617 895 1679 950 in
1693 895 1976 951 universa
1989 894 2182 950 multi-

533 989 736 1045 tudine
756 986 949 1056 israel,
970 986 1066 1042 alii
1080 985 1238 1040 enim
1257 985 1601 1055 consumpsi
1623 986 1849 1053 sunt)et
1863 983 2177 1047 mittentes,

534 1075 842 1146 explorare
864 1073 1210 1145 poterimus.
1231 1072 1617 1127 Adduxerunt
1639 1087 1777 1140 ergo
1800 1072 1950 1127 duos
1973 1088 2182 1144 equos,

538 1161 816 1234 misitque
838 1177 939 1216 rex
970 1161 1030 1215 in
1060 1165 1254 1216 castra
1281 1161 1587 1231 Syrorum,
1611 1161 1814 1216 dicens
1849 1182 1861 1216 :
1895 1164 1991 1226 ite,
2026 1165 2080 1215 et
2105 1161 2184 1214 vi-

536 1251 669 1306 dete
683 1294 696 1306 .
711 1251 822 1316 Qui
837 1249 1109 1305 abierunt
1123 1253 1260 1321 post
1275 1265 1376 1304 eos
1392 1265 1580 1320 usque
1593 1249 1670 1306 ad
1686 1250 2004 1306 Jordanem
2023 1264 2034 1303 :
2051 1264 2184 1305 ecce

538 1345 740 1397 autem
777 1338 974 1394 omnis
992 1339 1090 1394 via
1121 1338 1294 1408 plena
1333 1343 1456 1393 erat
1477 1338 1738 1394 vestibus
1769 1339 2021 1403 etvasis,
2050 1354 2186 1410 quae

539 1429 914 1499 projecerant
932 1425 1059 1498 Syri
1078 1442 1213 1481 cum
1234 1425 1618 1481 turbarentur
1638 1444 1649 1478 :
1669 1426 2009 1499 reversique
2031 1441 2186 1482 nun-

540 1516 615 1570 cii
641 1514 1054 1569 indicaverunt
1075 1513 1221 1582 regi.
1253 1516 1316 1568 Et
1345 1528 1616 1582 egressus
1641 1513 1922 1586 populus,
1947 1514 2189 1602 diripuit

541 1606 740 1659 castra
757 1602 937 1674 Syriae
963 1622 974 1660 :
1018 1600 1331 1673 factusque
1357 1609 1445 1657 est
1471 1603 1708 1658 modius
1738 1603 1945 1659 simila:
1977 1600 2188 1659 statere

2284 445 2509 501 ernaris
2543 461 2579 500 a
2601 444 2696 499 via
2728 441 2905 507 maia,
2934 447 2990 497 et
3015 440 3092 497 ab
3118 440 3376 509 homine,
3406 443 3502 513 qui
3540 459 3766 514 perversa
3785 450 3845 507 lo-

2285 535 2486 607 quitur
2509 550 2521 588 :
2541 533 2644 605 qui
2665 532 3007 604 relinquunt
3027 531 3132 585 iter
3155 535 3403 596 rectum,
3417 537 3470 584 et
3489 532 3755 592 ambulant
3772 555 3848 609 per

2286 623 2418 678 vias
2440 621 2784 678 tenebrosas
2817 619 2953 692 :qui
2971 618 3246 674 laetantur
3275 634 3412 672 cum
3434 619 3792 690 malefecerint,
3807 637 3848 684 et

2290 710 2554 768 exultant
2580 711 2642 765 in
2668 708 2845 764 rebus
2876 707 3150 780 pessimis
3179 724 3192 758 :
3221 721 3473 778 quorum
3491 707 3594 764 viis
3615 725 3846 780 perversa

2292 805 2449 865 sunt,
2479 803 2534 855 et
2563 797 2814 854 infames
2828 811 3070 864 gressus
3088 810 3296 850 eorum
3315 794 3476 866 (Cap.
3497 798 3592 866 vr).
3611 798 3774 863 Serva,
3792 801 3848 858 ﬁli

2292 889 2392 955 mi,
2423 887 2709 943 mandata
2733 901 2886 949 mea,
2919 888 2977 939 et
3006 884 3171 940 vives
3206 900 3218 938 :
3243 887 3299 939 et
3322 883 3506 953 legem
3531 900 3704 942 meam
3723 892 3850 960 quasi

2289 976 2575 1050 pupillam
2603 975 2758 1032 oculi
2790 973 2894 1030 tui.
2930 985 2992 1042 ﬁt.
3017 975 3224 1028 Amen.

2501 1064 2693 1121 Lectio
2726 1064 2868 1120 libri
2897 1064 3079 1119 Esaia
3107 1061 3414 1131 Propheta
3446 1062 3605 1132 .(Cap.
3629 1065 3694 1134 1.).

2365 1167 2426 1224 ἢ.
2456 1157 2572 1210 Deo
2602 1152 2844 1223 gratias.

2365 1243 2505 1309 Quis
2526 1247 2612 1298 est
2631 1241 2726 1296 hic
2743 1239 2890 1296 iiber
2901 1239 3131 1312 repudii
3145 1239 3352 1294 matris
3371 1243 3696 1312 vestrm,quo
3710 1241 3858 1298 dimisi

2297 1349 2426 1389 eam
2450 1333 2477 1386 ‘.’
2500 1336 2601 1388 aut
2625 1330 2760 1403 quis
2785 1334 2873 1385 est
2902 1328 3154 1384 creditor
3181 1343 3374 1391 meus,
3405 1328 3498 1383 cui
3520 1329 3728 1385 vendidi
3750 1333 3861 1386 vos?

2296 1436 2432 1477 ecce
2461 1419 2620 1475 enim
2640 1419 2699 1472 in
2719 1417 3132 1490 iniquitatibus
3152 1416 3367 1472 vestris
3386 1415 3594 1472 venditi
3613 1417 3747 1486 estis,
3766 1419 3862 1473 etin

2299 1508 2620 1564 sceleribus
2639 1507 2847 1563 vestris
2859 1506 3052 1561 dimisi
3070 1510 3322 1560 matrem
3341 1505 3734 1571 vestram.Quia
3745 1506 3862 1570 veni,

2297 1602 2484 1653 etnon
2501 1601 2625 1652 erat
2645 1596 2753 1650 vir:
2778 1594 3003 1663 vocavi,
3027 1598 3218 1648 etnon
3241 1593 3868 1664 eratquiaudiret:num-

542 1706 686 1757 uno,
709 1695 764 1746 et
780 1690 902 1744 duo
924 1689 1108 1745 modii
1129 1689 1564 1746 hordeistatere
1585 1706 1728 1755 uno,
1748 1691 1917 1761 juxta
1941 1691 2185 1746 verbum
2227 1702 2270 1756 Β
2299 1685 2444 1758 quid
2467 1683 2818 1740 abbreviata
2839 1688 2894 1738 et
2918 1681 3164 1755 parvula
3184 1681 3344 1738 facta
3371 1686 3457 1736 est
3473 1697 3663 1737 manus
3679 1697 3806 1745 mea,
3819 1686 3870 1736 ut

543 1778 805 1835 Domini.
837 1777 1018 1834 Porro
1035 1793 1139 1834 rex
1167 1777 1384 1834 ducem
1406 1778 1596 1848 illum,
1623 1778 1682 1834 in
1706 1779 1878 1850 cujus
1895 1781 2189 1836 manuin-

544 1868 855 1931 cubuerat,
886 1866 1189 1923 constituit
1218 1867 1296 1923 ad
1322 1871 1557 1940 portam
1590 1883 1803 1940 :quem
1825 1867 2194 1925 conculcavit

545 1955 720 2012 turba
739 1955 798 2011 in
823 1955 1296 2028 introitu,portas,
1327 1960 1383 2012 et
1410 1963 1681 2013 mortuus
1710 1962 1819 2022 est,
1839 1961 2010 2028 juxta
2029 1956 2194 2030 quod

543 2043 777 2101 locutus
805 2042 998 2100 fuerat
1034 2044 1123 2100 vir
1153 2044 1272 2102 Dei.
1295 2055 1361 2115 3v.
1383 2045 1590 2101 Amen.

619 2133 924 2202 Hymnus.
956 2133 1150 2188 Noctis
1179 2137 1434 2204 tempus.
1465 2135 1578 2202 fol.
1607 2138 1730 2189 257.

621 2220 922 2289 Capitula.
949 2220 1170 2276 Christe
1188 2221 1288 2276 Dei
1320 2221 1511 2288 Filius,
1535 2237 1716 2293 quem
1734 2224 1886 2279 Deus
1902 2224 2066 2280 Pater
2088 2241 2196 2296 pro

549 2308 728 2365 nobis
745 2307 1030 2364 omnibus
1055 2308 1314 2374 tradidit,
1330 2325 1465 2366 cum
1485 2325 1686 2366 veram
1711 2316 1764 2367 te
1777 2327 1886 2384 pro
1898 2313 2072 2368 nobis
2094 2313 2197 2368 ho-

549 2397 726 2454 sliam
750 2397 883 2470 ipse
899 2398 1194 2470 suscepit;
1219 2398 1823 2470 suscipedesiderium
1847 2402 2049 2474 populi
2073 2402 2155 2458 tui
2182 2422 2195 2455 :

547 2501 702 2559 quos
722 2483 1024 2540 redemisti
1046 2484 1213 2541 salva
1241 2506 1252 2541 :
1281 2501 1436 2558 quos
1459 2485 1745 2551 liberasti,
1770 2488 2005 2546 vivifica
2033 2506 2045 2544 :
2076 2505 2199 2546 non

549 2573 713 2630 sinas
736 2573 798 2628 in
823 2576 1174 2645 perpetuum
1191 2572 1414 2628 luctum
1434 2573 1536 2640 ire,
1556 2591 1733 2647 quos,
1751 2592 1826 2631 ne
1847 2577 2199 2648 perpetuali-

551 2667 637 2718 ter
687 2662 964 2734 perirent,
1009 2661 1222 2716 venisti
1254 2661 1579 2729 redimere;
1625 2663 1808 2719 clavis
1849 2665 2070 2721 timoris
2118 2667 2199 2722 tui

549 2750 782 2820 conﬁge
802 2765 906 2806 cor
921 2754 1194 2806 nostrum
1220 2751 1324 2823 qui
1346 2766 1452 2822 pro
1478 2751 1652 2808 nobis
1681 2752 1967 2810 omnibus
1994 2760 2051 2812 et
2072 2772 2196 2811 cru-

549 2854 680 2894 cem
710 2853 926 2910 passus
945 2854 1026 2902 es,
1045 2842 1102 2894 et
1120 2837 1503 2910 sepulchrum
1531 2843 1628 2895 :ut
1645 2856 1750 2912 per
1772 2845 1821 2896 te
1843 2847 1899 2898 et
1913 2841 2007 2899 hic
2025 2842 2198 2900 nobis

549 2927 624 2985 sit
648 2926 918 2982 remissio
935 2925 1271 2993 criminum,
1292 2931 1348 2982 et
1365 2927 1427 2982 in
1453 2927 1652 2984 futuro
1672 2934 2025 3002 perpetuum
2055 2948 2198 3002 gau-

550 3014 740 3082 dium,
767 3029 948 3086 quem
981 3029 1089 3085 pro
1119 3012 1396 3070 omnibus
1427 3016 1724 3071 credimus
1750 3018 2122 3079 cruciﬁxum.

623 3106 789 3158 Pater
817 3106 1044 3158 noster.

620 3190 852 3247 Lauda.
904 3190 987 3246 Da
1013 3190 1095 3246 eis
1137 3190 1516 3260 intellectum,
1567 3194 1834 3262 Domine,
1870 3201 1930 3252 ut
1968 3197 2202 3255 discant

554 3280 726 3352 357
752 3278 1040 3336 mandata
1060 3279 1261 3341 tuaJ‘v.
1305 3280 1501 3336 Deduc
1531 3297 1629 3338 me
1654 3282 1714 3338 in
1738 3283 1931 3354 legem
1952 3286 2203 3344 manda-

552 3372 748 3426 torum
783 3388 794 3426 :
826 3367 1117 3440 quoniam
1139 3368 1337 3440 ipsam
1371 3369 1555 3427 volui.

625 3458 850 3513 Oratio.
893 3457 1248 3528 Equitatem
1281 3457 1760 3515 testimoniorum
1795 3464 2054 3530 tuorum,
2092 3466 2202 3519 Do-

552 3545 734 3609 mine,
761 3545 834 3600 da
887 3545 1060 3600 nobis
1111 3545 1359 3602 avidiori
1413 3563 1590 3603 sensu
1629 3564 1876 3621 capere:
1913 3555 1994 3621 ut,
2038 3552 2204 3623 quod

553 3631 874 3688 mortiﬁcat
913 3633 974 3689 in
1000 3648 1110 3689 nos
1150 3633 1411 3702 stultitia,
1469 3635 1724 3693 viviﬁcet
1752 3654 1790 3695 a
1832 3644 1885 3696 te
1912 3641 2206 3712 sapientia

553 3719 872 3778 destinata.
901 3732 964 3792 Br.
996 3724 1211 3779 Amen.

1156 3812 1253 3866 Ad
1311 3813 1591 3872 Tertiam.

825 3897 1280 3956 Proverbiorum
1307 3901 1642 3959 Salomonis
1673 3905 1840 3974 (Cap.
1866 3906 1928 3978 ι).

627 3997 697 4056 ﬁ.
747 3987 866 4042 Deo
897 3987 1135 4056 gratias.

629 4075 732 4132 Fili
761 4075 862 4142 mi,
895 4075 1033 4132 audi
1053 4077 1425 4150 disciplinam
1448 4080 1628 4152 patris
1653 4083 1756 4149 tui,
1776 4088 1921 4141 etne
1938 4085 2204 4158 dimittas

554 4166 750 4236 legem
779 4166 984 4222 matris
1009 4170 1122 4223 ture
1159 4186 1170 4222 :
1205 4174 1267 4226 ut
1295 4170 1550 4227 addatur
1574 4172 1768 4241 gratia
1793 4175 1970 4246 capiti
1995 4181 2116 4244 tuo,
2150 4182 2208 4235 et

557 4259 800 4327 torques
815 4254 966 4312 collo
979 4260 1105 4313 tuo.
1121 4257 1223 4313 Fili
1244 4259 1402 4324 mi,si
1416 4263 1470 4316 te
1481 4259 1828 4319 lactaverint
1843 4271 2204 4335 peccatores,

555 4358 634 4400 ne
663 4343 1015 4416 acquiescas
1044 4345 1226 4403 eis.Si
1259 4347 1536 4404 dixerint:
1563 4349 1703 4405 Veni
1725 4351 2208 4423 nobiscum,insi-

556 4431 792 4488 diemur
822 4434 1122 4503 sanguini,
1156 4433 1603 4492 abscondamus
1632 4438 1962 4496 tendiculas
2001 4450 2208 4502 contra

556 4521 853 4577 insontem
881 4521 1100 4578 frustra
1125 4540 1136 4578 :
1161 4523 1563 4592 deglutiamus
1591 4542 1730 4582 eum
1757 4527 1910 4585 sicut
1938 4529 2207 4590 infernus

555 4608 1248 4680 viventem,etintegrum
1261 4614 1433 4683 quasi
1448 4612 1898 4672 descendentem
1912 4618 2202 4680 inlacum.

559 4699 809 4753 Omnem
824 4697 1141 4769 pretiosam
1155 4699 1545 4758 substantiam
1561 4705 2207 4781 reperiemus,impiebi-

557 4801 696 4840 mus
713 4785 928 4842 domos
945 4791 1184 4844 nostras
1198 4789 1426 4860 spoliis.
1445 4794 1671 4848 Sortem
1688 4795 1762 4849 mi
1775 4802 1848 4850 tte
1867 4796 2203 4865 nobiscum,

559 4875 932 4944 marsupium
958 4876 1031 4931 sit
1057 4892 1241 4932 unum
1261 4879 1531 4935 omnium
1562 4888 1852 4938 nostrum.
1877 4885 1975 4940 Fili
2002 4887 2101 4952 mi,
2132 4903 2205 4944 ne

557 4962 830 5018 ambules
861 4981 997 5020 cum
1047 4965 1154 5031 eis,
1192 4968 1440 5038 prohibe
1470 4971 1681 5042 pedem
1718 4977 1886 5028 tuum
1917 4989 1952 5028 a
1982 4977 2206 5032 semitis

559 5064 790 5105 eorum.
819 5053 1000 5108 Pedes
1032 5056 1191 5110 enim
1220 5056 1454 5114 illorum
1487 5059 1563 5115 ad
1597 5060 1822 5116 malum
1855 5070 2120 5133 currunt,
2151 5071 2207 5122 et

557 5136 839 5194 festinant
868 5146 931 5195 ut
961 5141 1270 5201 effundant
1311 5147 1688 5217 sanguinem.
1731 5152 1968 5206 Frustra
2005 5157 2204 5209 autem

552 5226 773 5298 jaeitur
799 5232 922 5285 rete
943 5236 1078 5287 ante
1107 5233 1312 5289 oculos
1343 5242 1765 5306 pennatorum.
1807 5238 1927 5310 Ipsi
1964 5256 2206 5313 quoque

559 5322 765 5373 contra
777 5319 1108 5391 sanguinem
1127 5323 1730 5391 snuminsidiantur,et
1744 5328 2204 5386 moiiuntnrfrau-

559 5403 665 5462 des
686 5412 894 5464 contra
913 5411 1145 5466 animas
1163 5427 1304 5468 suas
1323 5413 1492 5482 (Cap.
1511 5415 1594 5483 ιι).
1612 5415 1824 5482 Filimi,
1845 5416 2208 5474 siintraverit

562 5495 853 5568 sapientia
876 5513 979 5556 cor
990 5500 1502 5566 tuum,etscientia
1513 5503 1730 5562 animm
1747 5509 1856 5561 ture
1868 5505 2158 5580 placuerit
2190 5523 2202 5558 :

2232 3045 2281 3106 C

2299 1790 2417 1830 non
2446 1788 2686 1846 possem
2717 1770 3053 1827 redimere?
3083 1777 3186 1827 aut
3212 1786 3333 1825 non
3358 1771 3521 1826 estin
3550 1770 3796 1826 mevirtus
3812 1768 3868 1824 ad

2298 1860 2679 1918 liberandum
2695 1860 2724 1915 ?
2742 1862 2883 1915 Ecce
2900 1859 2959 1914 in
2977 1857 3390 1930 increpatione
3407 1873 3536 1913 mea
3548 1858 3799 1913 desertum
3813 1856 3871 1913 ia-

2303 1950 2463 2008 ciam
2493 1964 2678 2016 mare,
2708 1963 2930 2021 ponam
2965 1947 3217 2002 fiumina
3239 1946 3299 2001 in
3322 1947 3542 2002 siccum
3573 1949 3871 2018 :computre-

2307 2042 2474 2096 scent
2493 2038 2690 2111 pisces
2709 2037 2834 2092 sine
2851 2051 3032 2108 aqua,
3056 2040 3110 2091 et
3132 2035 3463 2092 morientur
3485 2035 3542 2090 in
3562 2034 3661 2091 siti.
3678 2034 3866 2090 induam

2305 2128 2487 2185 cosios
2521 2126 2800 2192 tenebris,
2851 2131 2908 2182 et
2959 2141 3200 2181 saccum
3250 2140 3480 2197 ponam
3516 2125 3871 2197 operimentum

2305 2232 2536 2274 eorum.
2567 2215 2854 2270 Dominus
2875 2213 3041 2269 dedit
3069 2212 3216 2269 mihi
3247 2213 3518 2284 linguam
3541 2212 3806 2276 eruditam,
3832 2215 3876 2266 ut

2307 2308 2494 2362 sciam
2527 2311 2855 2359 sustentare
2883 2319 3041 2367 eum,
3061 2303 3164 2375 qui
3190 2302 3403 2374 lapsus
3425 2308 3507 2360 est
3527 2302 3721 2358 verbo:
3753 2300 3876 2369 erigit

2305 2409 2504 2460 mane,
2537 2409 2715 2450 mane
2760 2391 2931 2461 erigit
2959 2392 3106 2447 mihi
3125 2407 3360 2458 aurem,
3403 2398 3467 2448 ut
3495 2391 3714 2447 audiam
3750 2387 3878 2462 quasi

2307 2483 2682 2554 magistrum,
2709 2481 2992 2537 Dominus
3016 2484 3166 2536 Deus
3183 2480 3571 2552 aperuitmihi
3593 2496 3782 2542 aurem,
3800 2491 3878 2546 ego

2307 2578 2507 2628 autem
2525 2587 2644 2626 non
2664 2569 3005 2626 contradico
3031 2587 3042 2622 :
3064 2574 3395 2626 retrorsum
3427 2585 3545 2625 non
3568 2568 3690 2624 abii.
3711 2571 3881 2636 Corpus

2308 2676 2511 2717 meum
2539 2659 2676 2715 dedi
2699 2658 3183 2732 percutientibns,
3215 2663 3270 2714 ct
3290 2673 3486 2728 genas
3517 2673 3666 2714 meas
3686 2654 3882 2711 vellenti-

2307 2749 2424 2806 bus
2449 2767 2462 2806 :
2499 2749 2708 2806 faciem
2735 2764 2935 2804 meam
2955 2763 3075 2804 non
3099 2747 3282 2804 averti
3305 2748 3390 2804 ab
3414 2745 3815 2820 increpantibus,
3834 2747 3881 2796 et

2308 2837 2770 2910 conspuentibus
2786 2837 2845 2892 in
2859 2835 3263 2892 me.Dominus
3281 2839 3440 2892 Deus
3453 2835 3730 2893 auxiliator
3740 2846 3881 2893 meus,

2309 2925 2512 2982 etideo
2529 2941 2651 2981 non
2679 2941 2812 2980 sum
2835 2925 3122 2981 confusus
3145 2942 3157 2980 :
3183 2925 3319 2980 ideo
3339 2926 3512 2998 posui
3532 2924 3718 2980 faciem
3736 2933 3884 2975 meam

2313 3020 2376 3071 ut
2389 3019 2616 3087 petram
2635 3013 3041 3080 durissimum,
3062 3019 3118 3070 et
3132 3014 3254 3070 scio
3267 3015 3560 3087 quoniam
3578 3027 3685 3068 non
3699 3007 3884 3067 coniun-

2311 3104 2438 3161 dar.
2465 3106 2638 3160 Juxta
2675 3109 2763 3159 est
2792 3103 2896 3176 qui
2935 3103 3223 3174 justiticat
3251 3119 3376 3170 me,
3425 3104 3557 3176 quis
3599 3097 3888 3157 contradicat

2311 3192 2502 3250 mihi?
2529 3197 2750 3249 stemus
2791 3193 2991 3256 simul,
3020 3192 3156 3264 quis
3209 3199 3298 3248 est
3346 3191 3699 3250 adversarius
3730 3184 3886 3244 meus?

2312 3282 2558 3338 accedat
2573 3282 2651 3337 ad
2667 3283 2936 3337 me.Ecce
2957 3282 3241 3338 Dominus
3259 3297 3438 3339 meus
3450 3280 3887 3338 auxiliatormeus:

2312 3371 2448 3444 quis
2463 3376 2552 3427 est
2568 3371 2670 3444 qui
2683 3370 3041 3427 condemnet
3056 3370 3192 3427 me?
3210 3374 3362 3428 Ecce
3384 3386 3590 3428 omnes
3604 3367 3755 3442 quasi
3768 3362 3891 3418 vesti-

2313 3465 2582 3518 mentum
2621 3464 3016 3526 conterentur,
3062 3459 3221 3516 tinea
3258 3460 3538 3516 comedet
3573 3473 3684 3514 eos.
3713 3453 3827 3522 Quis
3845 3465 3894 3505 ex

2313 3548 2482 3604 vobis
2514 3549 2727 3604 timens
2759 3547 3104 3614 Dominum,
3126 3547 3384 3604 audiens
3412 3562 3617 3604 vocem
3644 3541 3776 3599 servi
3796 3535 3893 3594 sui?

2310 3638 2476 3708 (Cap.
2507 3637 2649 3706 xu.)
2674 3639 2805 3692 Haec
2827 3636 2974 3693 dixit
3002 3637 3292 3693 Dominus
3322 3640 3501 3693 :Ecce
3531 3627 3896 3692 confundantur

2314 3730 2371 3783 et
2393 3725 2746 3782 erubescent
2782 3741 3016 3793 omnes,
3051 3726 3154 3799 qui
3193 3730 3476 3799 pugnant
3503 3725 3789 3781 adversum
3827 3721 3892 3770 te:

2313 3821 2486 3874 erunt
2507 3817 2674 3888 quasi
2705 3829 2824 3872 non
2857 3815 2974 3871 sint
3017 3835 3029 3868 :
3063 3821 3120 3872 et
3149 3816 3437 3888 peribunt
3464 3814 3590 3879 viri,
3615 3812 3711 3886 qui
3728 3812 3899 3866 contra-

2314 3904 2519 3960 dicunt
2560 3904 2678 3960 tibi.
2715 3906 2950 3969 Quaeres
2982 3919 3103 3967 eos,
3128 3909 3182 3959 et
3207 3919 3331 3958 non
3360 3903 3648 3970 invenies,
3689 3899 3815 3954 viros
3838 3909 3896 3948 re-

2313 3993 2496 4049 belles
2525 3997 2658 4049 tuos
2691 4009 2703 4048 :
2738 3997 2794 4048 et
2820 3997 2990 4048 erunt
3011 3992 3184 4065 quasi
3210 4008 3331 4048 non
3359 3992 3478 4048 sint
3507 4010 3521 4047 :
3555 3995 3610 4047 et
3630 3986 3783 4045 veluti
3803 3996 3899 4039 con-

2316 4080 2574 4153 sumptio
2603 4081 2873 4136 homines
2906 4080 3192 4137 bellantes
3221 4079 3550 4136 adversum
3577 4085 3646 4135 te.
3676 4075 3801 4142 Quia
3821 4084 3897 4140 ego

2317 4169 2606 4225 Dominus
2639 4172 2790 4225 Deus
2840 4174 2974 4225 tuus
3005 4169 3473 4242 apprehendens
3505 4167 3900 4225 mannmtuam.

2315 4257 2636 4330 dicensque
2657 4259 2758 4314 tibi
2781 4279 2794 4314 :
2815 4260 2896 4314 Ne
2911 4259 3141 4324 timeas,
3163 4274 3276 4330 ego
3297 4259 3374 4316 ad
3377 4257 3510 4330 juvi
3528 4264 3603 4326 te,
3620 4247 3902 4312 dicitDomi'

2315 4363 2432 4404 nus
2472 4349 2872 4421 omnipotens.
2899 4360 2966 4419 ἢ.
3003 4354 3214 4404 Amen.

2386 4437 2729 4507 Antiphona
2746 4439 3088 4494 3.Dixerunt
3105 4439 3270 4510 apud
3292 4455 3353 4493 se
3375 4438 3698 4508 cogitantes
3717 4431 3901 4500 iniqua:

2317 4526 2508 4584 Homo
2523 4527 2630 4583 iste
2647 4526 2947 4584 beatiﬁcat
2964 4526 3320 4597 novissimaj
3333 4533 3604 4582 ustorum
3623 4516 3902 4592 etgioriatur

2316 4623 2550 4690 patrem
2565 4632 2626 4671 se
2640 4615 2860 4671 habere
2878 4617 3087 4672 Deum.
3104 4616 3433 4671 Videamus
3455 4614 3503 4670 si
3526 4624 3804 4670 sermones
3815 4604 3904 4694 ejus

2315 4707 2438 4763 veri
2470 4710 2694 4770 sunt,et
2721 4710 3174 4776 tentemus,quaa
3195 4711 3452 4760 ventura
3475 4700 3692 4758 suntei.
3715 4691 3847 4762 Quod
3873 4691 3903 4740 si

2316 4811 2488 4850 verus
2518 4802 2600 4849 est
2627 4794 2785 4848 filius
2808 4793 2926 4859 Dei,
2955 4792 3443 4864 suscipietiilum,
3464 4797 3521 4847 et
3545 4785 3904 4846 iiberabiteum

2316 4884 2390 4938 de
2417 4897 2603 4938 manu
2627 4883 3080 4937 contrariorum.
3106 4880 3168 4940 ill.
3190 4883 3254 4936 Et
3276 4873 3825 4949 ingrediebantur,ul
3846 4866 3903 4917 τὶ·

2315 4972 2537 5032 derent.
2549 4987 2704 5026 vana
2715 4970 2978 5025 locutum
2995 4977 3080 5025 est
3095 4987 3197 5025 cor
3212 4955 3905 5036 eorum,congregavrl‘ullt

2314 5061 2690 5133 iniquitatem
2715 5059 2853 5114 sibi.
2895 5061 2960 5114 Et
2985 5058 3446 5127 egrediebantur
3476 5056 3654 5118 foras,
3676 5057 3725 5107 et
3746 5048 3904 5116 loque-

2315 5149 2552 5206 bantur.
2575 5149 2712 5204 Non
2750 5148 2993 5203 dicatur
3013 5147 3226 5203 Gloria.
3879 5217 3885 5224 _

2389 5239 2611 5294 Oratio.
2631 5237 2876 5302 Christe,
2897 5237 2994 5292 Dei
3022 5235 3213 5305 Filius,
3237 5233 3343 5307 qui
3375 5235 3695 5290 adversum
3724 5232 3772 5282 te
3791 5234 3902 5288 cogi-

2317 5331 2506 5384 tantes
2522 5326 3118 5399 iniqua,cruentaque
3141 5323 3546 5392 malignorum
3565 5313 3790 5375 consilia
3805 5310 3850 5365 in
3866 5311 3900 5358 ie

2315 5415 2540 5488 patiens
2568 5415 2823 5471 tolerasti
2843 5432 2856 5482 ;
2875 5415 2953 5471 da
2971 5413 3163 5479 nobis,
3193 5411 3472 5483 exemplo
3501 5415 3598 5466 tuo
3627 5405 3900 5488 haberecot

2313 5487 2568 5579 patiens,
2595 5510 2653 5564 et
2675 5506 2965 5565 adversos
2987 5503 3206 5580 aequali
3222 5499 3536 5562 tolerantia
3559 5504 3806 5571 superare
3831 5487 3901 5542 :ui
