4036 6158
467 249 572 307 603

1737 234 2192 302 BREVIARIUM
2227 233 2618 294 GO‘I‘HICUM.
3721 248 3801 308 ως

470 392 546 449 go
575 390 686 432 nos
710 375 954 446 iustitiae
983 375 1151 446 stola,
1179 377 1245 432 ut
1271 374 1333 432 in
1362 388 1534 432 coena
1558 376 1658 430 tua
1687 373 1812 428 sine
1827 371 2112 425 vestenu-
2139 365 2186 418 Α
2224 364 2747 434 torum,quatenus
2759 359 2946 419 abluti
2973 375 3010 417 a
3029 357 3255 416 delictis
3283 373 3601 421 mereamur
3622 367 3809 431 Sancus

468 464 632 538 ptiali
661 465 860 521 nullus
884 465 1200 522 accumbat
1225 485 1238 520 :
1270 465 1504 536 gaudiis
1523 462 1860 520 coelestibus
1875 457 2015 514 novi
2033 461 2112 511 te-

470 555 742 611 stamenti
765 555 1105 611 convivium
1123 554 1330 610 ﬂoreat
1353 569 1365 608 :
1387 553 1591 626 procul
1615 551 1768 606 absit
1784 547 2109 618 dolus,qu0

469 644 752 717 deceptus
777 648 862 700 est
893 645 1085 700 malus
1111 643 1205 698 ille
1235 643 1563 714 discipulus
1593 660 1605 698 :
1643 641 1718 695 sit
1741 639 1800 694 in
1831 635 2111 692 omnibus

471 733 621 788 ﬁdes
652 748 808 799 vera,
833 748 968 805 spes
997 737 1177 802 certa,
1198 737 1254 787 et
1281 731 1537 787 charitas
1566 744 1714 802 pura
1741 723 2113 798 :utspiritua-

471 821 627 877 libus
661 821 1045 879 sacramentis
1083 835 1204 876 non
1224 819 1544 876 damnetur
1580 814 1939 873 conscientia
1968 832 1980 880 ;
2007 810 2114 866 sed

470 925 576 982 per
594 911 760 982 pacis
773 910 1193 982 charitatisque
1211 912 1325 964 tuae
1346 906 1722 963 dulcedinem
1740 903 1817 960 ab
1833 900 2112 959 omnibus

472 998 774 1054 emundati
797 998 953 1054 vitiis
985 997 1062 1054 ad
1076 1002 1129 1053 te
1161 996 1607 1070 proclamemus
1633 1009 1665 1048 e
1691 993 1897 1049 terris:

540 1087 708 1142 Pater
735 1089 952 1142 noster.

644 1191 740 1247 Ad
776 1192 1050 1262 Vesperas
1093 1196 1228 1261 post
1272 1190 1640 1261 expotiatum
1670 1188 1889 1244 altare.

538 1297 1224 1368 Antiphona.Quomodo
1252 1297 1330 1353 ad
1353 1297 1647 1353 latronem
1667 1310 1804 1350 cum
1835 1289 2046 1362 gladiis
2063 1291 2118 1346 et

467 1385 721 1443 fustibus
742 1386 987 1442 venistis
1003 1386 1508 1460 comprehendere
1539 1400 1664 1440 me:
1692 1382 2007 1438 vobiscum
2037 1377 2119 1433 fui

468 1475 714 1542 docens,
746 1479 803 1530 et
831 1491 953 1531 non
969 1475 1244 1531 tenuistis
1261 1490 1374 1532 me.
1398 1476 1557 1530 Unus
1583 1488 1655 1527 ex
1670 1471 1839 1526 vobis
1877 1469 2118 1524 traditu-

468 1579 573 1619 rus
599 1568 686 1618 est
713 1578 828 1618 me.
861 1563 1322 1636 Responderunt
1347 1561 1624 1636 discipuli
1644 1561 1905 1616 dicentes
1929 1575 1940 1612 :
1966 1557 2122 1611 Nun-

470 1651 617 1724 quid
646 1667 755 1722 ego
781 1669 935 1718 sum,
969 1651 1261 1707 Domine?
1288 1651 1398 1718 Qui
1439 1666 1696 1713 mecum,
1735 1648 1836 1713 ait,
1871 1661 2119 1702 manum

474 1739 644 1796 mittit
673 1739 733 1795 in
779 1740 1123 1814 paropside,
1155 1740 1253 1796 ille
1281 1756 1378 1796 me
1406 1739 1723 1796 traditurus
1775 1741 1862 1792 est
1919 1733 2116 1790 hodie.

470 1827 759 1884 Psalmus.
785 1844 938 1885 cvm.

545 1934 766 1991 Oratio.
797 1937 956 2000 Quas
988 1933 1107 2002 tibi,
1139 1935 1387 1991 Domine
1401 1937 1538 1992 Jesu
1563 1933 1804 1999 Christe,
1833 1944 2121 2004 procruce

469 2019 789 2094 lacrymas,
819 2039 957 2096 quae
983 2038 1092 2096 pro
1113 2023 1420 2093 sanguinis
1439 2022 1726 2078 effusione
1752 2019 2012 2092 suspiria
2029 2015 2120 2073 vel

468 2108 732 2166 lamenta
742 2111 1166 2182 respondimus
1177 2112 1342 2184 ?quae
1355 2112 1455 2183 pia
1467 2116 1606 2167 vota
1619 2109 1934 2166 reddamus
1946 2108 2120 2163 ?Ecce

467 2211 631 2254 nunc
643 2214 901 2271 appares
918 2214 1028 2271 pro
1041 2199 1428 2271 nobis’pmnis
1439 2194 2084 2256 cruciandusindebitis
2103 2208 2118 2250 :

468 2300 542 2340 en
557 2286 786 2358 caperis
821 2299 837 2347 :
876 2287 1246 2359 expuendus,
1271 2287 1542 2360 expueris
1565 2282 2122 2356 :ﬂagellandus,ﬂa-

469 2374 730 2444 gellaris:
752 2375 1583 2444 crucifigendus,cruciﬁgeris
1599 2392 1611 2430 :
1627 2371 2121 2436 deridendus,de-

467 2464 676 2520 rideris
706 2480 719 2518 :
764 2468 933 2520 aceto
965 2464 1395 2536 propinandus,
1422 2463 1759 2536 propinaris
1791 2479 1804 2516 :
1847 2476 2122 2516 consum-

468 2552 1557 2618 mandus,consummaris.Mirabiliter
1569 2555 1938 2606 surrecturus
1951 2563 2123 2620 parce

469 2640 664 2707 nobis,
700 2639 922 2695 Christe
945 2641 1215 2708 Domine,
1243 2655 1420 2712 parce
1449 2653 1845 2710 rogamusper
1874 2636 2126 2694 admira.

469 2729 654 2784 bilem
694 2733 913 2783 sanctae
935 2727 1232 2800 passionis
1253 2744 1322 2783 ac
1347 2727 1790 2784 resurrectionis
1813 2731 1919 2781 tua:
1951 2729 2126 2780 virtu-

471 2817 724 2881 tem.'Et,
758 2815 907 2871 sicut
932 2815 1196 2888 paradisi
1225 2815 1415 2871 civem
1455 2815 1764 2871 reddidisti
1807 2815 2121 2874 latronem,

472 2904 553 2961 ita
573 2919 679 2978 per
707 2905 901 2960 crucis
919 2909 1036 2960 tuae
1062 2904 1368 2962 victoriam
1390 2919 1633 2960 omnem
1663 2920 1699 2960 a
1721 2903 1880 2959 malo
1907 2902 2122 2958 liberes

473 2990 973 3064 mundum,atque
987 2991 1332 3047 universam
1357 2991 1619 3047 redimas
1637 2991 1951 3046 hominum
1965 3005 2124 3044 crea-

471 3084 671 3136 turam
707 3095 718 3135 :
787 3084 853 3136 ut
874 3061 1028 3150 inos,
1060 3096 1214 3152 quos
1251 3080 1753 3136 conscientiarum
1783 3079 2120 3135 obscuritas
2157 3061 2204 3121 Ο

471 3168 790 3240 prostravit
813 3167 874 3222 in
914 3167 1610 3234 luctum,resurrectionis
1639 3173 1752 3224 tuae
1775 3168 2009 3224 claritas
2036 3173 2118 3224 at-

469 3255 634 3313 tollat
671 3255 733 3312 in
765 3256 1054 3325 gladium.
1082 3267 1143 3326 Βτ.
1178 3258 1390 3313 Amen.

537 3345 673 3402 Alia
704 3344 919 3402 Oratio.
956 3345 1154 3418 Expia,
1178 3361 1546 3418 quaesumus,
1599 3347 1867 3408 Domine,
1895 3351 2123 3402 nostro-

469 3447 605 3489 rum
622 3438 866 3490 cunctas
888 3433 1463 3504 facinorumculpias
1492 3451 1503 3488 :
1543 3439 1605 3489 ut
1625 3433 1896 3506 deposito
1909 3435 2123 3490 veteris

464 3520 726 3577 hominis
756 3521 1108 3577 indumento
1123 3537 1227 3596 per
1242 3521 1848 3590 magniﬁcentissimae
1865 3526 1976 3578 tuae
1992 3538 2126 3594 pas-

467 3609 652 3664 sionis
667 3609 1240 3682 exemplum,divina
1257 3610 1702 3666 resurrectionis
1718 3616 1832 3666 tuae
1860 3610 2126 3684 innovat;

463 3695 673 3752 laetitia
687 3696 1028 3753 coelestibus
1043 3714 1147 3754 nos
1165 3699 1477 3754 sentiamus
1503 3698 1780 3770 cperibus
1797 3698 2122 3755 inlustrari.

467 3792 530 3853 ἢ.
573 3783 782 3839 Amen.

537 3871 648 3927 Per
673 3871 1145 3929 misericordiam
1176 3876 1365 3944 tuam,
1419 3879 1529 3931 etc.

537 3960 827 4016 Dominus
847 3961 941 4019 sit.
963 3973 1025 4033 Bg.
1057 3964 1125 4017 Et
1153 3977 1311 4018 cum.

996 4077 1092 4132 Ad
1109 4077 1285 4147 pedes
1322 4079 1623 4135 lavandos.
1655 4080 1658 4084 ’

535 4179 911 4250 Antiphona.
953 4183 1110 4237 Bone
1137 4182 1430 4254 Magister,
1445 4183 1582 4239 lava
1612 4199 1707 4239 me
1725 4183 1801 4239 ab
1829 4183 2120 4255 injustitia

465 4284 638 4327 mea:
673 4275 778 4325 eta
807 4275 1054 4342 peccato
1083 4285 1216 4327 meo
1249 4272 1480 4328 munda
1494 4273 1670 4328 me.Si
1699 4274 1855 4328 enim
1887 4273 2125 4340 egolavi

467 4358 646 4432 pedes
682 4363 934 4426 vestros,
971 4359 1240 4430 Magister
1264 4365 1321 4415 et
1362 4360 1648 4415 Dominus
1674 4361 2124 4431 ,‘etvosdebetis

469 4446 729 4503 aliorum
759 4445 958 4503 lavare
983 4447 1184 4517 pedes.
1199 4446 1552 4518 Exemplum
1572 4448 1731 4502 enim
1762 4447 2127 4520 relinquo,ut

468 4533 986 4607 quemadmodum
1011 4549 1123 4605 ego
1157 4534 1333 4599 facio,
1377 4540 1434 4589 et
1465 4549 1568 4590 vos
1584 4534 1851 4592 similiter
1871 4536 2122 4591 faciatis.

467 4623 530 4684 )7.
557 4623 715 4679 Beati
741 4623 1100 4680 immaculati
1126 4624 1186 4678 in
1219 4625 1323 4680 via
1351 4623 1491 4696 :qui
1547 4625 1863 4680 ambulant
1910 4625 1969 4680 in
1996 4624 2125 4695 lege

468 4711 725 4768 Domini.

541 4800 763 4857 Oratio.
797 4799 1102 4872 Unigenite
1133 4800 1231 4855 Dei
1256 4800 1447 4857 Patris
1465 4800 1659 4869 Filius,
1678 4803 1782 4874 qui
1799 4818 1907 4874 pro
1922 4803 2130 4859 mundi

467 4887 658 4944 salute
686 4892 902 4944 nostras
927 4889 1277 4944 humilitatis
1307 4905 1612 4946 assumere
1625 4890 1904 4960 dignatus
1921 4908 1983 4947 es
2005 4908 2130 4948 car-

463 4993 625 5043 nem,
658 4975 763 5048 qui
793 4977 1250 5034 misericorditer
1274 4977 1794 5051 hominem,quem
1828 4979 2120 5036 formave-

463 5083 561 5125 ras
589 5065 912 5138 deceptum
944 5081 978 5122 a
997 5067 1386 5138 persuasione
1404 5067 1625 5123 diaboli
1652 5083 1756 5140 per
1780 5069 2133 5126 humilitatis

467 5160 582 5214 tuae
610 5153 868 5224 gratiam
898 5154 975 5211 ad
1008 5155 1270 5226 paradisi
1296 5156 1404 5212 iter
1429 5155 1615 5212 fecisti
1640 5173 1920 5215 revocare
1975 5174 2133 5228 gres-

467 5261 600 5312 sus;
625 5243 729 5317 qui
741 5243 1174 5317 discipulorum
1186 5250 1424 5302 tuorum
1439 5247 1623 5318 pedes
1639 5263 1757 5303 non
1789 5247 2131 5317 dedignasti

471 5334 696 5402 lavare,
729 5337 792 5390 ut
811 5349 922 5390 nos
951 5333 1239 5390 imitando
1253 5336 1596 5406 exemplum
1619 5337 2130 5404 salutare,tecum-

474 5423 702 5480 faceres
719 5438 1113 5494 conregnare:
1149 5422 1406 5495 petimus
1423 5423 1800 5480 clementiam
1817 5430 2135 5491 tuam,om-

469 5511 744 5583 nipotens
771 5515 945 5581 Deus,
964 5516 1028 5569 ut
1043 5515 1381 5568 nostrorum
1402 5511 1604 5570 deleas
1627 5511 1894 5572 facinora
1929 5527 2138 5584 pecca-

2223 450 2375 506 efﬁci
2395 451 2702 524 participes
2722 450 2784 506 in
2822 465 3004 521 regno
3031 463 3314 520 superno.
3338 461 3405 521 1y.
3436 452 3628 510 Amen.

2292 541 2428 596 Alia
2461 540 2933 596 Oratio.Domine
2952 541 3092 594 Jesu
3123 537 3344 594 Christe
3359 539 3525 596 Filius
3554 544 3812 618 Dei,quiin

2223 632 2486 700 tempore
2518 629 2836 684 nunciatus
2857 633 2912 683 et
2951 632 3086 682 ante
3100 627 3304 682 omnia
3335 632 3810 700 temporaexPatre

2222 717 2455 788 genitus
2491 738 2504 784 ;
2538 717 2761 790 quique
2788 716 2966 772 etiam
3001 721 3136 787 post
3157 715 3565 776 multassecula
3590 725 3810 782 nascidi-

2222 812 2439 877 gnatus
2483 824 2544 862 es
2564 807 2638 862 de
2666 806 2897 876 Virgine
2928 809 3115 860 matre
3139 804 3387 877 ;quique
3415 805 3655 866 formam
3691 816 3811 872 servi

2221 895 2591 967 accipiensin
2607 893 3056 951 similitudinem
3074 893 3322 950 hominis
3335 894 3509 966 360
3525 912 3812 973 numquam

2223 985 2462 1042 abfuisti
2484 986 2553 1041 de
2579 986 2712 1041 sinu
2750 984 2997 1054 ingeniti
3025 983 3205 1040 Patris
3239 984 3494 1058 ;quique
3521 988 3648 1043 'non
3672 1006 3725 1045 es
3737 991 3816 1049 de-

2226 1074 2508 1144 dignatus
2528 1074 2711 1147 pedes
2728 1079 2967 1129 tuorum
2993 1073 3193 1129 lavare
3213 1072 3628 1145 discipulorum
3646 1081 3759 1150 ;qui
3769 1096 3816 1136 es

2225 1164 2403 1219 etiam
2423 1163 2706 1218 Dominas
2721 1161 3083 1232 Angelorum
3105 1177 3479 1234 :quiesumus
3495 1165 3818 1238 omnipoten-

2227 1251 2372 1307 tiam
2399 1255 2585 1318 tuam,
2640 1251 3100 1306 clementissime
3141 1249 3317 1316 Deus,
3344 1255 3409 1306 ut
3434 1253 3597 1323 cujus
3619 1255 3818 1313 nitimur

2229 1340 2446 1396 imitari
2476 1340 2838 1412 exemplum,
2861 1341 2991 1410 ejus
3030 1354 3372 1396 mereamur
3396 1341 3520 1397 ﬁeri
3553 1344 3822 1416 participes

2227 1430 2394 1500 regni
2419 1435 2742 1502 :quatenus
2755 1428 2940 1485 abluti
2970 1428 3048 1484 ab
3065 1429 3351 1484 omnibus
3381 1433 3823 1488 nostrorumvitiis

2229 1525 2628 1593 peccatorum,
2663 1519 2993 1575 serviamus
3025 1518 3253 1574 nomini
3283 1525 3492 1575 sancto
3533 1525 3646 1575 tuo.
3694 1523 3822 1578 Lava

2232 1625 2426 1664 mores
2457 1613 2693 1664 nostros
2718 1607 2880 1662 unda
2906 1607 3073 1662 verbi
3102 1607 3204 1674 tui,
3233 1611 3291 1662 et
3314 1622 3355 1664 a
3379 1608 3696 1677 contagione
3719 1624 3821 1665 sor-

2152 1707 2196 1762 Β
2229 1699 2393 1752 dium
2424 1697 2614 1767 gratia
2639 1695 2892 1767 puriﬁca
2922 1694 3165 1751 salutari
3198 1711 3212 1750 :
3246 1698 3302 1751 et
3331 1695 3439 1768 qui
3475 1697 3732 1767 Unigeniti
3754 1698 3826 1754 tui

2231 1787 2622 1844 humilitatem
2659 1801 2861 1842 annuo
2887 1784 3202 1840 recolimus
3227 1783 3575 1856 opere,dum
3593 1786 3827 1857 aquafra-

2231 1879 2428 1932 ternos
2454 1875 2640 1947 pedes
2668 1873 2989 1937 abluimus,
3020 1872 3421 1928 humilitatem
3457 1873 3650 1930 sedulo
3663 1889 3829 1946 prose-

2232 1980 2409 2036 quam
2420 1980 2486 2018 ur
2506 1980 2517 2017 :
2539 1962 2756 2034 etquod
2772 1961 3595 2034 visibiliternosimpendimus
3605 1961 3827 2034 pedibus,

2231 2050 3214 2122 tuinvisibiliternostrisimpertias
3229 2050 3637 2122 animabusJy.
3659 2055 3830 2107 Amen.

2696 2153 2877 2196 SEXTA
2903 2155 3062 2194 FEBlA
3089 2155 3142 2194 IN
3169 2155 3506 2195 PARASCEVB.

2799 2228 2892 2283 Ad
2911 2229 3290 2284 Matitunum.

2302 2318 2664 2387 Antiphona.
2708 2320 2829 2388 Ego
2853 2317 3228 2389 iniquitatem
3266 2332 3470 2373 meam
3513 2320 3836 2386 agnoscozet

2233 2412 2545 2480 peccatum
2572 2423 2772 2462 meum
2821 2410 3027 2462 contra
3061 2422 3158 2462 me
3205 2413 3291 2461 est
3345 2421 3599 2478 semper.
3621 2405 3832 2461 Tibisoli

2233 2495 2469 2568 peccavi
2504 2513 2517 2549 :
2547 2495 2810 2552 Miserere
2849 2494 2986 2558 mei,
3012 2494 3184 2550 Deus.
3217 2494 3316 2550 Ps.
3351 2511 3403 2550 ι.

2305 2587 2542 2641 Preces.
2568 2584 2966 2656 Deprecamur
3003 2583 3351 2651 Dominum,
3387 2588 3453 2638 ut
3471 2583 3828 2639 remissionem

2235 2678 2612 2745 peccatorum
2631 2678 2687 2728 et
2699 2689 2908 2744 pacem
2923 2672 3097 2728 nobis
3123 2672 3429 2745 propitius
3447 2672 3660 2729 donare
3671 2672 3830 2741 digne-

2232 2765 2347 2817 tur.
2384 2761 2661 2816 Dicamus
2700 2777 2909 2817 omnes
2941 2762 3039 2816 :P.
3073 2761 3345 2833 Domine,
3381 2761 3606 2826 exaudi,
3635 2759 3826 2816 etmise-

2232 2865 2382 2907 rere.
2412 2849 2473 2910 ἡ.
2501 2852 2581 2904 Ex
2611 2855 2730 2905 toto
2757 2850 2934 2905 corde
2965 2855 3020 2905 el
3047 2866 3117 2905 ex
3139 2854 3264 2906 tota
3283 2856 3490 2906 mente
3517 2849 3836 2922 suppliceste

2234 2954 2574 3009 precamur,
2609 2938 2671 2993 P.
2701 2939 2967 3004 Domine,
3001 2938 3238 2994 exaudi.
3269 2938 3339 2999 ιν.
3383 2942 3511 2995 Non
3555 2937 3836 2994 secundum

2234 3032 2446 3100 pecata
2479 3032 2683 3082 nostra
2713 3027 3004 3083 retribuas
3029 3028 3238 3095 nobis;
3279 3027 3348 3092 P,
3381 3029 3639 3084 Domine.
3667 3026 3722 3086 ﬂ.
3749 3022 3837 3082 Sed

2235 3116 2569 3171 secundum
2584 3117 3054 3173 misericordiam
3073 3116 3318 3186 indulge
3331 3118 3510 3173 nobis
3526 3135 3538 3172 :
3553 3114 3841 3181 P.Domine,

2232 3204 2578 3265 V.Dicamus
2608 3220 2818 3260 omnes
2847 3206 3228 3272 :P.Domine,
3277 3205 3522 3262 exaudi.
3555 3203 3844 3274 Capitutum

2231 3298 2479 3363 repetat.
2514 3295 2598 3351 Et
2627 3293 2914 3350 diaconus
2939 3294 3080 3350 dicit
3113 3293 3326 3365 Erigite
3356 3311 3486 3351 vos.
3505 3295 3581 3350 Et
3614 3291 3844 3350 Sacordos

2234 3382 2399 3437 dicit.

2308 3469 2942 3539 0ratto.Agnoscentes
2959 3470 3305 3542 iniquitates
3325 3474 3566 3526 nostras
3588 3474 3642 3524 et
3670 3467 3849 3525 scelera

2236 3558 2688 3627 nostra,Christe
2720 3561 2870 3615 Deus
2890 3564 3107 3614 nostrae
3145 3559 3490 3632 salutis,qui
3518 3555 3845 3632 passionibus

2236 3646 2352 3701 tuis
2368 3654 2706 3702 nostrorum
2723 3647 2996 3703 omnium
3015 3648 3328 3719 passiones
3361 3649 3650 3719 extinguis
3668 3645 3849 3712 ;tribue

2236 3733 2410 3794 nobis
2422 3735 2664 3791 famulis
2684 3737 2796 3792 tuis
2810 3738 3055 3794 Domine
3067 3739 3094 3791 J
3102 3753 3209 3792 esu
3223 3737 3449 3794 Christe
3465 3734 3846 3808 indulgentiam

2238 3823 2577 3892 criminum;
2617 3830 2674 3880 et
2739 3826 3151 3882 remissionem
3209 3831 3647 3898 peccatorum;
3693 3828 3744 3879 et
3787 3820 3846 3875 vi-

2159 3944 2162 3946 ~
2238 3915 2352 3968 tam
2378 3918 2722 3970 asternama
2767 3919 2822 3970 te
2869 3916 3118 3972 Domine
3185 3918 3479 3988 consequi
3532 3924 3844 3971 mereamur,

2237 4011 2301 4070 BI.
2331 4007 2543 4057 Amen.

2308 4091 2669 4156 Antiphona.
2694 4094 2892 4162 Longe
2909 4092 3095 4149 fecisti
3120 4096 3297 4148 notos
3331 4109 3505 4150 meos
3534 4107 3571 4148 a
3621 4105 3740 4147 me:
3767 4100 3848 4159 por

2239 4184 2604 4236 sueruntme
2644 4181 3155 4238 abominationem
3176 4181 3310 4237 sibi.
3336 4181 3611 4238 Traditus
3654 4175 3851 4241 sum.‘al

2237 4282 2360 4324 non
2400 4268 2770 4338 egrediebar,
2799 4270 2859 4330 Ψ.
2885 4271 3131 4326 Domine
3171 4271 3327 4327 Deus
3349 4271 3566 4327 salutis
3597 4283 3749 4332 mete,
3771 4262 3846 4318 die

2244 4354 2518 4425 clamavi,
2548 4361 2602 4412 et
2632 4362 2804 4412 nocte
2837 4373 3036 4414 coram
3065 4364 3140 4414 te.

2309 4446 2543 4500 Preces.
2577 4446 2975 4517 Deprecemur
3000 4449 3340 4512 Dominum,
3372 4456 3438 4504 ut
3479 4463 3669 4518 supra.

2307 4533 2524 4589 Preces.
2555 4535 2833 4590 Dicamus
2860 4552 3108 4592 omnes:
3134 4537 3198 4592 P.
3254 4537 3528 4598 Domine,
3551 4531 3770 4599 exaudi,
3809 4529 3854 4582 et

2236 4623 2536 4678 miserere.
2569 4623 2631 4683 ἲν.
2659 4627 2828 4689 Deus,
2855 4640 2929 4680 ne
2960 4632 3206 4697 peccata
3224 4630 3432 4681 nostra
3465 4627 3736 4680 consueta
3760 4617 3852 4690 pie-

2237 4709 2370 4766 tatis
2389 4715 2503 4766 tuaa
2521 4711 2994 4770 misericordiam
3016 4715 3355 4769 vincant.P.
3374 4709 3848 4769 Domine.V.Deus.

2249 4798 2352 4870 qui
2368 4800 2579 4868 majori
2597 4801 2955 4872 benignitate
2975 4803 3268 4858 misereris
3291 4820 3303 4857 :
3323 4817 3515 4874 quam
3533 4816 3640 4857 nos
3652 4793 3853 4854 facilita-

2241 4889 2294 4942 te
2330 4903 2671 4958 peccamus.
2698 4890 3855 4962 P.Domine,v.lntende,qumsumus,con-

2241 4972 2492 5040 ﬁtentes,
2531 4981 2586 5032 et
2607 4979 2917 5035 consolare
2942 4977 3633 5042 mmrentes.P.Domlne,
3649 4966 3854 5029 Exaudi.

2244 5065 2524 5120 Dicamus
2564 5083 2774 5124 omnes
2807 5086 2819 5123 :
2853 5069 3184 5138 Capitutum
3211 5073 3468 5136 repetat.
3497 5067 3575 5122 Et
3606 5064 3856 5119 Diaconus

2244 5153 2382 5208 dicit
2411 5156 2619 5224 Erigite
2651 5173 2782 5212 vos.
2812 5158 2887 5212 Et
2913 5157 3208 5213 Sacerdos
3227 5156 3367 5211 dicit

2319 5242 2547 5300 Oratio.
2594 5245 2815 5300 Christe
2872 5247 2970 5300 Dei
3022 5246 3190 5301 Filius
3225 5244 3427 5315 Patris,
3460 5243 3560 5316 qui
3602 5237 3743 5295 notis
3767 5232 3856 5290 tuis

2245 5328 2424 5400 longe
2450 5334 2784 5390 astantibus
2812 5335 2868 5390 in
2885 5335 3160 5407 passione
3174 5330 3776 5404 discipulis,visionem
3789 5322 3856 5377 in.

2249 5419 2402 5488 geris
2426 5424 2618 5478 crucis
2654 5441 2667 5491 ;
2693 5439 2768 5479 ne
2786 5423 3047 5494 elongari
3078 5427 3152 5492 te,
3195 5437 3568 5494 quaesumus,
3600 5412 3856 5490 patierin

2251 5507 2463 5578 Ποῧίες
2497 5511 2599 5567 sed
2629 5517 2806 5570 notas
2828 5511 3002 5570 nobis
3024 5511 3189 5569 efﬁce
3209 5511 3339 5572 vias
3363 5513 3477 5567 tuas
3516 5497 3853 5564 dulcedinis:
