  <div class='ocr_page' id='page_1' title='image "/cluster/home/n/w/nwhite01/storage/ocr_20150623/86/hvd.32044054758909/308.png"; bbox 0 0 4036 6158; ppageno 0'>
   <div class='ocr_carea' id='block_1_1' title="bbox 122 256 219 315">
    <p class='ocr_par' dir='ltr' id='par_1_1' title="bbox 122 256 219 315">
     <span class='ocr_line' id='line_1_1' title="bbox 122 256 219 315; baseline -0.021 0"><span class='ocrx_word' id='word_1_1' title='bbox 122 256 219 315; x_wconf 77' lang='grc'>605</span> 
     </span>
    </p>
   </div>
   <div class='ocr_carea' id='block_1_2' title="bbox 1581 252 2134 311">
    <p class='ocr_par' dir='ltr' id='par_1_2' title="bbox 1581 252 2134 311">
     <span class='ocr_line' id='line_1_2' title="bbox 1581 252 2134 311; baseline 0.002 -3"><span class='ocrx_word' id='word_1_2' title='bbox 1581 253 1650 308; x_wconf 88' lang='grc' dir='ltr'>ΙΝ</span> <span class='ocrx_word' id='word_1_3' title='bbox 1691 252 2134 311; x_wconf 79' lang='lat' dir='ltr'>PABASCEVE.</span> 
     </span>
    </p>
   </div>
   <div class='ocr_carea' id='block_1_3' title="bbox 3419 253 3523 308">
    <p class='ocr_par' dir='ltr' id='par_1_3' title="bbox 3419 253 3523 308">
     <span class='ocr_line' id='line_1_3' title="bbox 3419 253 3523 308; baseline 0.019 -2"><span class='ocrx_word' id='word_1_4' title='bbox 3419 253 3523 308; x_wconf 84' lang='lat'>606</span> 
     </span>
    </p>
   </div>
   <div class='ocr_carea' id='block_1_4' title="bbox 117 376 3528 456">
    <p class='ocr_par' dir='ltr' id='par_1_4' title="bbox 117 376 3528 456">
     <span class='ocr_line' id='line_1_4' title="bbox 117 376 3528 456; baseline -0.001 -18"><span class='ocrx_word' id='word_1_5' title='bbox 117 383 335 456; x_wconf 88' lang='lat' dir='ltr'>quique</span> <span class='ocrx_word' id='word_1_6' title='bbox 348 379 602 437; x_wconf 83' lang='lat' dir='ltr'>traditus</span> <span class='ocrx_word' id='word_1_7' title='bbox 617 394 738 435; x_wconf 90' lang='lat' dir='ltr'>non</span> <span class='ocrx_word' id='word_1_8' title='bbox 753 379 1072 449; x_wconf 80' lang='lat' dir='ltr'>egrederis,</span> <span class='ocrx_word' id='word_1_9' title='bbox 1096 379 1319 437; x_wconf 90' lang='lat' dir='ltr'>scilicet</span> <span class='ocrx_word' id='word_1_10' title='bbox 1334 380 1480 436; x_wconf 92' lang='lat' dir='ltr'>dum</span> <span class='ocrx_word' id='word_1_11' title='bbox 1497 379 1765 436; x_wconf 90' lang='lat' dir='ltr'>occultus</span> <span class='ocrx_word' id='word_1_12' title='bbox 1804 380 1851 434; x_wconf 80' lang='grc' dir='ltr'>Α</span> <span class='ocrx_word' id='word_1_13' title='bbox 1881 383 2038 435; x_wconf 90' lang='lat' dir='ltr'>tores</span> <span class='ocrx_word' id='word_1_14' title='bbox 2068 380 2237 451; x_wconf 90' lang='lat' dir='ltr'>cujus</span> <span class='ocrx_word' id='word_1_15' title='bbox 2264 378 2555 451; x_wconf 81' lang='lat' dir='ltr'>redempti</span> <span class='ocrx_word' id='word_1_16' title='bbox 2576 391 2785 433; x_wconf 91' lang='lat' dir='ltr'>sumus</span> <span class='ocrx_word' id='word_1_17' title='bbox 2810 378 3117 435; x_wconf 88' lang='lat' dir='ltr'>cruore.P.</span> <span class='ocrx_word' id='word_1_18' title='bbox 3135 377 3401 435; x_wconf 85' lang='lat' dir='ltr'>Domine.</span> <span class='ocrx_word' id='word_1_19' title='bbox 3432 376 3528 433; x_wconf 79' lang='lat' dir='ltr'>Di‘</span> 
     </span>
    </p>
   </div>
   <div class='ocr_carea' id='block_1_5' title="bbox 120 468 1773 532">
    <p class='ocr_par' dir='ltr' id='par_1_5' title="bbox 120 468 1773 532">
     <span class='ocr_line' id='line_1_5' title="bbox 120 468 1773 532; baseline -0.001 -5"><span class='ocrx_word' id='word_1_20' title='bbox 120 469 502 527; x_wconf 87' lang='lat' dir='ltr'>interioribus</span> <span class='ocrx_word' id='word_1_21' title='bbox 517 469 651 532; x_wconf 86' lang='lat' dir='ltr'>tuis,</span> <span class='ocrx_word' id='word_1_22' title='bbox 674 469 862 524; x_wconf 90' lang='lat' dir='ltr'>Deum</span> <span class='ocrx_word' id='word_1_23' title='bbox 880 475 934 523; x_wconf 93' lang='lat' dir='ltr'>te</span> <span class='ocrx_word' id='word_1_24' title='bbox 951 468 1299 525; x_wconf 90' lang='lat' dir='ltr'>hominibus</span> <span class='ocrx_word' id='word_1_25' title='bbox 1319 470 1632 525; x_wconf 90' lang='lat' dir='ltr'>monstrari</span> <span class='ocrx_word' id='word_1_26' title='bbox 1650 484 1773 525; x_wconf 92' lang='lat' dir='ltr'>non</span> 
     </span>
    </p>
   </div>
   <div class='ocr_carea' id='block_1_6' title="bbox 125 557 1771 632">
    <p class='ocr_par' dir='ltr' id='par_1_6' title="bbox 125 557 1771 632">
     <span class='ocr_line' id='line_1_6' title="bbox 125 557 1771 632; baseline -0.002 -17"><span class='ocrx_word' id='word_1_27' title='bbox 125 559 366 632; x_wconf 90' lang='lat' dir='ltr'>pateris,</span> <span class='ocrx_word' id='word_1_28' title='bbox 400 573 543 613; x_wconf 90' lang='lat' dir='ltr'>vera</span> <span class='ocrx_word' id='word_1_29' title='bbox 567 557 909 626; x_wconf 84' lang='lat' dir='ltr'>cognitione</span> <span class='ocrx_word' id='word_1_30' title='bbox 930 573 1041 614; x_wconf 92' lang='lat' dir='ltr'>nos</span> <span class='ocrx_word' id='word_1_31' title='bbox 1072 560 1221 614; x_wconf 84' lang='lat' dir='ltr'>satia</span> <span class='ocrx_word' id='word_1_32' title='bbox 1239 562 1356 613; x_wconf 78' lang='lat' dir='ltr'>tuae</span> <span class='ocrx_word' id='word_1_33' title='bbox 1391 557 1724 612; x_wconf 88' lang='lat' dir='ltr'>Divinitatis</span> <span class='ocrx_word' id='word_1_34' title='bbox 1758 575 1771 612; x_wconf 91' lang='lat'><strong>:</strong></span> 
     </span>
    </p>
   </div>
   <div class='ocr_carea' id='block_1_7' title="bbox 124 646 1771 718">
    <p class='ocr_par' dir='ltr' id='par_1_7' title="bbox 124 646 1771 718">
     <span class='ocr_line' id='line_1_7' title="bbox 124 646 1771 718; baseline -0.001 -15"><span class='ocrx_word' id='word_1_35' title='bbox 124 650 266 703; x_wconf 90' lang='lat' dir='ltr'>utin</span> <span class='ocrx_word' id='word_1_36' title='bbox 297 664 369 703; x_wconf 90' lang='lat' dir='ltr'>ea</span> <span class='ocrx_word' id='word_1_37' title='bbox 410 652 462 703; x_wconf 89' lang='lat' dir='ltr'>te</span> <span class='ocrx_word' id='word_1_38' title='bbox 502 651 636 718; x_wconf 90' lang='lat' dir='ltr'>post</span> <span class='ocrx_word' id='word_1_39' title='bbox 691 647 1007 702; x_wconf 79' lang='lat' dir='ltr'>transitum</span> <span class='ocrx_word' id='word_1_40' title='bbox 1057 647 1356 718; x_wconf 89' lang='lat' dir='ltr'>potiamur</span> <span class='ocrx_word' id='word_1_41' title='bbox 1394 646 1771 702; x_wconf 86' lang='lat' dir='ltr'>substantia:</span> 
     </span>
    </p>
   </div>
   <div class='ocr_carea' id='block_1_8' title="bbox 130 735 1776 807">
    <p class='ocr_par' dir='ltr' id='par_1_8' title="bbox 130 735 1776 807">
     <span class='ocr_line' id='line_1_8' title="bbox 130 735 1776 807; baseline 0 -16"><span class='ocrx_word' id='word_1_42' title='bbox 130 738 237 803; x_wconf 87' lang='lat' dir='ltr'>Qui</span> <span class='ocrx_word' id='word_1_43' title='bbox 265 753 403 793; x_wconf 94' lang='lat' dir='ltr'>cum</span> <span class='ocrx_word' id='word_1_44' title='bbox 428 740 546 791; x_wconf 89' lang='lat' dir='ltr'>Deo</span> <span class='ocrx_word' id='word_1_45' title='bbox 568 735 758 800; x_wconf 85' lang='lat' dir='ltr'>Patre,</span> <span class='ocrx_word' id='word_1_46' title='bbox 784 741 840 791; x_wconf 92' lang='lat' dir='ltr'>et</span> <span class='ocrx_word' id='word_1_47' title='bbox 871 736 1083 807; x_wconf 83' lang='lat' dir='ltr'>Spiritu</span> <span class='ocrx_word' id='word_1_48' title='bbox 1114 738 1327 792; x_wconf 89' lang='lat' dir='ltr'>Sancto</span> <span class='ocrx_word' id='word_1_49' title='bbox 1357 752 1512 789; x_wconf 90' lang='lat' dir='ltr'>unus</span> <span class='ocrx_word' id='word_1_50' title='bbox 1545 751 1776 807; x_wconf 90' lang='lat' dir='ltr'>perma-</span> 
     </span>
    </p>
   </div>
   <div class='ocr_carea' id='block_1_9' title="bbox 129 823 1452 896">
    <p class='ocr_par' dir='ltr' id='par_1_9' title="bbox 129 823 1452 896">
     <span class='ocr_line' id='line_1_9' title="bbox 129 823 1452 896; baseline -0.003 -15"><span class='ocrx_word' id='word_1_51' title='bbox 129 842 236 881; x_wconf 89' lang='lat' dir='ltr'>nes</span> <span class='ocrx_word' id='word_1_52' title='bbox 262 826 322 880; x_wconf 92' lang='lat' dir='ltr'>in</span> <span class='ocrx_word' id='word_1_53' title='bbox 350 823 647 879; x_wconf 84' lang='lat' dir='ltr'>Trininate</span> <span class='ocrx_word' id='word_1_54' title='bbox 677 828 733 879; x_wconf 91' lang='lat' dir='ltr'>et</span> <span class='ocrx_word' id='word_1_55' title='bbox 762 823 825 879; x_wconf 89' lang='lat' dir='ltr'>in</span> <span class='ocrx_word' id='word_1_56' title='bbox 856 824 1043 893; x_wconf 85' lang='lat' dir='ltr'>gloria</span> <span class='ocrx_word' id='word_1_57' title='bbox 1072 824 1452 896; x_wconf 91' lang='lat' dir='ltr'>sempiterna.</span> 
     </span>
    </p>
   </div>
   <div class='ocr_carea' id='block_1_10' title="bbox 200 911 1777 984">
    <p class='ocr_par' dir='ltr' id='par_1_10' title="bbox 200 911 1777 984">
     <span class='ocr_line' id='line_1_10' title="bbox 200 911 1777 984; baseline -0.001 -16"><span class='ocrx_word' id='word_1_58' title='bbox 200 913 569 983; x_wconf 70' lang='lat' dir='ltr'>Antiphonti.</span> <span class='ocrx_word' id='word_1_59' title='bbox 590 912 1165 983; x_wconf 84' lang='lat' dir='ltr'>Sedebitsingularis,</span> <span class='ocrx_word' id='word_1_60' title='bbox 1179 912 1462 969; x_wconf 89' lang='lat' dir='ltr'>ettacebit</span> <span class='ocrx_word' id='word_1_61' title='bbox 1477 930 1489 967; x_wconf 90' lang='lat'>:</span> <span class='ocrx_word' id='word_1_62' title='bbox 1507 911 1777 984; x_wconf 86' lang='lat' dir='ltr'>quoniam</span> 
     </span>
    </p>
   </div>
   <div class='ocr_carea' id='block_1_11' title="bbox 129 999 1777 1073">
    <p class='ocr_par' dir='ltr' id='par_1_11' title="bbox 129 999 1777 1073">
     <span class='ocr_line' id='line_1_11' title="bbox 129 999 1777 1073; baseline -0.002 -16"><span class='ocrx_word' id='word_1_63' title='bbox 129 1002 367 1058; x_wconf 82' lang='lat' dir='ltr'>sustulit</span> <span class='ocrx_word' id='word_1_64' title='bbox 383 1003 598 1072; x_wconf 89' lang='lat' dir='ltr'>jugum</span> <span class='ocrx_word' id='word_1_65' title='bbox 625 1016 806 1070; x_wconf 91' lang='lat' dir='ltr'>grave</span> <span class='ocrx_word' id='word_1_66' title='bbox 829 1016 1006 1073; x_wconf 89' lang='lat' dir='ltr'>super</span> <span class='ocrx_word' id='word_1_67' title='bbox 1029 1017 1117 1057; x_wconf 92' lang='lat' dir='ltr'>se.</span> <span class='ocrx_word' id='word_1_68' title='bbox 1153 1001 1319 1056; x_wconf 90' lang='lat' dir='ltr'>Dedit</span> <span class='ocrx_word' id='word_1_69' title='bbox 1346 999 1694 1073; x_wconf 89' lang='lat' dir='ltr'>percutienti</span> <span class='ocrx_word' id='word_1_70' title='bbox 1716 1014 1777 1055; x_wconf 92' lang='lat' dir='ltr'>se</span> 
     </span>
    </p>
   </div>
   <div class='ocr_carea' id='block_1_12' title="bbox 130 1090 1778 1163">
    <p class='ocr_par' dir='ltr' id='par_1_12' title="bbox 130 1090 1778 1163">
     <span class='ocr_line' id='line_1_12' title="bbox 130 1090 1778 1163; baseline -0.001 -16"><span class='ocrx_word' id='word_1_71' title='bbox 130 1091 459 1159; x_wconf 78' lang='lat' dir='ltr'>maxillam,</span> <span class='ocrx_word' id='word_1_72' title='bbox 480 1090 795 1146; x_wconf 88' lang='lat' dir='ltr'>satiabitur</span> <span class='ocrx_word' id='word_1_73' title='bbox 806 1091 1170 1163; x_wconf 89' lang='lat' dir='ltr'>opprobriis.</span> <span class='ocrx_word' id='word_1_74' title='bbox 1188 1091 1438 1146; x_wconf 92' lang='lat' dir='ltr'>Ponetin</span> <span class='ocrx_word' id='word_1_75' title='bbox 1455 1090 1693 1162; x_wconf 86' lang='lat' dir='ltr'>pulvere</span> <span class='ocrx_word' id='word_1_76' title='bbox 1710 1105 1778 1145; x_wconf 91' lang='lat' dir='ltr'>os</span> 
     </span>
    </p>
   </div>
   <div class='ocr_carea' id='block_1_13' title="bbox 126 1180 1779 1252">
    <p class='ocr_par' dir='ltr' id='par_1_13' title="bbox 126 1180 1779 1252">
     <span class='ocr_line' id='line_1_13' title="bbox 126 1180 1779 1252; baseline -0.002 -15"><span class='ocrx_word' id='word_1_77' title='bbox 126 1197 321 1249; x_wconf 88' lang='lat' dir='ltr'>suum,</span> <span class='ocrx_word' id='word_1_78' title='bbox 355 1185 676 1252; x_wconf 83' lang='lat' dir='ltr'>tamquam</span> <span class='ocrx_word' id='word_1_79' title='bbox 698 1195 836 1251; x_wconf 89' lang='lat' dir='ltr'>spes</span> <span class='ocrx_word' id='word_1_80' title='bbox 861 1180 1136 1252; x_wconf 85' lang='lat' dir='ltr'>patienti.</span> <span class='ocrx_word' id='word_1_81' title='bbox 1177 1180 1238 1240; x_wconf 56' lang='grc' dir='ltr'>δῖ’.</span> <span class='ocrx_word' id='word_1_82' title='bbox 1269 1180 1607 1235; x_wconf 64' lang='grc' dir='ltr'>βΕείὶωειῐιιε</span> <span class='ocrx_word' id='word_1_83' title='bbox 1642 1195 1779 1235; x_wconf 90' lang='lat' dir='ltr'>sum</span> 
     </span>
    </p>
   </div>
   <div class='ocr_carea' id='block_1_14' title="bbox 124 1268 1779 1339">
    <p class='ocr_par' dir='ltr' id='par_1_14' title="bbox 124 1268 1779 1339">
     <span class='ocr_line' id='line_1_14' title="bbox 124 1268 1779 1339; baseline -0.001 -13"><span class='ocrx_word' id='word_1_84' title='bbox 124 1287 257 1326; x_wconf 88' lang='lat' dir='ltr'>cum</span> <span class='ocrx_word' id='word_1_85' title='bbox 282 1269 793 1325; x_wconf 87' lang='lat' dir='ltr'>descendentibus</span> <span class='ocrx_word' id='word_1_86' title='bbox 822 1272 881 1324; x_wconf 89' lang='lat' dir='ltr'>in</span> <span class='ocrx_word' id='word_1_87' title='bbox 912 1269 1146 1325; x_wconf 85' lang='lat' dir='ltr'>lacum:</span> <span class='ocrx_word' id='word_1_88' title='bbox 1180 1268 1373 1325; x_wconf 84' lang='lat' dir='ltr'>factus</span> <span class='ocrx_word' id='word_1_89' title='bbox 1415 1284 1570 1339; x_wconf 91' lang='lat' dir='ltr'>sum,</span> <span class='ocrx_word' id='word_1_90' title='bbox 1631 1269 1779 1324; x_wconf 88' lang='lat' dir='ltr'>sicut</span> 
     </span>
    </p>
   </div>
   <div class='ocr_carea' id='block_1_15' title="bbox 124 1357 1496 1428">
    <p class='ocr_par' dir='ltr' id='par_1_15' title="bbox 124 1357 1496 1428">
     <span class='ocr_line' id='line_1_15' title="bbox 124 1357 1496 1428; baseline -0.002 -11"><span class='ocrx_word' id='word_1_91' title='bbox 124 1361 303 1417; x_wconf 91' lang='lat' dir='ltr'>homo</span> <span class='ocrx_word' id='word_1_92' title='bbox 339 1359 473 1413; x_wconf 92' lang='lat' dir='ltr'>sine</span> <span class='ocrx_word' id='word_1_93' title='bbox 510 1357 828 1428; x_wconf 90' lang='lat' dir='ltr'>adjutorio,</span> <span class='ocrx_word' id='word_1_94' title='bbox 859 1358 1010 1413; x_wconf 90' lang='lat' dir='ltr'>inter</span> <span class='ocrx_word' id='word_1_95' title='bbox 1036 1363 1305 1413; x_wconf 88' lang='lat' dir='ltr'>mortuos</span> <span class='ocrx_word' id='word_1_96' title='bbox 1330 1358 1496 1414; x_wconf 92' lang='lat' dir='ltr'>liber.</span> 
     </span>
    </p>
   </div>
   <div class='ocr_carea' id='block_1_16' title="bbox 193 1447 1565 1519">
    <p class='ocr_par' dir='ltr' id='par_1_16' title="bbox 193 1447 1565 1519">
     <span class='ocr_line' id='line_1_16' title="bbox 193 1447 1565 1519; baseline -0.001 -16"><span class='ocrx_word' id='word_1_97' title='bbox 193 1451 429 1505; x_wconf 79' lang='lat' dir='ltr'>Preces.</span> <span class='ocrx_word' id='word_1_98' title='bbox 466 1450 863 1519; x_wconf 90' lang='lat' dir='ltr'>Deprecemur</span> <span class='ocrx_word' id='word_1_99' title='bbox 889 1448 1231 1515; x_wconf 91' lang='lat' dir='ltr'>Dominum,</span> <span class='ocrx_word' id='word_1_100' title='bbox 1266 1453 1329 1502; x_wconf 81' lang='lat' dir='ltr'>ut</span> <span class='ocrx_word' id='word_1_101' title='bbox 1360 1447 1565 1516; x_wconf 74' lang='lat' dir='ltr'>supra.</span> 
     </span>
    </p>
   </div>
   <div class='ocr_carea' id='block_1_17' title="bbox 190 1536 1783 1605">
    <p class='ocr_par' dir='ltr' id='par_1_17' title="bbox 190 1536 1783 1605">
     <span class='ocr_line' id='line_1_17' title="bbox 190 1536 1783 1605; baseline -0.001 -13"><span class='ocrx_word' id='word_1_102' title='bbox 190 1539 421 1595; x_wconf 85' lang='lat' dir='ltr'>Preces.</span> <span class='ocrx_word' id='word_1_103' title='bbox 452 1537 733 1592; x_wconf 87' lang='lat' dir='ltr'>Dicamus</span> <span class='ocrx_word' id='word_1_104' title='bbox 764 1552 975 1592; x_wconf 90' lang='lat' dir='ltr'>omnes</span> <span class='ocrx_word' id='word_1_105' title='bbox 1011 1554 1024 1591; x_wconf 92' lang='lat'><strong>:</strong></span> <span class='ocrx_word' id='word_1_106' title='bbox 1052 1537 1119 1591; x_wconf 92' lang='lat' dir='ltr'>P.</span> <span class='ocrx_word' id='word_1_107' title='bbox 1153 1538 1420 1602; x_wconf 87' lang='lat' dir='ltr'>Domine,</span> <span class='ocrx_word' id='word_1_108' title='bbox 1453 1536 1690 1605; x_wconf 81' lang='lat' dir='ltr'>exaudi,</span> <span class='ocrx_word' id='word_1_109' title='bbox 1729 1541 1783 1591; x_wconf 89' lang='lat' dir='ltr'>et</span> 
     </span>
    </p>
   </div>
   <div class='ocr_carea' id='block_1_18' title="bbox 123 1625 1777 1697">
    <p class='ocr_par' dir='ltr' id='par_1_18' title="bbox 123 1625 1777 1697">
     <span class='ocr_line' id='line_1_18' title="bbox 123 1625 1777 1697; baseline -0.001 -14"><span class='ocrx_word' id='word_1_110' title='bbox 123 1628 424 1684; x_wconf 85' lang='lat' dir='ltr'>miserere.</span> <span class='ocrx_word' id='word_1_111' title='bbox 448 1626 510 1685; x_wconf 65' lang='lat' dir='ltr'>V.</span> <span class='ocrx_word' id='word_1_112' title='bbox 540 1625 1214 1697; x_wconf 87' lang='lat' dir='ltr'>Creveruntiniquitates</span> <span class='ocrx_word' id='word_1_113' title='bbox 1232 1630 1451 1681; x_wconf 82' lang='lat' dir='ltr'>nostrae</span> <span class='ocrx_word' id='word_1_114' title='bbox 1474 1640 1672 1681; x_wconf 89' lang='lat' dir='ltr'>coram</span> <span class='ocrx_word' id='word_1_115' title='bbox 1705 1630 1777 1695; x_wconf 90' lang='lat' dir='ltr'>te,</span> 
     </span>
    </p>
   </div>
   <div class='ocr_carea' id='block_1_19' title="bbox 1884 470 2919 538">
    <p class='ocr_par' dir='ltr' id='par_1_19' title="bbox 1884 470 2919 538">
     <span class='ocr_line' id='line_1_19' title="bbox 1884 470 2919 538; baseline -0.004 -14"><span class='ocrx_word' id='word_1_116' title='bbox 1884 483 2114 524; x_wconf 89' lang='lat' dir='ltr'>camus.</span> <span class='ocrx_word' id='word_1_117' title='bbox 2151 470 2495 538; x_wconf 77' lang='lat' dir='ltr'>Capitutum</span> <span class='ocrx_word' id='word_1_118' title='bbox 2525 471 2779 537; x_wconf 79' lang='lat' dir='ltr'>opertat,</span> <span class='ocrx_word' id='word_1_119' title='bbox 2813 472 2919 521; x_wconf 92' lang='lat' dir='ltr'>etc.</span> 
     </span>
    </p>
   </div>
   <div class='ocr_carea' id='block_1_20' title="bbox 1958 554 3527 627">
    <p class='ocr_par' dir='ltr' id='par_1_20' title="bbox 1958 554 3527 627">
     <span class='ocr_line' id='line_1_20' title="bbox 1958 554 3527 627; baseline 0 -15"><span class='ocrx_word' id='word_1_120' title='bbox 1958 558 2183 613; x_wconf 76' lang='lat' dir='ltr'>Oratio.</span> <span class='ocrx_word' id='word_1_121' title='bbox 2211 560 2349 613; x_wconf 85' lang='lat' dir='ltr'>Jesu</span> <span class='ocrx_word' id='word_1_122' title='bbox 2389 558 2616 613; x_wconf 88' lang='lat' dir='ltr'>Christe</span> <span class='ocrx_word' id='word_1_123' title='bbox 2645 555 2821 611; x_wconf 89' lang='lat' dir='ltr'>Filius</span> <span class='ocrx_word' id='word_1_124' title='bbox 2848 554 2948 609; x_wconf 90' lang='lat' dir='ltr'>Dei</span> <span class='ocrx_word' id='word_1_125' title='bbox 2972 554 3110 622; x_wconf 85' lang='lat' dir='ltr'>vivi,</span> <span class='ocrx_word' id='word_1_126' title='bbox 3138 556 3239 627; x_wconf 86' lang='lat' dir='ltr'>qui</span> <span class='ocrx_word' id='word_1_127' title='bbox 3267 555 3527 613; x_wconf 88' lang='lat' dir='ltr'>cecidisti</span> 
     </span>
    </p>
   </div>
   <div class='ocr_carea' id='block_1_21' title="bbox 1884 642 3529 715">
    <p class='ocr_par' dir='ltr' id='par_1_21' title="bbox 1884 642 3529 715">
     <span class='ocr_line' id='line_1_21' title="bbox 1884 642 3529 715; baseline -0.001 -15"><span class='ocrx_word' id='word_1_128' title='bbox 1884 645 1943 700; x_wconf 90' lang='lat' dir='ltr'>in</span> <span class='ocrx_word' id='word_1_129' title='bbox 1962 662 2179 701; x_wconf 89' lang='lat' dir='ltr'>manus</span> <span class='ocrx_word' id='word_1_130' title='bbox 2196 645 2439 713; x_wconf 89' lang='lat' dir='ltr'>inimici,</span> <span class='ocrx_word' id='word_1_131' title='bbox 2459 650 2514 701; x_wconf 91' lang='lat' dir='ltr'>et</span> <span class='ocrx_word' id='word_1_132' title='bbox 2530 644 2800 701; x_wconf 90' lang='lat' dir='ltr'>animam</span> <span class='ocrx_word' id='word_1_133' title='bbox 2815 649 2982 697; x_wconf 86' lang='lat' dir='ltr'>tuam</span> <span class='ocrx_word' id='word_1_134' title='bbox 3005 642 3282 698; x_wconf 92' lang='lat' dir='ltr'>dilectam</span> <span class='ocrx_word' id='word_1_135' title='bbox 3300 660 3408 715; x_wconf 90' lang='lat' dir='ltr'>pro</span> <span class='ocrx_word' id='word_1_136' title='bbox 3424 659 3529 699; x_wconf 88' lang='lat' dir='ltr'>no-</span> 
     </span>
    </p>
   </div>
   <div class='ocr_carea' id='block_1_22' title="bbox 1884 731 3529 802">
    <p class='ocr_par' dir='ltr' id='par_1_22' title="bbox 1884 731 3529 802">
     <span class='ocr_line' id='line_1_22' title="bbox 1884 731 3529 802; baseline -0.001 -13"><span class='ocrx_word' id='word_1_137' title='bbox 1884 734 1976 789; x_wconf 90' lang='lat' dir='ltr'>bis</span> <span class='ocrx_word' id='word_1_138' title='bbox 2008 735 2189 789; x_wconf 89' lang='lat' dir='ltr'>servis</span> <span class='ocrx_word' id='word_1_139' title='bbox 2223 735 2338 790; x_wconf 89' lang='lat' dir='ltr'>tuis</span> <span class='ocrx_word' id='word_1_140' title='bbox 2384 734 2460 789; x_wconf 91' lang='lat' dir='ltr'>ad</span> <span class='ocrx_word' id='word_1_141' title='bbox 2509 738 2761 789; x_wconf 91' lang='lat' dir='ltr'>mortem</span> <span class='ocrx_word' id='word_1_142' title='bbox 2794 731 3085 788; x_wconf 88' lang='lat' dir='ltr'>tradidisti</span> <span class='ocrx_word' id='word_1_143' title='bbox 3114 747 3127 795; x_wconf 90' lang='lat'><strong>;</strong></span> <span class='ocrx_word' id='word_1_144' title='bbox 3157 737 3362 802; x_wconf 89' lang='lat' dir='ltr'>postea</span> <span class='ocrx_word' id='word_1_145' title='bbox 3392 747 3529 787; x_wconf 91' lang='lat' dir='ltr'>cum</span> 
     </span>
    </p>
   </div>
   <div class='ocr_carea' id='block_1_23' title="bbox 1885 818 3530 892">
    <p class='ocr_par' dir='ltr' id='par_1_23' title="bbox 1885 818 3530 892">
     <span class='ocr_line' id='line_1_23' title="bbox 1885 818 3530 892; baseline -0.002 -14"><span class='ocrx_word' id='word_1_146' title='bbox 1885 822 2071 892; x_wconf 81' lang='lat' dir='ltr'>gloria</span> <span class='ocrx_word' id='word_1_147' title='bbox 2094 824 2195 879; x_wconf 91' lang='lat' dir='ltr'>Dei</span> <span class='ocrx_word' id='word_1_148' title='bbox 2211 824 2393 880; x_wconf 88' lang='lat' dir='ltr'>Patris</span> <span class='ocrx_word' id='word_1_149' title='bbox 2410 826 2801 879; x_wconf 90' lang='lat' dir='ltr'>monumento</span> <span class='ocrx_word' id='word_1_150' title='bbox 2818 820 3140 885; x_wconf 88' lang='lat' dir='ltr'>surrexisti,</span> <span class='ocrx_word' id='word_1_151' title='bbox 3163 824 3217 874; x_wconf 93' lang='lat' dir='ltr'>et</span> <span class='ocrx_word' id='word_1_152' title='bbox 3235 818 3530 875; x_wconf 90' lang='lat' dir='ltr'>mundum</span> 
     </span>
    </p>
   </div>
   <div class='ocr_carea' id='block_1_24' title="bbox 1883 909 3534 983">
    <p class='ocr_par' dir='ltr' id='par_1_24' title="bbox 1883 909 3534 983">
     <span class='ocr_line' id='line_1_24' title="bbox 1883 909 3534 983; baseline -0.002 -16"><span class='ocrx_word' id='word_1_153' title='bbox 1883 912 2187 968; x_wconf 86' lang='lat' dir='ltr'>redemisti</span> <span class='ocrx_word' id='word_1_154' title='bbox 2217 931 2229 969; x_wconf 88' lang='lat'><strong>:</strong></span> <span class='ocrx_word' id='word_1_155' title='bbox 2252 928 2542 983; x_wconf 83' lang='lat' dir='ltr'>rogamus</span> <span class='ocrx_word' id='word_1_156' title='bbox 2560 916 2831 967; x_wconf 90' lang='lat' dir='ltr'>sanctam</span> <span class='ocrx_word' id='word_1_157' title='bbox 2852 909 3233 965; x_wconf 88' lang='lat' dir='ltr'>clementiam</span> <span class='ocrx_word' id='word_1_158' title='bbox 3254 912 3443 971; x_wconf 90' lang='lat' dir='ltr'>tuam,</span> <span class='ocrx_word' id='word_1_159' title='bbox 3470 910 3534 964; x_wconf 89' lang='lat' dir='ltr'>ut</span> 
     </span>
    </p>
   </div>
   <div class='ocr_carea' id='block_1_25' title="bbox 1886 995 3535 1074">
    <p class='ocr_par' dir='ltr' id='par_1_25' title="bbox 1886 995 3535 1074">
     <span class='ocr_line' id='line_1_25' title="bbox 1886 995 3535 1074; baseline -0.004 -17"><span class='ocrx_word' id='word_1_160' title='bbox 1886 1001 2082 1057; x_wconf 89' lang='lat' dir='ltr'>veniat</span> <span class='ocrx_word' id='word_1_161' title='bbox 2108 1018 2285 1074; x_wconf 90' lang='lat' dir='ltr'>super</span> <span class='ocrx_word' id='word_1_162' title='bbox 2307 1018 2415 1058; x_wconf 89' lang='lat' dir='ltr'>nos</span> <span class='ocrx_word' id='word_1_163' title='bbox 2434 1002 2625 1072; x_wconf 89' lang='lat' dir='ltr'>gratia</span> <span class='ocrx_word' id='word_1_164' title='bbox 2646 1006 2768 1069; x_wconf 91' lang='lat' dir='ltr'>tua,</span> <span class='ocrx_word' id='word_1_165' title='bbox 2792 1004 2848 1055; x_wconf 89' lang='lat' dir='ltr'>et</span> <span class='ocrx_word' id='word_1_166' title='bbox 2876 1000 2937 1054; x_wconf 93' lang='lat' dir='ltr'>in</span> <span class='ocrx_word' id='word_1_167' title='bbox 2967 998 3127 1053; x_wconf 91' lang='lat' dir='ltr'>diem</span> <span class='ocrx_word' id='word_1_168' title='bbox 3158 995 3535 1053; x_wconf 90' lang='lat' dir='ltr'>resurrectio-</span> 
     </span>
    </p>
   </div>
   <div class='ocr_carea' id='block_1_26' title="bbox 1885 1086 3386 1156">
    <p class='ocr_par' dir='ltr' id='par_1_26' title="bbox 1885 1086 3386 1156">
     <span class='ocr_line' id='line_1_26' title="bbox 1885 1086 3386 1156; baseline -0.005 -11"><span class='ocrx_word' id='word_1_169' title='bbox 1885 1090 1979 1145; x_wconf 91' lang='lat' dir='ltr'>nis</span> <span class='ocrx_word' id='word_1_170' title='bbox 2020 1094 2134 1145; x_wconf 69' lang='lat' dir='ltr'>tuaa</span> <span class='ocrx_word' id='word_1_171' title='bbox 2165 1092 2291 1145; x_wconf 85' lang='lat' dir='ltr'>sine</span> <span class='ocrx_word' id='word_1_172' title='bbox 2329 1090 2567 1145; x_wconf 91' lang='lat' dir='ltr'>macula</span> <span class='ocrx_word' id='word_1_173' title='bbox 2596 1092 2751 1144; x_wconf 90' lang='lat' dir='ltr'>stare</span> <span class='ocrx_word' id='word_1_174' title='bbox 2782 1086 3060 1143; x_wconf 86' lang='lat' dir='ltr'>concede.</span> <span class='ocrx_word' id='word_1_175' title='bbox 3086 1098 3149 1156; x_wconf 55' lang='lat'>11-.</span> <span class='ocrx_word' id='word_1_176' title='bbox 3177 1089 3386 1140; x_wconf 84' lang='lat' dir='ltr'>Amen.</span> 
     </span>
    </p>
   </div>
   <div class='ocr_carea' id='block_1_27' title="bbox 1957 1172 3537 1249">
    <p class='ocr_par' dir='ltr' id='par_1_27' title="bbox 1957 1172 3537 1249">
     <span class='ocr_line' id='line_1_27' title="bbox 1957 1172 3537 1249; baseline -0.004 -15"><span class='ocrx_word' id='word_1_177' title='bbox 1957 1180 2323 1249; x_wconf 78' lang='lat' dir='ltr'>Antiphona.</span> <span class='ocrx_word' id='word_1_178' title='bbox 2348 1182 2561 1234; x_wconf 87' lang='lat' dir='ltr'>Versus</span> <span class='ocrx_word' id='word_1_179' title='bbox 2589 1194 2721 1232; x_wconf 91' lang='lat' dir='ltr'>sum</span> <span class='ocrx_word' id='word_1_180' title='bbox 2761 1176 2822 1231; x_wconf 91' lang='lat' dir='ltr'>in</span> <span class='ocrx_word' id='word_1_181' title='bbox 2851 1192 3059 1231; x_wconf 93' lang='lat' dir='ltr'>eorum</span> <span class='ocrx_word' id='word_1_182' title='bbox 3089 1175 3380 1230; x_wconf 88' lang='lat' dir='ltr'>canticum</span> <span class='ocrx_word' id='word_1_183' title='bbox 3406 1190 3420 1228; x_wconf 91' lang='lat'>:</span> <span class='ocrx_word' id='word_1_184' title='bbox 3451 1172 3537 1229; x_wconf 87' lang='lat' dir='ltr'>fa-</span> 
     </span>
    </p>
   </div>
   <div class='ocr_carea' id='block_1_28' title="bbox 1889 1264 3536 1339">
    <p class='ocr_par' dir='ltr' id='par_1_28' title="bbox 1889 1264 3536 1339">
     <span class='ocr_line' id='line_1_28' title="bbox 1889 1264 3536 1339; baseline -0.004 -16"><span class='ocrx_word' id='word_1_185' title='bbox 1889 1271 2020 1324; x_wconf 88' lang='lat' dir='ltr'>ctus</span> <span class='ocrx_word' id='word_1_186' title='bbox 2059 1284 2194 1323; x_wconf 89' lang='lat' dir='ltr'>sum</span> <span class='ocrx_word' id='word_1_187' title='bbox 2225 1268 2286 1323; x_wconf 92' lang='lat' dir='ltr'>in</span> <span class='ocrx_word' id='word_1_188' title='bbox 2315 1268 2397 1322; x_wconf 89' lang='lat' dir='ltr'>eis</span> <span class='ocrx_word' id='word_1_189' title='bbox 2418 1266 2798 1339; x_wconf 89' lang='lat' dir='ltr'>proverbium</span> <span class='ocrx_word' id='word_1_190' title='bbox 2831 1282 2843 1319; x_wconf 91' lang='lat'>:</span> <span class='ocrx_word' id='word_1_191' title='bbox 2878 1264 3311 1319; x_wconf 87' lang='lat' dir='ltr'>abominantur</span> <span class='ocrx_word' id='word_1_192' title='bbox 3334 1277 3450 1325; x_wconf 92' lang='lat' dir='ltr'>me,</span> <span class='ocrx_word' id='word_1_193' title='bbox 3479 1265 3536 1317; x_wconf 93' lang='lat' dir='ltr'>et</span> 
     </span>
    </p>
   </div>
   <div class='ocr_carea' id='block_1_29' title="bbox 1888 1353 3527 1425">
    <p class='ocr_par' dir='ltr' id='par_1_29' title="bbox 1888 1353 3527 1425">
     <span class='ocr_line' id='line_1_29' title="bbox 1888 1353 3527 1425; baseline -0.003 -14"><span class='ocrx_word' id='word_1_194' title='bbox 1888 1356 2064 1425; x_wconf 90' lang='lat' dir='ltr'>longe</span> <span class='ocrx_word' id='word_1_195' title='bbox 2080 1356 2314 1425; x_wconf 88' lang='lat' dir='ltr'>fugiunt</span> <span class='ocrx_word' id='word_1_196' title='bbox 2330 1372 2365 1411; x_wconf 90' lang='lat' dir='ltr'>a</span> <span class='ocrx_word' id='word_1_197' title='bbox 2385 1371 2498 1411; x_wconf 92' lang='lat' dir='ltr'>me.</span> <span class='ocrx_word' id='word_1_198' title='bbox 2529 1355 2591 1415; x_wconf 57' lang='grc' dir='ltr'>ὴ.</span> <span class='ocrx_word' id='word_1_199' title='bbox 2621 1354 2845 1409; x_wconf 91' lang='lat' dir='ltr'>Inclina</span> <span class='ocrx_word' id='word_1_200' title='bbox 2860 1353 3106 1408; x_wconf 89' lang='lat' dir='ltr'>Domine</span> <span class='ocrx_word' id='word_1_201' title='bbox 3125 1366 3323 1407; x_wconf 89' lang='lat' dir='ltr'>aurem</span> <span class='ocrx_word' id='word_1_202' title='bbox 3344 1355 3527 1415; x_wconf 89' lang='lat' dir='ltr'>tuam,</span> 
     </span>
    </p>
   </div>
   <div class='ocr_carea' id='block_1_30' title="bbox 1891 1444 3400 1515">
    <p class='ocr_par' dir='ltr' id='par_1_30' title="bbox 1891 1444 3400 1515">
     <span class='ocr_line' id='line_1_30' title="bbox 1891 1444 3400 1515; baseline -0.004 -16"><span class='ocrx_word' id='word_1_203' title='bbox 1891 1449 1946 1500; x_wconf 89' lang='lat' dir='ltr'>et</span> <span class='ocrx_word' id='word_1_204' title='bbox 1967 1446 2188 1500; x_wconf 84' lang='lat' dir='ltr'>exaudi</span> <span class='ocrx_word' id='word_1_205' title='bbox 2216 1461 2311 1500; x_wconf 93' lang='lat' dir='ltr'>me</span> <span class='ocrx_word' id='word_1_206' title='bbox 2345 1462 2358 1499; x_wconf 91' lang='lat'><strong>:</strong></span> <span class='ocrx_word' id='word_1_207' title='bbox 2390 1444 2535 1515; x_wconf 88' lang='lat' dir='ltr'>quia</span> <span class='ocrx_word' id='word_1_208' title='bbox 2562 1458 2743 1512; x_wconf 90' lang='lat' dir='ltr'>egens</span> <span class='ocrx_word' id='word_1_209' title='bbox 2770 1447 2826 1498; x_wconf 91' lang='lat' dir='ltr'>et</span> <span class='ocrx_word' id='word_1_210' title='bbox 2854 1456 3086 1513; x_wconf 87' lang='lat' dir='ltr'>pauper</span> <span class='ocrx_word' id='word_1_211' title='bbox 3107 1456 3241 1495; x_wconf 91' lang='lat' dir='ltr'>sum</span> <span class='ocrx_word' id='word_1_212' title='bbox 3270 1454 3400 1508; x_wconf 90' lang='lat' dir='ltr'>ego.</span> 
     </span>
    </p>
   </div>
   <div class='ocr_carea' id='block_1_31' title="bbox 1962 1526 3322 1607">
    <p class='ocr_par' dir='ltr' id='par_1_31' title="bbox 1962 1526 3322 1607">
     <span class='ocr_line' id='line_1_31' title="bbox 1962 1526 3322 1607; baseline -0.004 -20"><span class='ocrx_word' id='word_1_213' title='bbox 1962 1536 2183 1591; x_wconf 85' lang='lat' dir='ltr'>Preces.</span> <span class='ocrx_word' id='word_1_214' title='bbox 2218 1535 2616 1607; x_wconf 88' lang='lat' dir='ltr'>Deprecemur</span> <span class='ocrx_word' id='word_1_215' title='bbox 2643 1532 2987 1596; x_wconf 91' lang='lat' dir='ltr'>Dominum,</span> <span class='ocrx_word' id='word_1_216' title='bbox 3019 1534 3087 1584; x_wconf 84' lang='lat' dir='ltr'>ut</span> <span class='ocrx_word' id='word_1_217' title='bbox 3116 1526 3322 1595; x_wconf 77' lang='lat' dir='ltr'>supra.</span> 
     </span>
    </p>
   </div>
   <div class='ocr_carea' id='block_1_32' title="bbox 1961 1616 3540 1682">
    <p class='ocr_par' dir='ltr' id='par_1_32' title="bbox 1961 1616 3540 1682">
     <span class='ocr_line' id='line_1_32' title="bbox 1961 1616 3540 1682; baseline -0.003 -5"><span class='ocrx_word' id='word_1_218' title='bbox 1961 1623 2185 1679; x_wconf 85' lang='lat' dir='ltr'>Preces.</span> <span class='ocrx_word' id='word_1_219' title='bbox 2214 1624 2491 1679; x_wconf 90' lang='lat' dir='ltr'>Dicamus</span> <span class='ocrx_word' id='word_1_220' title='bbox 2527 1636 2736 1677; x_wconf 92' lang='lat' dir='ltr'>omnes</span> <span class='ocrx_word' id='word_1_221' title='bbox 2770 1638 2782 1675; x_wconf 93' lang='lat'>:</span> <span class='ocrx_word' id='word_1_222' title='bbox 2816 1621 2876 1674; x_wconf 90' lang='lat' dir='ltr'>P.</span> <span class='ocrx_word' id='word_1_223' title='bbox 2910 1618 3178 1682; x_wconf 90' lang='lat' dir='ltr'>Domine,</span> <span class='ocrx_word' id='word_1_224' title='bbox 3212 1616 3452 1681; x_wconf 83' lang='lat' dir='ltr'>exaudi,</span> <span class='ocrx_word' id='word_1_225' title='bbox 3484 1619 3540 1673; x_wconf 89' lang='lat' dir='ltr'>et</span> 
     </span>
    </p>
   </div>
   <div class='ocr_carea' id='block_1_33' title="bbox 130 1709 3538 1787">
    <p class='ocr_par' dir='ltr' id='par_1_33' title="bbox 130 1709 3538 1787">
     <span class='ocr_line' id='line_1_33' title="bbox 130 1709 3538 1787; baseline -0.004 -15"><span class='ocrx_word' id='word_1_226' title='bbox 130 1724 182 1772; x_wconf 86' lang='lat' dir='ltr'>et</span> <span class='ocrx_word' id='word_1_227' title='bbox 209 1720 467 1787; x_wconf 90' lang='lat' dir='ltr'>peccata</span> <span class='ocrx_word' id='word_1_228' title='bbox 496 1718 701 1769; x_wconf 88' lang='lat' dir='ltr'>nostra</span> <span class='ocrx_word' id='word_1_229' title='bbox 729 1714 1374 1786; x_wconf 88' lang='lat' dir='ltr'>responderuntnobis.</span> <span class='ocrx_word' id='word_1_230' title='bbox 1406 1714 1477 1769; x_wconf 89' lang='lat' dir='ltr'>P.</span> <span class='ocrx_word' id='word_1_231' title='bbox 1514 1714 1778 1770; x_wconf 92' lang='lat' dir='ltr'>Domine.</span> <span class='ocrx_word' id='word_1_232' title='bbox 1810 1733 1854 1787; x_wconf 80' lang='grc' dir='ltr'>Β</span> <span class='ocrx_word' id='word_1_233' title='bbox 1891 1712 2191 1769; x_wconf 89' lang='lat' dir='ltr'>miserere.</span> <span class='ocrx_word' id='word_1_234' title='bbox 2216 1713 2278 1773; x_wconf 53' lang='grc' dir='ltr'>ἡ.</span> <span class='ocrx_word' id='word_1_235' title='bbox 2310 1711 2577 1767; x_wconf 87' lang='lat' dir='ltr'>Concede</span> <span class='ocrx_word' id='word_1_236' title='bbox 2608 1709 2874 1765; x_wconf 76' lang='lat' dir='ltr'>Ecclesiae</span> <span class='ocrx_word' id='word_1_237' title='bbox 2906 1713 3020 1763; x_wconf 76' lang='lat' dir='ltr'>tuae</span> <span class='ocrx_word' id='word_1_238' title='bbox 3055 1722 3268 1779; x_wconf 91' lang='lat' dir='ltr'>pacem</span> <span class='ocrx_word' id='word_1_239' title='bbox 3307 1709 3364 1760; x_wconf 93' lang='lat' dir='ltr'>et</span> <span class='ocrx_word' id='word_1_240' title='bbox 3391 1710 3538 1760; x_wconf 91' lang='lat' dir='ltr'>tem-</span> 
     </span>
    </p>
   </div>
   <div class='ocr_carea' id='block_1_34' title="bbox 127 1802 1785 1874">
    <p class='ocr_par' dir='ltr' id='par_1_34' title="bbox 127 1802 1785 1874">
     <span class='ocr_line' id='line_1_34' title="bbox 127 1802 1785 1874; baseline 0.001 -17"><span class='ocrx_word' id='word_1_241' title='bbox 127 1806 187 1865; x_wconf 51' lang='grc' dir='ltr'>ἡ.</span> <span class='ocrx_word' id='word_1_242' title='bbox 210 1804 437 1859; x_wconf 89' lang='lat' dir='ltr'>Defecit</span> <span class='ocrx_word' id='word_1_243' title='bbox 475 1818 599 1874; x_wconf 88' lang='lat' dir='ltr'>prae</span> <span class='ocrx_word' id='word_1_244' title='bbox 633 1802 1030 1859; x_wconf 88' lang='lat' dir='ltr'>amaritudine</span> <span class='ocrx_word' id='word_1_245' title='bbox 1056 1802 1179 1859; x_wconf 90' lang='lat' dir='ltr'>vita</span> <span class='ocrx_word' id='word_1_246' title='bbox 1218 1807 1428 1859; x_wconf 90' lang='lat' dir='ltr'>nostra</span> <span class='ocrx_word' id='word_1_247' title='bbox 1460 1821 1473 1855; x_wconf 90' lang='lat'><strong>:</strong></span> <span class='ocrx_word' id='word_1_248' title='bbox 1508 1818 1785 1859; x_wconf 89' lang='lat' dir='ltr'>consum-</span> 
     </span>
    </p>
   </div>
   <div class='ocr_carea' id='block_1_35' title="bbox 132 1890 1779 1965">
    <p class='ocr_par' dir='ltr' id='par_1_35' title="bbox 132 1890 1779 1965">
     <span class='ocr_line' id='line_1_35' title="bbox 132 1890 1779 1965; baseline -0.001 -17"><span class='ocrx_word' id='word_1_249' title='bbox 132 1898 305 1965; x_wconf 89' lang='lat' dir='ltr'>ptum</span> <span class='ocrx_word' id='word_1_250' title='bbox 347 1894 436 1947; x_wconf 90' lang='lat' dir='ltr'>est</span> <span class='ocrx_word' id='word_1_251' title='bbox 486 1891 548 1945; x_wconf 92' lang='lat' dir='ltr'>in</span> <span class='ocrx_word' id='word_1_252' title='bbox 600 1890 805 1946; x_wconf 89' lang='lat' dir='ltr'>dolore</span> <span class='ocrx_word' id='word_1_253' title='bbox 861 1906 963 1945; x_wconf 93' lang='lat' dir='ltr'>cor</span> <span class='ocrx_word' id='word_1_254' title='bbox 1026 1894 1315 1946; x_wconf 89' lang='lat' dir='ltr'>nostrum.</span> <span class='ocrx_word' id='word_1_255' title='bbox 1387 1892 1451 1946; x_wconf 91' lang='lat' dir='ltr'>P.</span> <span class='ocrx_word' id='word_1_256' title='bbox 1510 1891 1779 1947; x_wconf 91' lang='lat' dir='ltr'>Domine.</span> 
     </span>
    </p>
   </div>
   <div class='ocr_carea' id='block_1_36' title="bbox 137 1978 1784 2052">
    <p class='ocr_par' dir='ltr' id='par_1_36' title="bbox 137 1978 1784 2052">
     <span class='ocr_line' id='line_1_36' title="bbox 137 1978 1784 2052; baseline -0.002 -13"><span class='ocrx_word' id='word_1_257' title='bbox 137 1982 197 2040; x_wconf 52' lang='grc' dir='ltr'>ἓν.</span> <span class='ocrx_word' id='word_1_258' title='bbox 230 1979 601 2052; x_wconf 88' lang='lat' dir='ltr'>Cooperuisti</span> <span class='ocrx_word' id='word_1_259' title='bbox 626 1978 786 2034; x_wconf 90' lang='lat' dir='ltr'>nube</span> <span class='ocrx_word' id='word_1_260' title='bbox 818 1979 1216 2051; x_wconf 84' lang='lat' dir='ltr'>temetipsum,</span> <span class='ocrx_word' id='word_1_261' title='bbox 1246 1986 1311 2035; x_wconf 91' lang='lat' dir='ltr'>ut</span> <span class='ocrx_word' id='word_1_262' title='bbox 1361 1994 1483 2035; x_wconf 93' lang='lat' dir='ltr'>non</span> <span class='ocrx_word' id='word_1_263' title='bbox 1514 1980 1700 2035; x_wconf 90' lang='lat' dir='ltr'>adiret</span> <span class='ocrx_word' id='word_1_264' title='bbox 1730 1985 1784 2035; x_wconf 90' lang='lat' dir='ltr'>te</span> 
     </span>
    </p>
   </div>
   <div class='ocr_carea' id='block_1_37' title="bbox 131 2068 1787 2139">
    <p class='ocr_par' dir='ltr' id='par_1_37' title="bbox 131 2068 1787 2139">
     <span class='ocr_line' id='line_1_37' title="bbox 131 2068 1787 2139; baseline -0.002 -13"><span class='ocrx_word' id='word_1_265' title='bbox 131 2070 319 2127; x_wconf 86' lang='lat' dir='ltr'>oratio</span> <span class='ocrx_word' id='word_1_266' title='bbox 351 2072 578 2125; x_wconf 89' lang='lat' dir='ltr'>nostra.</span> <span class='ocrx_word' id='word_1_267' title='bbox 610 2070 682 2123; x_wconf 95' lang='lat' dir='ltr'>P.</span> <span class='ocrx_word' id='word_1_268' title='bbox 702 2068 967 2124; x_wconf 88' lang='lat' dir='ltr'>Domine.</span> <span class='ocrx_word' id='word_1_269' title='bbox 991 2069 1272 2125; x_wconf 89' lang='lat' dir='ltr'>Dicamus</span> <span class='ocrx_word' id='word_1_270' title='bbox 1290 2085 1519 2126; x_wconf 90' lang='lat' dir='ltr'>omnes.</span> <span class='ocrx_word' id='word_1_271' title='bbox 1546 2069 1787 2139; x_wconf 80' lang='lat' dir='ltr'>Capitu-</span> 
     </span>
    </p>
   </div>
   <div class='ocr_carea' id='block_1_38' title="bbox 134 2161 679 2228">
    <p class='ocr_par' dir='ltr' id='par_1_38' title="bbox 134 2161 679 2228">
     <span class='ocr_line' id='line_1_38' title="bbox 134 2161 679 2228; baseline 0 -13"><span class='ocrx_word' id='word_1_272' title='bbox 134 2161 249 2215; x_wconf 84' lang='lat' dir='ltr'>lum</span> <span class='ocrx_word' id='word_1_273' title='bbox 280 2163 540 2228; x_wconf 82' lang='lat' dir='ltr'>repetat,</span> <span class='ocrx_word' id='word_1_274' title='bbox 572 2161 679 2215; x_wconf 91' lang='lat' dir='ltr'>etc.</span> 
     </span>
    </p>
   </div>
   <div class='ocr_carea' id='block_1_39' title="bbox 194 2246 1786 2319">
    <p class='ocr_par' dir='ltr' id='par_1_39' title="bbox 194 2246 1786 2319">
     <span class='ocr_line' id='line_1_39' title="bbox 194 2246 1786 2319; baseline 0 -16"><span class='ocrx_word' id='word_1_275' title='bbox 194 2248 345 2303; x_wconf 87' lang='lat' dir='ltr'>Orat</span> <span class='ocrx_word' id='word_1_276' title='bbox 353 2248 432 2302; x_wconf 77' lang='lat' dir='ltr'>io.</span> <span class='ocrx_word' id='word_1_277' title='bbox 451 2249 478 2301; x_wconf 81' lang='lat' dir='ltr'><strong>J</strong></span> <span class='ocrx_word' id='word_1_278' title='bbox 484 2263 607 2315; x_wconf 89' lang='lat' dir='ltr'>esu,</span> <span class='ocrx_word' id='word_1_279' title='bbox 626 2249 781 2302; x_wconf 92' lang='lat' dir='ltr'>Deus</span> <span class='ocrx_word' id='word_1_280' title='bbox 799 2250 1017 2319; x_wconf 89' lang='lat' dir='ltr'>noster,</span> <span class='ocrx_word' id='word_1_281' title='bbox 1038 2246 1143 2319; x_wconf 90' lang='lat' dir='ltr'>qui</span> <span class='ocrx_word' id='word_1_282' title='bbox 1154 2246 1460 2303; x_wconf 86' lang='lat' dir='ltr'>maxillam</span> <span class='ocrx_word' id='word_1_283' title='bbox 1474 2246 1786 2319; x_wconf 83' lang='lat' dir='ltr'>praebuisti</span> 
     </span>
    </p>
   </div>
   <div class='ocr_carea' id='block_1_40' title="bbox 126 2335 1789 2410">
    <p class='ocr_par' dir='ltr' id='par_1_40' title="bbox 126 2335 1789 2410">
     <span class='ocr_line' id='line_1_40' title="bbox 126 2335 1789 2410; baseline 0 -17"><span class='ocrx_word' id='word_1_284' title='bbox 126 2335 586 2410; x_wconf 87' lang='lat' dir='ltr'>percussoribus</span> <span class='ocrx_word' id='word_1_285' title='bbox 611 2336 745 2401; x_wconf 91' lang='lat' dir='ltr'>tuis,</span> <span class='ocrx_word' id='word_1_286' title='bbox 768 2340 1071 2393; x_wconf 84' lang='lat' dir='ltr'>saturatus</span> <span class='ocrx_word' id='word_1_287' title='bbox 1095 2351 1204 2408; x_wconf 90' lang='lat' dir='ltr'>pro</span> <span class='ocrx_word' id='word_1_288' title='bbox 1226 2336 1400 2392; x_wconf 89' lang='lat' dir='ltr'>nobis</span> <span class='ocrx_word' id='word_1_289' title='bbox 1422 2337 1549 2409; x_wconf 92' lang='lat' dir='ltr'>ipse</span> <span class='ocrx_word' id='word_1_290' title='bbox 1571 2353 1789 2410; x_wconf 88' lang='lat' dir='ltr'>oppro-</span> 
     </span>
    </p>
   </div>
   <div class='ocr_carea' id='block_1_41' title="bbox 128 2425 1787 2498">
    <p class='ocr_par' dir='ltr' id='par_1_41' title="bbox 128 2425 1787 2498">
     <span class='ocr_line' id='line_1_41' title="bbox 128 2425 1787 2498; baseline 0 -16"><span class='ocrx_word' id='word_1_291' title='bbox 128 2427 266 2483; x_wconf 88' lang='lat' dir='ltr'>briis</span> <span class='ocrx_word' id='word_1_292' title='bbox 294 2443 308 2492; x_wconf 89' lang='lat'><strong>;</strong></span> <span class='ocrx_word' id='word_1_293' title='bbox 344 2425 611 2481; x_wconf 91' lang='lat' dir='ltr'>concede</span> <span class='ocrx_word' id='word_1_294' title='bbox 640 2425 816 2480; x_wconf 89' lang='lat' dir='ltr'>nobis</span> <span class='ocrx_word' id='word_1_295' title='bbox 843 2425 1075 2481; x_wconf 90' lang='lat' dir='ltr'>miseris</span> <span class='ocrx_word' id='word_1_296' title='bbox 1104 2426 1289 2481; x_wconf 86' lang='lat' dir='ltr'>servis</span> <span class='ocrx_word' id='word_1_297' title='bbox 1309 2427 1446 2489; x_wconf 87' lang='lat' dir='ltr'>tuis,</span> <span class='ocrx_word' id='word_1_298' title='bbox 1472 2430 1535 2482; x_wconf 91' lang='lat' dir='ltr'>ut</span> <span class='ocrx_word' id='word_1_299' title='bbox 1559 2427 1787 2498; x_wconf 89' lang='lat' dir='ltr'>passio-</span> 
     </span>
    </p>
   </div>
   <div class='ocr_carea' id='block_1_42' title="bbox 126 2513 1786 2587">
    <p class='ocr_par' dir='ltr' id='par_1_42' title="bbox 126 2513 1786 2587">
     <span class='ocr_line' id='line_1_42' title="bbox 126 2513 1786 2587; baseline -0.001 -17"><span class='ocrx_word' id='word_1_300' title='bbox 126 2516 212 2570; x_wconf 84' lang='lat' dir='ltr'>nis</span> <span class='ocrx_word' id='word_1_301' title='bbox 233 2519 357 2571; x_wconf 68' lang='lat' dir='ltr'>tuae</span> <span class='ocrx_word' id='word_1_302' title='bbox 369 2513 649 2585; x_wconf 90' lang='lat' dir='ltr'>exemplo</span> <span class='ocrx_word' id='word_1_303' title='bbox 667 2514 957 2578; x_wconf 89' lang='lat' dir='ltr'>instructi,</span> <span class='ocrx_word' id='word_1_304' title='bbox 972 2514 1184 2585; x_wconf 89' lang='lat' dir='ltr'>jugum</span> <span class='ocrx_word' id='word_1_305' title='bbox 1202 2530 1384 2569; x_wconf 89' lang='lat' dir='ltr'>suave</span> <span class='ocrx_word' id='word_1_306' title='bbox 1407 2520 1573 2570; x_wconf 93' lang='lat' dir='ltr'>tuum</span> <span class='ocrx_word' id='word_1_307' title='bbox 1596 2519 1786 2587; x_wconf 86' lang='lat' dir='ltr'>porte—</span> 
     </span>
    </p>
   </div>
   <div class='ocr_carea' id='block_1_43' title="bbox 130 2602 1785 2675">
    <p class='ocr_par' dir='ltr' id='par_1_43' title="bbox 130 2602 1785 2675">
     <span class='ocr_line' id='line_1_43' title="bbox 130 2602 1785 2675; baseline -0.002 -14"><span class='ocrx_word' id='word_1_308' title='bbox 130 2621 264 2661; x_wconf 88' lang='lat' dir='ltr'>mus</span> <span class='ocrx_word' id='word_1_309' title='bbox 292 2618 538 2675; x_wconf 76' lang='lat' dir='ltr'>semper</span> <span class='ocrx_word' id='word_1_310' title='bbox 562 2603 761 2657; x_wconf 91' lang='lat' dir='ltr'>idonei</span> <span class='ocrx_word' id='word_1_311' title='bbox 783 2621 795 2654; x_wconf 92' lang='lat'><strong>:</strong></span> <span class='ocrx_word' id='word_1_312' title='bbox 816 2618 938 2674; x_wconf 93' lang='lat' dir='ltr'>quo</span> <span class='ocrx_word' id='word_1_313' title='bbox 964 2619 999 2658; x_wconf 91' lang='lat' dir='ltr'>a</span> <span class='ocrx_word' id='word_1_314' title='bbox 1031 2608 1082 2658; x_wconf 93' lang='lat' dir='ltr'>te</span> <span class='ocrx_word' id='word_1_315' title='bbox 1106 2602 1401 2659; x_wconf 90' lang='lat' dir='ltr'>discentes</span> <span class='ocrx_word' id='word_1_316' title='bbox 1417 2620 1603 2675; x_wconf 88' lang='lat' dir='ltr'>quam</span> <span class='ocrx_word' id='word_1_317' title='bbox 1624 2603 1785 2658; x_wconf 90' lang='lat' dir='ltr'>mitis</span> 
     </span>
    </p>
   </div>
   <div class='ocr_carea' id='block_1_44' title="bbox 129 2691 1785 2763">
    <p class='ocr_par' dir='ltr' id='par_1_44' title="bbox 129 2691 1785 2763">
     <span class='ocr_line' id='line_1_44' title="bbox 129 2691 1785 2763; baseline 0 -16"><span class='ocrx_word' id='word_1_318' title='bbox 129 2694 203 2749; x_wconf 88' lang='lat' dir='ltr'>sis</span> <span class='ocrx_word' id='word_1_319' title='bbox 234 2698 293 2748; x_wconf 92' lang='lat' dir='ltr'>et</span> <span class='ocrx_word' id='word_1_320' title='bbox 324 2691 578 2748; x_wconf 90' lang='lat' dir='ltr'>humilis</span> <span class='ocrx_word' id='word_1_321' title='bbox 605 2691 781 2747; x_wconf 92' lang='lat' dir='ltr'>corde</span> <span class='ocrx_word' id='word_1_322' title='bbox 807 2709 819 2759; x_wconf 92' lang='lat'><strong>;</strong></span> <span class='ocrx_word' id='word_1_323' title='bbox 850 2697 904 2747; x_wconf 92' lang='lat' dir='ltr'>et</span> <span class='ocrx_word' id='word_1_324' title='bbox 930 2691 1223 2763; x_wconf 90' lang='lat' dir='ltr'>passionis</span> <span class='ocrx_word' id='word_1_325' title='bbox 1243 2697 1358 2747; x_wconf 79' lang='lat' dir='ltr'>tuae</span> <span class='ocrx_word' id='word_1_326' title='bbox 1386 2693 1785 2747; x_wconf 90' lang='lat' dir='ltr'>communice-</span> 
     </span>
    </p>
   </div>
   <div class='ocr_carea' id='block_1_45' title="bbox 131 2779 1785 2853">
    <p class='ocr_par' dir='ltr' id='par_1_45' title="bbox 131 2779 1785 2853">
     <span class='ocr_line' id='line_1_45' title="bbox 131 2779 1785 2853; baseline -0.001 -16"><span class='ocrx_word' id='word_1_327' title='bbox 131 2798 266 2837; x_wconf 87' lang='lat' dir='ltr'>mus</span> <span class='ocrx_word' id='word_1_328' title='bbox 286 2780 591 2852; x_wconf 90' lang='lat' dir='ltr'>exemplo,</span> <span class='ocrx_word' id='word_1_329' title='bbox 608 2784 664 2835; x_wconf 91' lang='lat' dir='ltr'>et</span> <span class='ocrx_word' id='word_1_330' title='bbox 678 2780 1065 2837; x_wconf 84' lang='lat' dir='ltr'>beatitudinis</span> <span class='ocrx_word' id='word_1_331' title='bbox 1079 2785 1313 2836; x_wconf 66' lang='lat' dir='ltr'>aeternae</span> <span class='ocrx_word' id='word_1_332' title='bbox 1329 2780 1631 2853; x_wconf 89' lang='lat' dir='ltr'>potiamur</span> <span class='ocrx_word' id='word_1_333' title='bbox 1644 2779 1785 2835; x_wconf 87' lang='lat' dir='ltr'>sub-</span> 
     </span>
    </p>
   </div>
   <div class='ocr_carea' id='block_1_46' title="bbox 132 2871 651 2937">
    <p class='ocr_par' dir='ltr' id='par_1_46' title="bbox 132 2871 651 2937">
     <span class='ocr_line' id='line_1_46' title="bbox 132 2871 651 2937; baseline -0.004 -12"><span class='ocrx_word' id='word_1_334' title='bbox 132 2871 303 2927; x_wconf 90' lang='lat' dir='ltr'>sidio.</span> <span class='ocrx_word' id='word_1_335' title='bbox 338 2882 407 2937; x_wconf 48' lang='lat' dir='ltr'>ly.</span> <span class='ocrx_word' id='word_1_336' title='bbox 440 2874 651 2925; x_wconf 82' lang='lat' dir='ltr'>Amen.</span> 
     </span>
    </p>
   </div>
   <div class='ocr_carea' id='block_1_47' title="bbox 201 2957 1789 3030">
    <p class='ocr_par' dir='ltr' id='par_1_47' title="bbox 201 2957 1789 3030">
     <span class='ocr_line' id='line_1_47' title="bbox 201 2957 1789 3030; baseline -0.001 -16"><span class='ocrx_word' id='word_1_337' title='bbox 201 2959 576 3027; x_wconf 79' lang='lat' dir='ltr'>Antiphona.</span> <span class='ocrx_word' id='word_1_338' title='bbox 608 2957 878 3013; x_wconf 87' lang='lat' dir='ltr'>Traditus</span> <span class='ocrx_word' id='word_1_339' title='bbox 919 2974 1050 3013; x_wconf 89' lang='lat' dir='ltr'>sum</span> <span class='ocrx_word' id='word_1_340' title='bbox 1084 2973 1274 3030; x_wconf 88' lang='lat' dir='ltr'>usque</span> <span class='ocrx_word' id='word_1_341' title='bbox 1307 2957 1368 3012; x_wconf 92' lang='lat' dir='ltr'>in</span> <span class='ocrx_word' id='word_1_342' title='bbox 1396 2972 1592 3014; x_wconf 83' lang='lat' dir='ltr'>mane.</span> <span class='ocrx_word' id='word_1_343' title='bbox 1624 2957 1789 3013; x_wconf 90' lang='lat' dir='ltr'>Oculi</span> 
     </span>
    </p>
   </div>
   <div class='ocr_carea' id='block_1_48' title="bbox 1892 1793 3538 1872">
    <p class='ocr_par' dir='ltr' id='par_1_48' title="bbox 1892 1793 3538 1872">
     <span class='ocr_line' id='line_1_48' title="bbox 1892 1793 3538 1872; baseline -0.004 -16"><span class='ocrx_word' id='word_1_344' title='bbox 1892 1816 2107 1872; x_wconf 90' lang='lat' dir='ltr'>porum</span> <span class='ocrx_word' id='word_1_345' title='bbox 2134 1799 2638 1872; x_wconf 89' lang='lat' dir='ltr'>tranquillitatem.</span> <span class='ocrx_word' id='word_1_346' title='bbox 2674 1798 2735 1853; x_wconf 93' lang='lat' dir='ltr'>P.</span> <span class='ocrx_word' id='word_1_347' title='bbox 2769 1798 3037 1864; x_wconf 90' lang='lat' dir='ltr'>Domine,</span> <span class='ocrx_word' id='word_1_348' title='bbox 3062 1795 3125 1854; x_wconf 55' lang='grc' dir='ltr'>νιν.</span> <span class='ocrx_word' id='word_1_349' title='bbox 3157 1793 3343 1865; x_wconf 87' lang='lat' dir='ltr'>Hujus</span> <span class='ocrx_word' id='word_1_350' title='bbox 3372 1794 3538 1849; x_wconf 90' lang='lat' dir='ltr'>urbis</span> 
     </span>
    </p>
   </div>
   <div class='ocr_carea' id='block_1_49' title="bbox 1892 1882 3536 1961">
    <p class='ocr_par' dir='ltr' id='par_1_49' title="bbox 1892 1882 3536 1961">
     <span class='ocr_line' id='line_1_49' title="bbox 1892 1882 3536 1961; baseline -0.004 -18"><span class='ocrx_word' id='word_1_351' title='bbox 1892 1889 2227 1945; x_wconf 90' lang='lat' dir='ltr'>subsidium</span> <span class='ocrx_word' id='word_1_352' title='bbox 2252 1888 2471 1961; x_wconf 79' lang='lat' dir='ltr'>praebe,</span> <span class='ocrx_word' id='word_1_353' title='bbox 2498 1892 2554 1943; x_wconf 92' lang='lat' dir='ltr'>et</span> <span class='ocrx_word' id='word_1_354' title='bbox 2581 1886 2755 1943; x_wconf 92' lang='lat' dir='ltr'>nobis</span> <span class='ocrx_word' id='word_1_355' title='bbox 2796 1885 3135 1957; x_wconf 90' lang='lat' dir='ltr'>propitiare.</span> <span class='ocrx_word' id='word_1_356' title='bbox 3169 1886 3239 1938; x_wconf 87' lang='grc' dir='ltr'><em>Ρ.</em></span> <span class='ocrx_word' id='word_1_357' title='bbox 3263 1882 3536 1950; x_wconf 89' lang='lat' dir='ltr'>Domine,</span> 
     </span>
    </p>
   </div>
   <div class='ocr_carea' id='block_1_50' title="bbox 1890 1972 3538 2049">
    <p class='ocr_par' dir='ltr' id='par_1_50' title="bbox 1890 1972 3538 2049">
     <span class='ocr_line' id='line_1_50' title="bbox 1890 1972 3538 2049; baseline -0.009 -10"><span class='ocrx_word' id='word_1_358' title='bbox 1890 1978 1953 2039; x_wconf 57' lang='grc' dir='ltr'>Υ.</span> <span class='ocrx_word' id='word_1_359' title='bbox 1986 1978 2162 2035; x_wconf 83' lang='lat' dir='ltr'>Aufer</span> <span class='ocrx_word' id='word_1_360' title='bbox 2199 1979 2414 2049; x_wconf 89' lang='lat' dir='ltr'>jugum</span> <span class='ocrx_word' id='word_1_361' title='bbox 2462 1975 2838 2049; x_wconf 82' lang='lat' dir='ltr'>captivitatis,</span> <span class='ocrx_word' id='word_1_362' title='bbox 2868 1973 3070 2029; x_wconf 92' lang='lat' dir='ltr'>labem</span> <span class='ocrx_word' id='word_1_363' title='bbox 3108 1972 3291 2045; x_wconf 87' lang='lat' dir='ltr'>pestis</span> <span class='ocrx_word' id='word_1_364' title='bbox 3320 1974 3377 2026; x_wconf 93' lang='lat' dir='ltr'>et</span> <span class='ocrx_word' id='word_1_365' title='bbox 3408 1985 3538 2041; x_wconf 89' lang='lat' dir='ltr'>ege-</span> 
     </span>
    </p>
   </div>
   <div class='ocr_carea' id='block_1_51' title="bbox 1894 2060 3544 2131">
    <p class='ocr_par' dir='ltr' id='par_1_51' title="bbox 1894 2060 3544 2131">
     <span class='ocr_line' id='line_1_51' title="bbox 1894 2060 3544 2131; baseline -0.005 -8"><span class='ocrx_word' id='word_1_366' title='bbox 1894 2069 2085 2125; x_wconf 89' lang='lat' dir='ltr'>statis.</span> <span class='ocrx_word' id='word_1_367' title='bbox 2117 2069 2185 2122; x_wconf 95' lang='lat' dir='ltr'>P.</span> <span class='ocrx_word' id='word_1_368' title='bbox 2224 2066 2499 2122; x_wconf 92' lang='lat' dir='ltr'>Domine.</span> <span class='ocrx_word' id='word_1_369' title='bbox 2527 2066 2803 2121; x_wconf 90' lang='lat' dir='ltr'>Dicamus</span> <span class='ocrx_word' id='word_1_370' title='bbox 2822 2077 3053 2119; x_wconf 92' lang='lat' dir='ltr'>omnes.</span> <span class='ocrx_word' id='word_1_371' title='bbox 3086 2060 3432 2131; x_wconf 74' lang='lat' dir='ltr'>Capitulum</span> <span class='ocrx_word' id='word_1_372' title='bbox 3453 2074 3544 2116; x_wconf 87' lang='lat' dir='ltr'>re-</span> 
     </span>
    </p>
   </div>
   <div class='ocr_carea' id='block_1_52' title="bbox 1891 2161 2076 2227">
    <p class='ocr_par' dir='ltr' id='par_1_52' title="bbox 1891 2161 2076 2227">
     <span class='ocr_line' id='line_1_52' title="bbox 1891 2161 2076 2227; baseline -0.022 -12"><span class='ocrx_word' id='word_1_373' title='bbox 1891 2161 2076 2227; x_wconf 77' lang='lat' dir='ltr'>petat.</span> 
     </span>
    </p>
   </div>
   <div class='ocr_carea' id='block_1_53' title="bbox 1969 2236 3544 2314">
    <p class='ocr_par' dir='ltr' id='par_1_53' title="bbox 1969 2236 3544 2314">
     <span class='ocr_line' id='line_1_53' title="bbox 1969 2236 3544 2314; baseline -0.006 -13"><span class='ocrx_word' id='word_1_374' title='bbox 1969 2247 2191 2303; x_wconf 80' lang='lat' dir='ltr'>Oratio.</span> <span class='ocrx_word' id='word_1_375' title='bbox 2214 2244 2437 2301; x_wconf 87' lang='lat' dir='ltr'>Christe</span> <span class='ocrx_word' id='word_1_376' title='bbox 2450 2243 2625 2312; x_wconf 90' lang='lat' dir='ltr'>Deus,</span> <span class='ocrx_word' id='word_1_377' title='bbox 2641 2242 2743 2314; x_wconf 89' lang='lat' dir='ltr'>qui</span> <span class='ocrx_word' id='word_1_378' title='bbox 2755 2239 3061 2298; x_wconf 86' lang='lat' dir='ltr'>Mumdum</span> <span class='ocrx_word' id='word_1_379' title='bbox 3074 2239 3317 2295; x_wconf 91' lang='lat' dir='ltr'>veniens</span> <span class='ocrx_word' id='word_1_380' title='bbox 3331 2236 3544 2292; x_wconf 89' lang='lat' dir='ltr'>libera-</span> 
     </span>
    </p>
   </div>
   <div class='ocr_carea' id='block_1_54' title="bbox 1899 2326 3543 2403">
    <p class='ocr_par' dir='ltr' id='par_1_54' title="bbox 1899 2326 3543 2403">
     <span class='ocr_line' id='line_1_54' title="bbox 1899 2326 3543 2403; baseline -0.007 -12"><span class='ocrx_word' id='word_1_381' title='bbox 1899 2338 2083 2403; x_wconf 90' lang='lat' dir='ltr'>turus,</span> <span class='ocrx_word' id='word_1_382' title='bbox 2102 2334 2163 2390; x_wconf 93' lang='lat' dir='ltr'>in</span> <span class='ocrx_word' id='word_1_383' title='bbox 2185 2332 2483 2389; x_wconf 89' lang='lat' dir='ltr'>canticum</span> <span class='ocrx_word' id='word_1_384' title='bbox 2502 2346 2567 2387; x_wconf 91' lang='lat' dir='ltr'>es</span> <span class='ocrx_word' id='word_1_385' title='bbox 2588 2330 2921 2387; x_wconf 83' lang='lat' dir='ltr'>inﬁdelium</span> <span class='ocrx_word' id='word_1_386' title='bbox 2938 2344 3163 2394; x_wconf 88' lang='lat' dir='ltr'>versus,</span> <span class='ocrx_word' id='word_1_387' title='bbox 3187 2326 3334 2381; x_wconf 91' lang='lat' dir='ltr'>dum</span> <span class='ocrx_word' id='word_1_388' title='bbox 3352 2330 3404 2381; x_wconf 92' lang='lat' dir='ltr'>te</span> <span class='ocrx_word' id='word_1_389' title='bbox 3421 2339 3543 2380; x_wconf 92' lang='lat' dir='ltr'>non</span> 
     </span>
    </p>
   </div>
   <div class='ocr_carea' id='block_1_55' title="bbox 1897 2415 3544 2493">
    <p class='ocr_par' dir='ltr' id='par_1_55' title="bbox 1897 2415 3544 2493">
     <span class='ocr_line' id='line_1_55' title="bbox 1897 2415 3544 2493; baseline -0.008 -12"><span class='ocrx_word' id='word_1_390' title='bbox 1897 2427 2291 2493; x_wconf 83' lang='lat' dir='ltr'>agnoscerent</span> <span class='ocrx_word' id='word_1_391' title='bbox 2314 2422 2521 2485; x_wconf 91' lang='lat' dir='ltr'>Deum,</span> <span class='ocrx_word' id='word_1_392' title='bbox 2537 2424 2595 2476; x_wconf 91' lang='lat' dir='ltr'>et</span> <span class='ocrx_word' id='word_1_393' title='bbox 2611 2420 2745 2476; x_wconf 93' lang='lat' dir='ltr'>ideo</span> <span class='ocrx_word' id='word_1_394' title='bbox 2766 2417 3259 2491; x_wconf 90' lang='lat' dir='ltr'>quasihominem</span> <span class='ocrx_word' id='word_1_395' title='bbox 3282 2415 3544 2470; x_wconf 87' lang='lat' dir='ltr'>iacesen-</span> 
     </span>
    </p>
   </div>
   <div class='ocr_carea' id='block_1_56' title="bbox 1895 2504 3542 2582">
    <p class='ocr_par' dir='ltr' id='par_1_56' title="bbox 1895 2504 3542 2582">
     <span class='ocr_line' id='line_1_56' title="bbox 1895 2504 3542 2582; baseline -0.006 -14"><span class='ocrx_word' id='word_1_396' title='bbox 1895 2514 2043 2568; x_wconf 91' lang='lat' dir='ltr'>dum</span> <span class='ocrx_word' id='word_1_397' title='bbox 2077 2510 2358 2568; x_wconf 86' lang='lat' dir='ltr'>conviciis</span> <span class='ocrx_word' id='word_1_398' title='bbox 2393 2513 2681 2582; x_wconf 90' lang='lat' dir='ltr'>appetunt</span> <span class='ocrx_word' id='word_1_399' title='bbox 2709 2528 2722 2576; x_wconf 93' lang='lat'><strong>;</strong></span> <span class='ocrx_word' id='word_1_400' title='bbox 2746 2509 2904 2577; x_wconf 85' lang='lat' dir='ltr'>erige</span> <span class='ocrx_word' id='word_1_401' title='bbox 2941 2522 3053 2562; x_wconf 91' lang='lat' dir='ltr'>nos</span> <span class='ocrx_word' id='word_1_402' title='bbox 3082 2504 3383 2578; x_wconf 83' lang='lat' dir='ltr'>passionis</span> <span class='ocrx_word' id='word_1_403' title='bbox 3426 2508 3542 2559; x_wconf 69' lang='lat' dir='ltr'>tuae</span> 
     </span>
    </p>
   </div>
   <div class='ocr_carea' id='block_1_57' title="bbox 1895 2591 3541 2672">
    <p class='ocr_par' dir='ltr' id='par_1_57' title="bbox 1895 2591 3541 2672">
     <span class='ocr_line' id='line_1_57' title="bbox 1895 2591 3541 2672; baseline -0.007 -16"><span class='ocrx_word' id='word_1_404' title='bbox 1895 2600 2188 2672; x_wconf 86' lang='lat' dir='ltr'>exemplo,</span> <span class='ocrx_word' id='word_1_405' title='bbox 2224 2605 2280 2655; x_wconf 92' lang='lat' dir='ltr'>et</span> <span class='ocrx_word' id='word_1_406' title='bbox 2300 2600 2489 2654; x_wconf 87' lang='lat' dir='ltr'>crucis</span> <span class='ocrx_word' id='word_1_407' title='bbox 2508 2596 2885 2652; x_wconf 89' lang='lat' dir='ltr'>circumvalla</span> <span class='ocrx_word' id='word_1_408' title='bbox 2912 2594 3169 2667; x_wconf 90' lang='lat' dir='ltr'>presidio</span> <span class='ocrx_word' id='word_1_409' title='bbox 3194 2612 3211 2663; x_wconf 78' lang='lat'>;</span> <span class='ocrx_word' id='word_1_410' title='bbox 3244 2597 3305 2646; x_wconf 92' lang='lat' dir='ltr'>ut</span> <span class='ocrx_word' id='word_1_411' title='bbox 3334 2595 3390 2646; x_wconf 91' lang='lat' dir='ltr'>et</span> <span class='ocrx_word' id='word_1_412' title='bbox 3414 2591 3541 2646; x_wconf 87' lang='lat' dir='ltr'>inﬁ-</span> 
     </span>
    </p>
   </div>
   <div class='ocr_carea' id='block_1_58' title="bbox 1894 2677 3542 2759">
    <p class='ocr_par' dir='ltr' id='par_1_58' title="bbox 1894 2677 3542 2759">
     <span class='ocr_line' id='line_1_58' title="bbox 1894 2677 3542 2759; baseline -0.008 -15"><span class='ocrx_word' id='word_1_413' title='bbox 1894 2689 2102 2744; x_wconf 88' lang='lat' dir='ltr'>delitas</span> <span class='ocrx_word' id='word_1_414' title='bbox 2142 2704 2247 2759; x_wconf 89' lang='lat' dir='ltr'>per</span> <span class='ocrx_word' id='word_1_415' title='bbox 2301 2693 2354 2742; x_wconf 90' lang='lat' dir='ltr'>te</span> <span class='ocrx_word' id='word_1_416' title='bbox 2403 2686 2657 2741; x_wconf 90' lang='lat' dir='ltr'>confusu</span> <span class='ocrx_word' id='word_1_417' title='bbox 2702 2684 3016 2755; x_wconf 88' lang='lat' dir='ltr'>dispereat,</span> <span class='ocrx_word' id='word_1_418' title='bbox 3051 2686 3103 2736; x_wconf 93' lang='lat' dir='ltr'>et</span> <span class='ocrx_word' id='word_1_419' title='bbox 3133 2695 3371 2735; x_wconf 88' lang='lat' dir='ltr'>rursum</span> <span class='ocrx_word' id='word_1_420' title='bbox 3400 2677 3542 2732; x_wconf 84' lang='lat' dir='ltr'>ﬁde—</span> 
     </span>
    </p>
   </div>
   <div class='ocr_carea' id='block_1_59' title="bbox 1895 2772 3261 2845">
    <p class='ocr_par' dir='ltr' id='par_1_59' title="bbox 1895 2772 3261 2845">
     <span class='ocr_line' id='line_1_59' title="bbox 1895 2772 3261 2845; baseline -0.009 -12"><span class='ocrx_word' id='word_1_421' title='bbox 1895 2779 2026 2833; x_wconf 89' lang='lat' dir='ltr'>litas</span> <span class='ocrx_word' id='word_1_422' title='bbox 2052 2793 2088 2832; x_wconf 93' lang='lat' dir='ltr'>a</span> <span class='ocrx_word' id='word_1_423' title='bbox 2117 2781 2171 2832; x_wconf 92' lang='lat' dir='ltr'>te</span> <span class='ocrx_word' id='word_1_424' title='bbox 2211 2773 2558 2831; x_wconf 89' lang='lat' dir='ltr'>coronanda</span> <span class='ocrx_word' id='word_1_425' title='bbox 2587 2772 2917 2845; x_wconf 89' lang='lat' dir='ltr'>perveniat.</span> <span class='ocrx_word' id='word_1_426' title='bbox 2959 2781 3020 2840; x_wconf 51' lang='lat' dir='ltr'>ty.</span> <span class='ocrx_word' id='word_1_427' title='bbox 3051 2774 3261 2823; x_wconf 85' lang='lat' dir='ltr'>Amen.</span> 
     </span>
    </p>
   </div>
   <div class='ocr_carea' id='block_1_60' title="bbox 1965 2856 3542 2935">
    <p class='ocr_par' dir='ltr' id='par_1_60' title="bbox 1965 2856 3542 2935">
     <span class='ocr_line' id='line_1_60' title="bbox 1965 2856 3542 2935; baseline -0.008 -15"><span class='ocrx_word' id='word_1_428' title='bbox 1965 2864 2335 2935; x_wconf 74' lang='lat' dir='ltr'>Antiphona.</span> <span class='ocrx_word' id='word_1_429' title='bbox 2351 2860 2648 2917; x_wconf 90' lang='lat' dir='ltr'>Persecuti</span> <span class='ocrx_word' id='word_1_430' title='bbox 2670 2864 2808 2915; x_wconf 90' lang='lat' dir='ltr'>sunt</span> <span class='ocrx_word' id='word_1_431' title='bbox 2826 2858 3132 2915; x_wconf 90' lang='lat' dir='ltr'>hominem</span> <span class='ocrx_word' id='word_1_432' title='bbox 3150 2868 3467 2927; x_wconf 87' lang='lat' dir='ltr'>pauperem</span> <span class='ocrx_word' id='word_1_433' title='bbox 3485 2856 3542 2909; x_wconf 92' lang='lat' dir='ltr'>et</span> 
     </span>
    </p>
   </div>
   <div class='ocr_carea' id='block_1_61' title="bbox 1898 2943 3541 3022">
    <p class='ocr_par' dir='ltr' id='par_1_61' title="bbox 1898 2943 3541 3022">
     <span class='ocr_line' id='line_1_61' title="bbox 1898 2943 3541 3022; baseline -0.008 -12"><span class='ocrx_word' id='word_1_434' title='bbox 1898 2954 2263 3017; x_wconf 89' lang='lat' dir='ltr'>mendicum,</span> <span class='ocrx_word' id='word_1_435' title='bbox 2277 2954 2761 3022; x_wconf 87' lang='lat' dir='ltr'>etcompunctum</span> <span class='ocrx_word' id='word_1_436' title='bbox 2777 2947 2954 3003; x_wconf 91' lang='lat' dir='ltr'>corde</span> <span class='ocrx_word' id='word_1_437' title='bbox 2969 2944 3134 3001; x_wconf 90' lang='lat' dir='ltr'>morti</span> <span class='ocrx_word' id='word_1_438' title='bbox 3151 2943 3541 2999; x_wconf 89' lang='lat' dir='ltr'>tradiderunt.</span> 
     </span>
    </p>
   </div>
   <div class='ocr_carea' id='block_1_62' title="bbox 132 3032 3548 3126">
    <p class='ocr_par' dir='ltr' id='par_1_62' title="bbox 132 3032 3548 3126">
     <span class='ocr_line' id='line_1_62' title="bbox 132 3032 3548 3126; baseline -0.006 -23"><span class='ocrx_word' id='word_1_439' title='bbox 132 3048 250 3103; x_wconf 88' lang='lat' dir='ltr'>mei</span> <span class='ocrx_word' id='word_1_440' title='bbox 273 3046 645 3111; x_wconf 88' lang='lat' dir='ltr'>defecerunt,</span> <span class='ocrx_word' id='word_1_441' title='bbox 668 3046 813 3101; x_wconf 91' lang='lat' dir='ltr'>dum</span> <span class='ocrx_word' id='word_1_442' title='bbox 835 3046 1060 3119; x_wconf 87' lang='lat' dir='ltr'>aspicio</span> <span class='ocrx_word' id='word_1_443' title='bbox 1085 3046 1147 3101; x_wconf 93' lang='lat' dir='ltr'>in</span> <span class='ocrx_word' id='word_1_444' title='bbox 1165 3045 1541 3102; x_wconf 91' lang='lat' dir='ltr'>altitudinem</span> <span class='ocrx_word' id='word_1_445' title='bbox 1565 3046 1696 3101; x_wconf 77' lang='lat' dir='ltr'>coeli</span> <span class='ocrx_word' id='word_1_446' title='bbox 1714 3046 1789 3103; x_wconf 93' lang='lat' dir='ltr'>ad</span> <span class='ocrx_word' id='word_1_447' title='bbox 1830 3068 1870 3126; x_wconf 69' lang='grc' dir='ltr'>ο</span> <span class='ocrx_word' id='word_1_448' title='bbox 1899 3044 1961 3105; x_wconf 54' lang='grc' dir='ltr'>ἲν.</span> <span class='ocrx_word' id='word_1_449' title='bbox 1989 3045 2165 3110; x_wconf 90' lang='lat' dir='ltr'>Deus,</span> <span class='ocrx_word' id='word_1_450' title='bbox 2186 3040 2429 3097; x_wconf 91' lang='lat' dir='ltr'>laudem</span> <span class='ocrx_word' id='word_1_451' title='bbox 2460 3054 2660 3094; x_wconf 90' lang='lat' dir='ltr'>meam</span> <span class='ocrx_word' id='word_1_452' title='bbox 2708 3053 2782 3093; x_wconf 93' lang='lat' dir='ltr'>ne</span> <span class='ocrx_word' id='word_1_453' title='bbox 2809 3035 3062 3091; x_wconf 90' lang='lat' dir='ltr'>tacueris</span> <span class='ocrx_word' id='word_1_454' title='bbox 3093 3049 3104 3089; x_wconf 90' lang='lat'>:</span> <span class='ocrx_word' id='word_1_455' title='bbox 3138 3032 3427 3105; x_wconf 89' lang='lat' dir='ltr'>quoniam</span> <span class='ocrx_word' id='word_1_456' title='bbox 3479 3045 3548 3086; x_wconf 90' lang='lat' dir='ltr'>os</span> 
     </span>
    </p>
   </div>
   <div class='ocr_carea' id='block_1_63' title="bbox 136 3134 1795 3207">
    <p class='ocr_par' dir='ltr' id='par_1_63' title="bbox 136 3134 1795 3207">
     <span class='ocr_line' id='line_1_63' title="bbox 136 3134 1795 3207; baseline 0.001 -17"><span class='ocrx_word' id='word_1_457' title='bbox 136 3136 486 3200; x_wconf 89' lang='lat' dir='ltr'>Dominum,</span> <span class='ocrx_word' id='word_1_458' title='bbox 516 3135 621 3207; x_wconf 90' lang='lat' dir='ltr'>qui</span> <span class='ocrx_word' id='word_1_459' title='bbox 642 3135 922 3191; x_wconf 89' lang='lat' dir='ltr'>misertus</span> <span class='ocrx_word' id='word_1_460' title='bbox 944 3139 1032 3190; x_wconf 90' lang='lat' dir='ltr'>est</span> <span class='ocrx_word' id='word_1_461' title='bbox 1056 3135 1194 3190; x_wconf 91' lang='lat' dir='ltr'>mei.</span> <span class='ocrx_word' id='word_1_462' title='bbox 1225 3134 1286 3195; x_wconf 54' lang='grc' dir='ltr'>Ψ.</span> <span class='ocrx_word' id='word_1_463' title='bbox 1312 3135 1612 3207; x_wconf 90' lang='lat' dir='ltr'>Numquid</span> <span class='ocrx_word' id='word_1_464' title='bbox 1637 3150 1795 3191; x_wconf 87' lang='lat' dir='ltr'>mor-</span> 
     </span>
    </p>
   </div>
   <div class='ocr_carea' id='block_1_64' title="bbox 136 3224 1797 3289">
    <p class='ocr_par' dir='ltr' id='par_1_64' title="bbox 136 3224 1797 3289">
     <span class='ocr_line' id='line_1_64' title="bbox 136 3224 1797 3289; baseline 0 -8"><span class='ocrx_word' id='word_1_465' title='bbox 136 3226 254 3281; x_wconf 89' lang='lat' dir='ltr'>tuis</span> <span class='ocrx_word' id='word_1_466' title='bbox 278 3225 465 3280; x_wconf 87' lang='lat' dir='ltr'>facies</span> <span class='ocrx_word' id='word_1_467' title='bbox 498 3224 796 3280; x_wconf 90' lang='lat' dir='ltr'>mirabilia</span> <span class='ocrx_word' id='word_1_468' title='bbox 828 3241 840 3279; x_wconf 93' lang='lat'>:</span> <span class='ocrx_word' id='word_1_469' title='bbox 879 3229 979 3281; x_wconf 90' lang='lat' dir='ltr'>aut</span> <span class='ocrx_word' id='word_1_470' title='bbox 1006 3224 1223 3279; x_wconf 92' lang='lat' dir='ltr'>medici</span> <span class='ocrx_word' id='word_1_471' title='bbox 1253 3224 1718 3289; x_wconf 85' lang='lat' dir='ltr'>exsuscitabunt,</span> <span class='ocrx_word' id='word_1_472' title='bbox 1742 3228 1797 3281; x_wconf 92' lang='lat' dir='ltr'>et</span> 
     </span>
    </p>
   </div>
   <div class='ocr_carea' id='block_1_65' title="bbox 136 3312 772 3370">
    <p class='ocr_par' dir='ltr' id='par_1_65' title="bbox 136 3312 772 3370">
     <span class='ocr_line' id='line_1_65' title="bbox 136 3312 772 3370; baseline -0.005 0"><span class='ocrx_word' id='word_1_473' title='bbox 136 3312 588 3370; x_wconf 82' lang='lat' dir='ltr'>conﬁtebuntur</span> <span class='ocrx_word' id='word_1_474' title='bbox 620 3312 722 3368; x_wconf 89' lang='lat' dir='ltr'>tibi</span> <span class='ocrx_word' id='word_1_475' title='bbox 744 3312 772 3367; x_wconf 86' lang='lat'><strong>?</strong></span> 
     </span>
    </p>
   </div>
   <div class='ocr_carea' id='block_1_66' title="bbox 209 3399 1262 3472">
    <p class='ocr_par' dir='ltr' id='par_1_66' title="bbox 209 3399 1262 3472">
     <span class='ocr_line' id='line_1_66' title="bbox 209 3399 1262 3472; baseline -0.003 -15"><span class='ocrx_word' id='word_1_476' title='bbox 209 3404 444 3458; x_wconf 84' lang='lat' dir='ltr'>Preces.</span> <span class='ocrx_word' id='word_1_477' title='bbox 488 3403 882 3472; x_wconf 89' lang='lat' dir='ltr'>Deprecemur</span> <span class='ocrx_word' id='word_1_478' title='bbox 923 3399 1262 3455; x_wconf 90' lang='lat' dir='ltr'>Dominum.</span> 
     </span>
    </p>
   </div>
   <div class='ocr_carea' id='block_1_67' title="bbox 201 3488 1797 3558">
    <p class='ocr_par' dir='ltr' id='par_1_67' title="bbox 201 3488 1797 3558">
     <span class='ocr_line' id='line_1_67' title="bbox 201 3488 1797 3558; baseline -0.001 -11"><span class='ocrx_word' id='word_1_479' title='bbox 201 3492 436 3548; x_wconf 81' lang='lat' dir='ltr'>Preces.</span> <span class='ocrx_word' id='word_1_480' title='bbox 470 3491 749 3546; x_wconf 89' lang='lat' dir='ltr'>Dicamus</span> <span class='ocrx_word' id='word_1_481' title='bbox 779 3505 992 3545; x_wconf 91' lang='lat' dir='ltr'>omnes</span> <span class='ocrx_word' id='word_1_482' title='bbox 1030 3505 1041 3544; x_wconf 89' lang='lat'>:</span> <span class='ocrx_word' id='word_1_483' title='bbox 1078 3490 1143 3544; x_wconf 91' lang='lat' dir='ltr'>P.</span> <span class='ocrx_word' id='word_1_484' title='bbox 1183 3489 1453 3554; x_wconf 83' lang='lat' dir='ltr'>Domine,</span> <span class='ocrx_word' id='word_1_485' title='bbox 1478 3488 1718 3558; x_wconf 84' lang='lat' dir='ltr'>exaudi,</span> <span class='ocrx_word' id='word_1_486' title='bbox 1742 3494 1797 3546; x_wconf 93' lang='lat' dir='ltr'>et</span> 
     </span>
    </p>
   </div>
   <div class='ocr_carea' id='block_1_68' title="bbox 136 3578 1798 3649">
    <p class='ocr_par' dir='ltr' id='par_1_68' title="bbox 136 3578 1798 3649">
     <span class='ocr_line' id='line_1_68' title="bbox 136 3578 1798 3649; baseline -0.002 -12"><span class='ocrx_word' id='word_1_487' title='bbox 136 3582 444 3637; x_wconf 85' lang='lat' dir='ltr'>miserere.</span> <span class='ocrx_word' id='word_1_488' title='bbox 477 3579 541 3640; x_wconf 46' lang='lat'>1&#39;.</span> <span class='ocrx_word' id='word_1_489' title='bbox 572 3581 702 3634; x_wconf 84' lang='lat' dir='ltr'>Jam</span> <span class='ocrx_word' id='word_1_490' title='bbox 728 3578 984 3648; x_wconf 85' lang='lat' dir='ltr'>gemitus</span> <span class='ocrx_word' id='word_1_491' title='bbox 1013 3579 1248 3649; x_wconf 90' lang='lat' dir='ltr'>suscipe</span> <span class='ocrx_word' id='word_1_492' title='bbox 1275 3578 1711 3649; x_wconf 88' lang='lat' dir='ltr'>poenitentium,</span> <span class='ocrx_word' id='word_1_493' title='bbox 1742 3581 1798 3634; x_wconf 89' lang='lat' dir='ltr'>et</span> 
     </span>
    </p>
   </div>
   <div class='ocr_carea' id='block_1_69' title="bbox 136 3666 1796 3737">
    <p class='ocr_par' dir='ltr' id='par_1_69' title="bbox 136 3666 1796 3737">
     <span class='ocr_line' id='line_1_69' title="bbox 136 3666 1796 3737; baseline -0.002 -12"><span class='ocrx_word' id='word_1_494' title='bbox 136 3674 419 3725; x_wconf 85' lang='lat' dir='ltr'>converte</span> <span class='ocrx_word' id='word_1_495' title='bbox 449 3668 652 3737; x_wconf 87' lang='lat' dir='ltr'>gratiae</span> <span class='ocrx_word' id='word_1_496' title='bbox 678 3672 792 3722; x_wconf 77' lang='lat' dir='ltr'>tuae</span> <span class='ocrx_word' id='word_1_497' title='bbox 828 3666 1080 3723; x_wconf 88' lang='lat' dir='ltr'>vultum.</span> <span class='ocrx_word' id='word_1_498' title='bbox 1108 3667 1172 3720; x_wconf 95' lang='lat' dir='ltr'>P.</span> <span class='ocrx_word' id='word_1_499' title='bbox 1200 3667 1467 3722; x_wconf 92' lang='lat' dir='ltr'>Domine.</span> <span class='ocrx_word' id='word_1_500' title='bbox 1486 3666 1554 3735; x_wconf 54' lang='grc' dir='ltr'>γ.</span> <span class='ocrx_word' id='word_1_501' title='bbox 1580 3667 1796 3722; x_wconf 81' lang='lat' dir='ltr'>Adesto</span> 
     </span>
    </p>
   </div>
   <div class='ocr_carea' id='block_1_70' title="bbox 133 3756 1798 3829">
    <p class='ocr_par' dir='ltr' id='par_1_70' title="bbox 133 3756 1798 3829">
     <span class='ocr_line' id='line_1_70' title="bbox 133 3756 1798 3829; baseline -0.002 -15"><span class='ocrx_word' id='word_1_502' title='bbox 133 3759 375 3815; x_wconf 86' lang='lat' dir='ltr'>miseris</span> <span class='ocrx_word' id='word_1_503' title='bbox 400 3757 757 3829; x_wconf 92' lang='lat' dir='ltr'>deprecatus</span> <span class='ocrx_word' id='word_1_504' title='bbox 786 3771 798 3810; x_wconf 93' lang='lat'><strong>:</strong></span> <span class='ocrx_word' id='word_1_505' title='bbox 832 3756 1042 3811; x_wconf 89' lang='lat' dir='ltr'>adesto</span> <span class='ocrx_word' id='word_1_506' title='bbox 1070 3771 1307 3828; x_wconf 91' lang='lat' dir='ltr'>semper</span> <span class='ocrx_word' id='word_1_507' title='bbox 1332 3761 1557 3821; x_wconf 87' lang='lat' dir='ltr'>oratus,</span> <span class='ocrx_word' id='word_1_508' title='bbox 1588 3757 1664 3811; x_wconf 91' lang='lat' dir='ltr'>P.</span> <span class='ocrx_word' id='word_1_509' title='bbox 1688 3756 1798 3811; x_wconf 86' lang='lat' dir='ltr'>Do-</span> 
     </span>
    </p>
   </div>
   <div class='ocr_carea' id='block_1_71' title="bbox 132 3844 1797 3917">
    <p class='ocr_par' dir='ltr' id='par_1_71' title="bbox 132 3844 1797 3917">
     <span class='ocr_line' id='line_1_71' title="bbox 132 3844 1797 3917; baseline -0.002 -14"><span class='ocrx_word' id='word_1_510' title='bbox 132 3849 319 3903; x_wconf 90' lang='lat' dir='ltr'>mine.</span> <span class='ocrx_word' id='word_1_511' title='bbox 344 3846 408 3904; x_wconf 60' lang='grc' dir='ltr'>ῒτ.</span> <span class='ocrx_word' id='word_1_512' title='bbox 436 3849 515 3901; x_wconf 85' lang='lat' dir='ltr'><strong>Ne</strong></span> <span class='ocrx_word' id='word_1_513' title='bbox 534 3844 1343 3917; x_wconf 88' lang='lat' dir='ltr'>pertinaciadelinquentium</span> <span class='ocrx_word' id='word_1_514' title='bbox 1361 3846 1476 3916; x_wconf 79' lang='lat'>36</span> <span class='ocrx_word' id='word_1_515' title='bbox 1490 3848 1532 3915; x_wconf 83' lang='grc' dir='ltr'>ι</span> <span class='ocrx_word' id='word_1_516' title='bbox 1554 3846 1797 3901; x_wconf 88' lang='lat' dir='ltr'>misera-</span> 
     </span>
    </p>
   </div>
   <div class='ocr_carea' id='block_1_72' title="bbox 131 3934 1797 4006">
    <p class='ocr_par' dir='ltr' id='par_1_72' title="bbox 131 3934 1797 4006">
     <span class='ocr_line' id='line_1_72' title="bbox 131 3934 1797 4006; baseline -0.002 -14"><span class='ocrx_word' id='word_1_517' title='bbox 131 3937 363 3992; x_wconf 87' lang='lat' dir='ltr'>tionem</span> <span class='ocrx_word' id='word_1_518' title='bbox 394 3940 512 3991; x_wconf 72' lang='lat' dir='ltr'>tuaa</span> <span class='ocrx_word' id='word_1_519' title='bbox 551 3935 786 4006; x_wconf 91' lang='lat' dir='ltr'>pietatis</span> <span class='ocrx_word' id='word_1_520' title='bbox 815 3938 1060 3990; x_wconf 87' lang='lat' dir='ltr'>avertat.</span> <span class='ocrx_word' id='word_1_521' title='bbox 1096 3936 1171 3991; x_wconf 92' lang='lat' dir='ltr'>P.</span> <span class='ocrx_word' id='word_1_522' title='bbox 1209 3934 1476 3990; x_wconf 90' lang='lat' dir='ltr'>Domine.</span> <span class='ocrx_word' id='word_1_523' title='bbox 1521 3934 1797 3989; x_wconf 89' lang='lat' dir='ltr'>Dicamus</span> 
     </span>
    </p>
   </div>
   <div class='ocr_carea' id='block_1_73' title="bbox 132 4024 1224 4093">
    <p class='ocr_par' dir='ltr' id='par_1_73' title="bbox 132 4024 1224 4093">
     <span class='ocr_line' id='line_1_73' title="bbox 132 4024 1224 4093; baseline -0.004 -11"><span class='ocrx_word' id='word_1_524' title='bbox 132 4041 356 4082; x_wconf 87' lang='lat' dir='ltr'>omnes</span> <span class='ocrx_word' id='word_1_525' title='bbox 388 4044 401 4080; x_wconf 87' lang='lat'>:</span> <span class='ocrx_word' id='word_1_526' title='bbox 440 4024 789 4093; x_wconf 81' lang='lat' dir='ltr'>Capitutum</span> <span class='ocrx_word' id='word_1_527' title='bbox 829 4030 1080 4093; x_wconf 80' lang='lat' dir='ltr'>repetat,</span> <span class='ocrx_word' id='word_1_528' title='bbox 1118 4029 1224 4079; x_wconf 88' lang='lat' dir='ltr'>etc.</span> 
     </span>
    </p>
   </div>
   <div class='ocr_carea' id='block_1_74' title="bbox 215 4110 1800 4183">
    <p class='ocr_par' dir='ltr' id='par_1_74' title="bbox 215 4110 1800 4183">
     <span class='ocr_line' id='line_1_74' title="bbox 215 4110 1800 4183; baseline -0.002 -14"><span class='ocrx_word' id='word_1_529' title='bbox 215 4114 447 4169; x_wconf 71' lang='lat' dir='ltr'>Oratio.</span> <span class='ocrx_word' id='word_1_530' title='bbox 468 4113 717 4170; x_wconf 90' lang='lat' dir='ltr'>Domine</span> <span class='ocrx_word' id='word_1_531' title='bbox 743 4115 879 4168; x_wconf 86' lang='lat' dir='ltr'>Jesu</span> <span class='ocrx_word' id='word_1_532' title='bbox 896 4112 1143 4178; x_wconf 90' lang='lat' dir='ltr'>Christe,</span> <span class='ocrx_word' id='word_1_533' title='bbox 1171 4111 1271 4182; x_wconf 87' lang='lat' dir='ltr'>qui</span> <span class='ocrx_word' id='word_1_534' title='bbox 1296 4126 1405 4183; x_wconf 91' lang='lat' dir='ltr'>pro</span> <span class='ocrx_word' id='word_1_535' title='bbox 1426 4110 1601 4166; x_wconf 86' lang='lat' dir='ltr'>nobis</span> <span class='ocrx_word' id='word_1_536' title='bbox 1623 4110 1800 4166; x_wconf 91' lang='lat' dir='ltr'>tradi-</span> 
     </span>
    </p>
   </div>
   <div class='ocr_carea' id='block_1_75' title="bbox 143 4198 1801 4273">
    <p class='ocr_par' dir='ltr' id='par_1_75' title="bbox 143 4198 1801 4273">
     <span class='ocr_line' id='line_1_75' title="bbox 143 4198 1801 4273; baseline -0.002 -16"><span class='ocrx_word' id='word_1_537' title='bbox 143 4207 247 4257; x_wconf 87' lang='lat' dir='ltr'>tus</span> <span class='ocrx_word' id='word_1_538' title='bbox 269 4216 339 4256; x_wconf 86' lang='lat' dir='ltr'>es</span> <span class='ocrx_word' id='word_1_539' title='bbox 368 4202 443 4256; x_wconf 87' lang='lat' dir='ltr'>ad</span> <span class='ocrx_word' id='word_1_540' title='bbox 464 4206 739 4267; x_wconf 91' lang='lat' dir='ltr'>mortem,</span> <span class='ocrx_word' id='word_1_541' title='bbox 759 4205 815 4256; x_wconf 90' lang='lat' dir='ltr'>et</span> <span class='ocrx_word' id='word_1_542' title='bbox 835 4201 993 4256; x_wconf 91' lang='lat' dir='ltr'>cruci</span> <span class='ocrx_word' id='word_1_543' title='bbox 1017 4215 1347 4273; x_wconf 88' lang='lat' dir='ltr'>appensus,</span> <span class='ocrx_word' id='word_1_544' title='bbox 1373 4214 1442 4254; x_wconf 89' lang='lat' dir='ltr'>ac</span> <span class='ocrx_word' id='word_1_545' title='bbox 1463 4198 1680 4271; x_wconf 90' lang='lat' dir='ltr'>poculo</span> <span class='ocrx_word' id='word_1_546' title='bbox 1700 4199 1801 4254; x_wconf 86' lang='lat' dir='ltr'>fel-</span> 
     </span>
    </p>
   </div>
   <div class='ocr_carea' id='block_1_76' title="bbox 135 4290 1800 4361">
    <p class='ocr_par' dir='ltr' id='par_1_76' title="bbox 135 4290 1800 4361">
     <span class='ocr_line' id='line_1_76' title="bbox 135 4290 1800 4361; baseline -0.002 -16"><span class='ocrx_word' id='word_1_547' title='bbox 135 4290 214 4345; x_wconf 88' lang='lat' dir='ltr'>lis</span> <span class='ocrx_word' id='word_1_548' title='bbox 243 4305 386 4345; x_wconf 87' lang='lat' dir='ltr'>cum</span> <span class='ocrx_word' id='word_1_549' title='bbox 415 4296 579 4346; x_wconf 90' lang='lat' dir='ltr'>aceto</span> <span class='ocrx_word' id='word_1_550' title='bbox 620 4293 859 4361; x_wconf 89' lang='lat' dir='ltr'>potatus</span> <span class='ocrx_word' id='word_1_551' title='bbox 886 4290 1181 4361; x_wconf 84' lang='lat' dir='ltr'>;gemitus</span> <span class='ocrx_word' id='word_1_552' title='bbox 1215 4303 1521 4343; x_wconf 90' lang='lat' dir='ltr'>servorum</span> <span class='ocrx_word' id='word_1_553' title='bbox 1558 4292 1800 4342; x_wconf 90' lang='lat' dir='ltr'>tuorum</span> 
     </span>
    </p>
   </div>
   <div class='ocr_carea' id='block_1_77' title="bbox 1903 3125 3407 3205">
    <p class='ocr_par' dir='ltr' id='par_1_77' title="bbox 1903 3125 3407 3205">
     <span class='ocr_line' id='line_1_77' title="bbox 1903 3125 3407 3205; baseline -0.01 -17"><span class='ocrx_word' id='word_1_554' title='bbox 1903 3130 2232 3205; x_wconf 88' lang='lat' dir='ltr'>peccatoris</span> <span class='ocrx_word' id='word_1_555' title='bbox 2263 3134 2320 3185; x_wconf 91' lang='lat' dir='ltr'>et</span> <span class='ocrx_word' id='word_1_556' title='bbox 2343 3145 2410 3185; x_wconf 92' lang='lat' dir='ltr'>os</span> <span class='ocrx_word' id='word_1_557' title='bbox 2439 3127 2628 3183; x_wconf 92' lang='lat' dir='ltr'>dolosi</span> <span class='ocrx_word' id='word_1_558' title='bbox 2654 3139 2833 3197; x_wconf 91' lang='lat' dir='ltr'>super</span> <span class='ocrx_word' id='word_1_559' title='bbox 2864 3140 2959 3180; x_wconf 91' lang='lat' dir='ltr'>me</span> <span class='ocrx_word' id='word_1_560' title='bbox 2988 3126 3262 3195; x_wconf 87' lang='lat' dir='ltr'>apertum</span> <span class='ocrx_word' id='word_1_561' title='bbox 3302 3125 3407 3174; x_wconf 91' lang='lat' dir='ltr'>est.</span> 
     </span>
    </p>
   </div>
   <div class='ocr_carea' id='block_1_78' title="bbox 1975 3208 3332 3291">
    <p class='ocr_par' dir='ltr' id='par_1_78' title="bbox 1975 3208 3332 3291">
     <span class='ocr_line' id='line_1_78' title="bbox 1975 3208 3332 3291; baseline -0.01 -14"><span class='ocrx_word' id='word_1_562' title='bbox 1975 3222 2205 3277; x_wconf 84' lang='lat' dir='ltr'>Preces.</span> <span class='ocrx_word' id='word_1_563' title='bbox 2238 3221 2634 3291; x_wconf 89' lang='lat' dir='ltr'>Deprecemur</span> <span class='ocrx_word' id='word_1_564' title='bbox 2657 3215 2997 3276; x_wconf 89' lang='lat' dir='ltr'>Dominum,</span> <span class='ocrx_word' id='word_1_565' title='bbox 3030 3218 3095 3266; x_wconf 85' lang='lat' dir='ltr'>ut</span> <span class='ocrx_word' id='word_1_566' title='bbox 3117 3208 3332 3279; x_wconf 74' lang='lat' dir='ltr'>supra.</span> 
     </span>
    </p>
   </div>
   <div class='ocr_carea' id='block_1_79' title="bbox 1976 3294 3556 3366">
    <p class='ocr_par' dir='ltr' id='par_1_79' title="bbox 1976 3294 3556 3366">
     <span class='ocr_line' id='line_1_79' title="bbox 1976 3294 3556 3366; baseline -0.012 0"><span class='ocrx_word' id='word_1_567' title='bbox 1976 3312 2211 3366; x_wconf 85' lang='lat' dir='ltr'>Preces.</span> <span class='ocrx_word' id='word_1_568' title='bbox 2246 3308 2520 3363; x_wconf 89' lang='lat' dir='ltr'>Dicamus</span> <span class='ocrx_word' id='word_1_569' title='bbox 2551 3320 2763 3361; x_wconf 90' lang='lat' dir='ltr'>omnes</span> <span class='ocrx_word' id='word_1_570' title='bbox 2790 3322 2802 3361; x_wconf 90' lang='lat'>:</span> <span class='ocrx_word' id='word_1_571' title='bbox 2836 3302 2902 3355; x_wconf 95' lang='lat' dir='ltr'>P.</span> <span class='ocrx_word' id='word_1_572' title='bbox 2930 3300 3199 3362; x_wconf 90' lang='lat' dir='ltr'>Domine,</span> <span class='ocrx_word' id='word_1_573' title='bbox 3230 3294 3466 3359; x_wconf 85' lang='lat' dir='ltr'>exaudi,</span> <span class='ocrx_word' id='word_1_574' title='bbox 3499 3296 3556 3348; x_wconf 94' lang='lat' dir='ltr'>et</span> 
     </span>
    </p>
   </div>
   <div class='ocr_carea' id='block_1_80' title="bbox 1908 3380 3552 3463">
    <p class='ocr_par' dir='ltr' id='par_1_80' title="bbox 1908 3380 3552 3463">
     <span class='ocr_line' id='line_1_80' title="bbox 1908 3380 3552 3463; baseline -0.013 -8"><span class='ocrx_word' id='word_1_575' title='bbox 1908 3399 2207 3455; x_wconf 91' lang='lat' dir='ltr'>miserere.</span> <span class='ocrx_word' id='word_1_576' title='bbox 2242 3395 2302 3456; x_wconf 67' lang='grc' dir='ltr'>Ὶὶτ.</span> <span class='ocrx_word' id='word_1_577' title='bbox 2336 3393 2527 3463; x_wconf 68' lang='grc' dir='ltr'>Αῦεῐιὶε</span> <span class='ocrx_word' id='word_1_578' title='bbox 2573 3392 2763 3447; x_wconf 90' lang='lat' dir='ltr'>tribue</span> <span class='ocrx_word' id='word_1_579' title='bbox 2810 3388 3193 3449; x_wconf 89' lang='lat' dir='ltr'>medicinam,</span> <span class='ocrx_word' id='word_1_580' title='bbox 3237 3380 3552 3453; x_wconf 90' lang='lat' dir='ltr'>egentibus</span> 
     </span>
    </p>
   </div>
   <div class='ocr_carea' id='block_1_81' title="bbox 1906 3473 3554 3544">
    <p class='ocr_par' dir='ltr' id='par_1_81' title="bbox 1906 3473 3554 3544">
     <span class='ocr_line' id='line_1_81' title="bbox 1906 3473 3554 3544; baseline -0.013 -1"><span class='ocrx_word' id='word_1_581' title='bbox 1906 3487 2069 3543; x_wconf 93' lang='lat' dir='ltr'>dona</span> <span class='ocrx_word' id='word_1_582' title='bbox 2092 3481 2510 3540; x_wconf 88' lang='lat' dir='ltr'>substantiam.</span> <span class='ocrx_word' id='word_1_583' title='bbox 2531 3480 2595 3534; x_wconf 89' lang='lat' dir='ltr'>P.</span> <span class='ocrx_word' id='word_1_584' title='bbox 2620 3477 2886 3540; x_wconf 92' lang='lat' dir='ltr'>Domine,</span> <span class='ocrx_word' id='word_1_585' title='bbox 2911 3474 2972 3536; x_wconf 65' lang='lat' dir='ltr'>it.</span> <span class='ocrx_word' id='word_1_586' title='bbox 2994 3473 3161 3544; x_wconf 90' lang='lat' dir='ltr'>Eripe</span> <span class='ocrx_word' id='word_1_587' title='bbox 3183 3475 3429 3527; x_wconf 87' lang='lat' dir='ltr'>cunctos</span> <span class='ocrx_word' id='word_1_588' title='bbox 3449 3484 3554 3538; x_wconf 89' lang='lat' dir='ltr'>op-</span> 
     </span>
    </p>
   </div>
   <div class='ocr_carea' id='block_1_82' title="bbox 1905 3558 3549 3648">
    <p class='ocr_par' dir='ltr' id='par_1_82' title="bbox 1905 3558 3549 3648">
     <span class='ocr_line' id='line_1_82' title="bbox 1905 3558 3549 3648; baseline -0.012 -17"><span class='ocrx_word' id='word_1_589' title='bbox 1905 3591 2161 3648; x_wconf 88' lang='lat' dir='ltr'>pressos,</span> <span class='ocrx_word' id='word_1_590' title='bbox 2203 3578 2259 3628; x_wconf 89' lang='lat' dir='ltr'>et</span> <span class='ocrx_word' id='word_1_591' title='bbox 2284 3568 2654 3641; x_wconf 90' lang='lat' dir='ltr'>compeditos</span> <span class='ocrx_word' id='word_1_592' title='bbox 2678 3565 2939 3620; x_wconf 87' lang='lat' dir='ltr'>absolve.</span> <span class='ocrx_word' id='word_1_593' title='bbox 2966 3564 3035 3617; x_wconf 92' lang='lat' dir='ltr'>P.</span> <span class='ocrx_word' id='word_1_594' title='bbox 3069 3560 3336 3616; x_wconf 92' lang='lat' dir='ltr'>Domine.</span> <span class='ocrx_word' id='word_1_595' title='bbox 3361 3558 3422 3648; x_wconf 18' lang='lat' dir='ltr'>VA.</span> <span class='ocrx_word' id='word_1_596' title='bbox 3453 3560 3549 3612; x_wconf 86' lang='lat' dir='ltr'>Pe-</span> 
     </span>
    </p>
   </div>
   <div class='ocr_carea' id='block_1_83' title="bbox 1905 3645 3548 3735">
    <p class='ocr_par' dir='ltr' id='par_1_83' title="bbox 1905 3645 3548 3735">
     <span class='ocr_line' id='line_1_83' title="bbox 1905 3645 3548 3735; baseline -0.012 -15"><span class='ocrx_word' id='word_1_597' title='bbox 1905 3645 2346 3735; x_wconf 75' lang='lat' dir='ltr'>regrinantibus</span> <span class='ocrx_word' id='word_1_598' title='bbox 2376 3670 2748 3729; x_wconf 89' lang='lat' dir='ltr'>prosperare,</span> <span class='ocrx_word' id='word_1_599' title='bbox 2798 3651 3005 3724; x_wconf 70' lang='lat' dir='ltr'>patriae</span> <span class='ocrx_word' id='word_1_600' title='bbox 3043 3648 3225 3705; x_wconf 91' lang='lat' dir='ltr'>redde</span> <span class='ocrx_word' id='word_1_601' title='bbox 3261 3645 3548 3718; x_wconf 90' lang='lat' dir='ltr'>captivos.</span> 
     </span>
    </p>
   </div>
   <div class='ocr_carea' id='block_1_84' title="bbox 1907 3732 3551 3818">
    <p class='ocr_par' dir='ltr' id='par_1_84' title="bbox 1907 3732 3551 3818">
     <span class='ocr_line' id='line_1_84' title="bbox 1907 3732 3551 3818; baseline -0.013 -8"><span class='ocrx_word' id='word_1_602' title='bbox 1907 3732 2369 3818; x_wconf 38' lang='lat' dir='ltr'>P.&#39;Domine,ii.</span> <span class='ocrx_word' id='word_1_603' title='bbox 2424 3747 2592 3801; x_wconf 90' lang='lat' dir='ltr'>Dona</span> <span class='ocrx_word' id='word_1_604' title='bbox 2621 3743 2860 3799; x_wconf 88' lang='lat' dir='ltr'>veniam</span> <span class='ocrx_word' id='word_1_605' title='bbox 2899 3739 3269 3801; x_wconf 91' lang='lat' dir='ltr'>delictorum,</span> <span class='ocrx_word' id='word_1_606' title='bbox 3318 3738 3374 3789; x_wconf 91' lang='lat' dir='ltr'>et</span> <span class='ocrx_word' id='word_1_607' title='bbox 3422 3732 3551 3788; x_wconf 91' lang='lat' dir='ltr'>dele</span> 
     </span>
    </p>
   </div>
   <div class='ocr_carea' id='block_1_85' title="bbox 1907 3826 3554 3914">
    <p class='ocr_par' dir='ltr' id='par_1_85' title="bbox 1907 3826 3554 3914">
     <span class='ocr_line' id='line_1_85' title="bbox 1907 3826 3554 3914; baseline -0.013 -16"><span class='ocrx_word' id='word_1_608' title='bbox 1907 3842 2113 3914; x_wconf 89' lang='lat' dir='ltr'>culpas</span> <span class='ocrx_word' id='word_1_609' title='bbox 2130 3838 2440 3893; x_wconf 91' lang='lat' dir='ltr'>scelerum.</span> <span class='ocrx_word' id='word_1_610' title='bbox 2464 3835 2529 3889; x_wconf 91' lang='lat' dir='ltr'>P.</span> <span class='ocrx_word' id='word_1_611' title='bbox 2561 3832 2831 3896; x_wconf 91' lang='lat' dir='ltr'>Domine,</span> <span class='ocrx_word' id='word_1_612' title='bbox 2861 3827 3099 3885; x_wconf 89' lang='lat' dir='ltr'>exaudi.</span> <span class='ocrx_word' id='word_1_613' title='bbox 3131 3826 3410 3881; x_wconf 87' lang='lat' dir='ltr'>Dicamus</span> <span class='ocrx_word' id='word_1_614' title='bbox 3426 3838 3554 3878; x_wconf 91' lang='lat' dir='ltr'>om-</span> 
     </span>
    </p>
   </div>
   <div class='ocr_carea' id='block_1_86' title="bbox 1906 3924 2849 3996">
    <p class='ocr_par' dir='ltr' id='par_1_86' title="bbox 1906 3924 2849 3996">
     <span class='ocr_line' id='line_1_86' title="bbox 1906 3924 2849 3996; baseline -0.014 -9"><span class='ocrx_word' id='word_1_615' title='bbox 1906 3946 2014 3987; x_wconf 91' lang='lat' dir='ltr'>nes</span> <span class='ocrx_word' id='word_1_616' title='bbox 2048 3949 2059 3988; x_wconf 85' lang='lat'><strong>:</strong></span> <span class='ocrx_word' id='word_1_617' title='bbox 2093 3926 2438 3996; x_wconf 76' lang='lat' dir='ltr'>Capitulum</span> <span class='ocrx_word' id='word_1_618' title='bbox 2464 3925 2716 3992; x_wconf 84' lang='lat' dir='ltr'>repetat,</span> <span class='ocrx_word' id='word_1_619' title='bbox 2745 3924 2849 3976; x_wconf 87' lang='lat' dir='ltr'>etc.</span> 
     </span>
    </p>
   </div>
   <div class='ocr_carea' id='block_1_87' title="bbox 1980 4000 3556 4085">
    <p class='ocr_par' dir='ltr' id='par_1_87' title="bbox 1980 4000 3556 4085">
     <span class='ocr_line' id='line_1_87' title="bbox 1980 4000 3556 4085; baseline -0.013 -11"><span class='ocrx_word' id='word_1_620' title='bbox 1980 4019 2205 4074; x_wconf 82' lang='lat' dir='ltr'>Oratio.</span> <span class='ocrx_word' id='word_1_621' title='bbox 2229 4012 2524 4085; x_wconf 78' lang='lat' dir='ltr'>Multiplex</span> <span class='ocrx_word' id='word_1_622' title='bbox 2552 4026 2682 4075; x_wconf 92' lang='lat' dir='ltr'>nos,</span> <span class='ocrx_word' id='word_1_623' title='bbox 2718 4007 2984 4071; x_wconf 92' lang='lat' dir='ltr'>Domine,</span> <span class='ocrx_word' id='word_1_624' title='bbox 3018 4004 3194 4060; x_wconf 90' lang='lat' dir='ltr'>turba</span> <span class='ocrx_word' id='word_1_625' title='bbox 3224 4000 3556 4057; x_wconf 88' lang='lat' dir='ltr'>circumdat</span> 
     </span>
    </p>
   </div>
   <div class='ocr_carea' id='block_1_88' title="bbox 1907 4087 3555 4179">
    <p class='ocr_par' dir='ltr' id='par_1_88' title="bbox 1907 4087 3555 4179">
     <span class='ocr_line' id='line_1_88' title="bbox 1907 4087 3555 4179; baseline -0.015 -14"><span class='ocrx_word' id='word_1_626' title='bbox 1907 4104 2234 4179; x_wconf 89' lang='lat' dir='ltr'>iniquitatis</span> <span class='ocrx_word' id='word_1_627' title='bbox 2268 4122 2279 4161; x_wconf 94' lang='lat'><strong>:</strong></span> <span class='ocrx_word' id='word_1_628' title='bbox 2314 4106 2370 4157; x_wconf 90' lang='lat' dir='ltr'>et</span> <span class='ocrx_word' id='word_1_629' title='bbox 2414 4100 2571 4163; x_wconf 89' lang='lat' dir='ltr'>ideo,</span> <span class='ocrx_word' id='word_1_630' title='bbox 2603 4097 2719 4154; x_wconf 90' lang='lat' dir='ltr'>nisi</span> <span class='ocrx_word' id='word_1_631' title='bbox 2746 4102 2807 4153; x_wconf 91' lang='lat' dir='ltr'>tu</span> <span class='ocrx_word' id='word_1_632' title='bbox 2836 4094 3197 4165; x_wconf 83' lang='lat' dir='ltr'>Redemptor</span> <span class='ocrx_word' id='word_1_633' title='bbox 3236 4087 3555 4179; x_wconf 82' lang='lat' dir='ltr'>adjuveris,</span> 
     </span>
    </p>
   </div>
   <div class='ocr_carea' id='block_1_89' title="bbox 1910 4175 3555 4271">
    <p class='ocr_par' dir='ltr' id='par_1_89' title="bbox 1910 4175 3555 4271">
     <span class='ocr_line' id='line_1_89' title="bbox 1910 4175 3555 4271; baseline -0.015 -18"><span class='ocrx_word' id='word_1_634' title='bbox 1910 4175 2293 4271; x_wconf 76' lang='lat' dir='ltr'>paulominus</span> <span class='ocrx_word' id='word_1_635' title='bbox 2312 4190 2515 4246; x_wconf 89' lang='lat' dir='ltr'>anima</span> <span class='ocrx_word' id='word_1_636' title='bbox 2535 4191 2738 4243; x_wconf 89' lang='lat' dir='ltr'>nostra</span> <span class='ocrx_word' id='word_1_637' title='bbox 2758 4185 2820 4240; x_wconf 90' lang='lat' dir='ltr'>in</span> <span class='ocrx_word' id='word_1_638' title='bbox 2838 4184 3036 4239; x_wconf 89' lang='lat' dir='ltr'>lacum</span> <span class='ocrx_word' id='word_1_639' title='bbox 3062 4183 3308 4253; x_wconf 90' lang='lat' dir='ltr'>proruat</span> <span class='ocrx_word' id='word_1_640' title='bbox 3326 4175 3555 4271; x_wconf 80' lang='lat' dir='ltr'>mortis.</span> 
     </span>
    </p>
   </div>
   <div class='ocr_carea' id='block_1_90' title="bbox 1914 4264 3563 4352">
    <p class='ocr_par' dir='ltr' id='par_1_90' title="bbox 1914 4264 3563 4352">
     <span class='ocr_line' id='line_1_90' title="bbox 1914 4264 3563 4352; baseline -0.014 -11"><span class='ocrx_word' id='word_1_641' title='bbox 1914 4264 2119 4341; x_wconf 68' lang='lat' dir='ltr'>Libera</span> <span class='ocrx_word' id='word_1_642' title='bbox 2139 4296 2280 4352; x_wconf 88' lang='lat' dir='ltr'>ergo</span> <span class='ocrx_word' id='word_1_643' title='bbox 2302 4295 2413 4335; x_wconf 91' lang='lat' dir='ltr'>nos</span> <span class='ocrx_word' id='word_1_644' title='bbox 2437 4284 2493 4333; x_wconf 92' lang='lat' dir='ltr'>et</span> <span class='ocrx_word' id='word_1_645' title='bbox 2509 4277 2583 4332; x_wconf 89' lang='lat' dir='ltr'>de</span> <span class='ocrx_word' id='word_1_646' title='bbox 2603 4274 2912 4347; x_wconf 90' lang='lat' dir='ltr'>operibus,</span> <span class='ocrx_word' id='word_1_647' title='bbox 2934 4286 3070 4343; x_wconf 68' lang='lat' dir='ltr'>quas</span> <span class='ocrx_word' id='word_1_648' title='bbox 3092 4268 3416 4324; x_wconf 89' lang='lat' dir='ltr'>inferorum</span> <span class='ocrx_word' id='word_1_649' title='bbox 3439 4264 3563 4319; x_wconf 87' lang='lat' dir='ltr'>mit-</span> 
     </span>
    </p>
   </div>
   <div class='ocr_carea' id='block_1_91' title="bbox 133 4353 3558 4456">
    <p class='ocr_par' dir='ltr' id='par_1_91' title="bbox 133 4353 3558 4456">
     <span class='ocr_line' id='line_1_91' title="bbox 133 4353 3558 4456; baseline -0.008 -23"><span class='ocrx_word' id='word_1_650' title='bbox 133 4378 401 4449; x_wconf 87' lang='lat' dir='ltr'>suscipe,</span> <span class='ocrx_word' id='word_1_651' title='bbox 429 4384 483 4433; x_wconf 93' lang='lat' dir='ltr'>et</span> <span class='ocrx_word' id='word_1_652' title='bbox 504 4377 757 4433; x_wconf 87' lang='lat' dir='ltr'>miseriis</span> <span class='ocrx_word' id='word_1_653' title='bbox 780 4353 988 4433; x_wconf 67' lang='lat' dir='ltr'>eorum</span> <span class='ocrx_word' id='word_1_654' title='bbox 1011 4376 1291 4432; x_wconf 83' lang='lat' dir='ltr'>auxilium</span> <span class='ocrx_word' id='word_1_655' title='bbox 1309 4380 1477 4431; x_wconf 91' lang='lat' dir='ltr'>tuum</span> <span class='ocrx_word' id='word_1_656' title='bbox 1501 4375 1721 4447; x_wconf 75' lang='lat' dir='ltr'>praebe,</span> <span class='ocrx_word' id='word_1_657' title='bbox 1746 4379 1803 4431; x_wconf 88' lang='lat' dir='ltr'>et</span> <span class='ocrx_word' id='word_1_658' title='bbox 1832 4402 1877 4456; x_wconf 71' lang='grc' dir='ltr'>ι)</span> <span class='ocrx_word' id='word_1_659' title='bbox 1912 4380 2039 4433; x_wconf 88' lang='lat' dir='ltr'>tant</span> <span class='ocrx_word' id='word_1_660' title='bbox 2057 4372 2278 4445; x_wconf 87' lang='lat' dir='ltr'>poenis,</span> <span class='ocrx_word' id='word_1_661' title='bbox 2299 4374 2355 4424; x_wconf 87' lang='lat' dir='ltr'>et</span> <span class='ocrx_word' id='word_1_662' title='bbox 2371 4368 2445 4423; x_wconf 92' lang='lat' dir='ltr'>de</span> <span class='ocrx_word' id='word_1_663' title='bbox 2463 4364 3176 4439; x_wconf 72' lang='lat' dir='ltr'>pmnalibustartarorum</span> <span class='ocrx_word' id='word_1_664' title='bbox 3195 4353 3506 4428; x_wconf 91' lang='lat' dir='ltr'>suppliciis</span> <span class='ocrx_word' id='word_1_665' title='bbox 3545 4368 3558 4407; x_wconf 90' lang='lat'><strong>:</strong></span> 
     </span>
    </p>
   </div>
   <div class='ocr_carea' id='block_1_92' title="bbox 134 4471 1800 4538">
    <p class='ocr_par' dir='ltr' id='par_1_92' title="bbox 134 4471 1800 4538">
     <span class='ocr_line' id='line_1_92' title="bbox 134 4471 1800 4538; baseline -0.002 -14"><span class='ocrx_word' id='word_1_666' title='bbox 134 4472 425 4524; x_wconf 87' lang='lat' dir='ltr'>sanctum</span> <span class='ocrx_word' id='word_1_667' title='bbox 448 4471 617 4522; x_wconf 90' lang='lat' dir='ltr'>tuum</span> <span class='ocrx_word' id='word_1_668' title='bbox 646 4482 868 4522; x_wconf 91' lang='lat' dir='ltr'>nomen</span> <span class='ocrx_word' id='word_1_669' title='bbox 898 4481 1078 4538; x_wconf 90' lang='lat' dir='ltr'>super</span> <span class='ocrx_word' id='word_1_670' title='bbox 1122 4481 1235 4521; x_wconf 92' lang='lat' dir='ltr'>nos</span> <span class='ocrx_word' id='word_1_671' title='bbox 1283 4472 1527 4522; x_wconf 91' lang='lat' dir='ltr'>vocetur</span> <span class='ocrx_word' id='word_1_672' title='bbox 1552 4480 1800 4537; x_wconf 91' lang='lat' dir='ltr'>semper.</span> 
     </span>
    </p>
   </div>
   <div class='ocr_carea' id='block_1_93' title="bbox 136 4562 455 4623">
    <p class='ocr_par' dir='ltr' id='par_1_93' title="bbox 136 4562 455 4623">
     <span class='ocr_line' id='line_1_93' title="bbox 136 4562 455 4623; baseline 0 -14"><span class='ocrx_word' id='word_1_673' title='bbox 136 4568 203 4623; x_wconf 64' lang='grc' dir='ltr'>[ιν.</span> <span class='ocrx_word' id='word_1_674' title='bbox 236 4562 455 4612; x_wconf 80' lang='lat' dir='ltr'>Amen.</span> 
     </span>
    </p>
   </div>
   <div class='ocr_carea' id='block_1_94' title="bbox 208 4640 1796 4714">
    <p class='ocr_par' dir='ltr' id='par_1_94' title="bbox 208 4640 1796 4714">
     <span class='ocr_line' id='line_1_94' title="bbox 208 4640 1796 4714; baseline -0.003 -14"><span class='ocrx_word' id='word_1_675' title='bbox 208 4647 406 4714; x_wconf 75' lang='lat' dir='ltr'>Antip</span> <span class='ocrx_word' id='word_1_676' title='bbox 416 4644 594 4701; x_wconf 74' lang='lat' dir='ltr'>bona.</span> <span class='ocrx_word' id='word_1_677' title='bbox 616 4646 761 4699; x_wconf 90' lang='lat' dir='ltr'>Cum</span> <span class='ocrx_word' id='word_1_678' title='bbox 778 4642 987 4699; x_wconf 89' lang='lat' dir='ltr'>sedero</span> <span class='ocrx_word' id='word_1_679' title='bbox 1008 4642 1067 4697; x_wconf 90' lang='lat' dir='ltr'>in</span> <span class='ocrx_word' id='word_1_680' title='bbox 1084 4641 1364 4707; x_wconf 87' lang='lat' dir='ltr'>tenebris,</span> <span class='ocrx_word' id='word_1_681' title='bbox 1392 4641 1680 4696; x_wconf 90' lang='lat' dir='ltr'>Dominus</span> <span class='ocrx_word' id='word_1_682' title='bbox 1699 4640 1796 4697; x_wconf 82' lang='lat' dir='ltr'>lux</span> 
     </span>
    </p>
   </div>
   <div class='ocr_carea' id='block_1_95' title="bbox 133 4730 1803 4800">
    <p class='ocr_par' dir='ltr' id='par_1_95' title="bbox 133 4730 1803 4800">
     <span class='ocr_line' id='line_1_95' title="bbox 133 4730 1803 4800; baseline -0.004 -9"><span class='ocrx_word' id='word_1_683' title='bbox 133 4750 277 4791; x_wconf 81' lang='lat' dir='ltr'>mea</span> <span class='ocrx_word' id='word_1_684' title='bbox 298 4739 392 4790; x_wconf 89' lang='lat' dir='ltr'>est</span> <span class='ocrx_word' id='word_1_685' title='bbox 427 4734 619 4789; x_wconf 90' lang='lat' dir='ltr'>:iram</span> <span class='ocrx_word' id='word_1_686' title='bbox 649 4732 885 4788; x_wconf 91' lang='lat' dir='ltr'>Domini</span> <span class='ocrx_word' id='word_1_687' title='bbox 914 4731 1200 4797; x_wconf 86' lang='lat' dir='ltr'>toleraho,</span> <span class='ocrx_word' id='word_1_688' title='bbox 1230 4731 1353 4786; x_wconf 91' lang='lat' dir='ltr'>noli</span> <span class='ocrx_word' id='word_1_689' title='bbox 1385 4730 1668 4800; x_wconf 89' lang='lat' dir='ltr'>gaudere,</span> <span class='ocrx_word' id='word_1_690' title='bbox 1696 4730 1803 4784; x_wconf 90' lang='lat' dir='ltr'>ini-</span> 
     </span>
    </p>
   </div>
   <div class='ocr_carea' id='block_1_96' title="bbox 138 4818 1803 4893">
    <p class='ocr_par' dir='ltr' id='par_1_96' title="bbox 138 4818 1803 4893">
     <span class='ocr_line' id='line_1_96' title="bbox 138 4818 1803 4893; baseline -0.003 -15"><span class='ocrx_word' id='word_1_691' title='bbox 138 4825 301 4879; x_wconf 89' lang='lat' dir='ltr'>mica</span> <span class='ocrx_word' id='word_1_692' title='bbox 334 4838 525 4888; x_wconf 87' lang='lat' dir='ltr'>mors,</span> <span class='ocrx_word' id='word_1_693' title='bbox 554 4821 697 4893; x_wconf 90' lang='lat' dir='ltr'>quia</span> <span class='ocrx_word' id='word_1_694' title='bbox 720 4820 903 4877; x_wconf 90' lang='lat' dir='ltr'>cecidi</span> <span class='ocrx_word' id='word_1_695' title='bbox 934 4834 1302 4889; x_wconf 82' lang='lat' dir='ltr'>;resurgam.</span> <span class='ocrx_word' id='word_1_696' title='bbox 1331 4818 1394 4879; x_wconf 66' lang='lat' dir='ltr'>1V.</span> <span class='ocrx_word' id='word_1_697' title='bbox 1425 4819 1594 4890; x_wconf 90' lang='lat' dir='ltr'>Eripe</span> <span class='ocrx_word' id='word_1_698' title='bbox 1615 4834 1711 4873; x_wconf 92' lang='lat' dir='ltr'>me</span> <span class='ocrx_word' id='word_1_699' title='bbox 1728 4818 1803 4874; x_wconf 91' lang='lat' dir='ltr'>de</span> 
     </span>
    </p>
   </div>
   <div class='ocr_carea' id='block_1_97' title="bbox 134 4907 1802 4978">
    <p class='ocr_par' dir='ltr' id='par_1_97' title="bbox 134 4907 1802 4978">
     <span class='ocr_line' id='line_1_97' title="bbox 134 4907 1802 4978; baseline -0.004 -10"><span class='ocrx_word' id='word_1_700' title='bbox 134 4912 407 4969; x_wconf 88' lang='lat' dir='ltr'>inimicis</span> <span class='ocrx_word' id='word_1_701' title='bbox 422 4911 575 4967; x_wconf 91' lang='lat' dir='ltr'>meis</span> <span class='ocrx_word' id='word_1_702' title='bbox 588 4912 744 4966; x_wconf 89' lang='lat' dir='ltr'>Deus</span> <span class='ocrx_word' id='word_1_703' title='bbox 760 4925 932 4965; x_wconf 91' lang='lat' dir='ltr'>meus</span> <span class='ocrx_word' id='word_1_704' title='bbox 960 4925 970 4964; x_wconf 91' lang='lat'>:</span> <span class='ocrx_word' id='word_1_705' title='bbox 998 4912 1053 4964; x_wconf 91' lang='lat' dir='ltr'>et</span> <span class='ocrx_word' id='word_1_706' title='bbox 1070 4907 1148 4963; x_wconf 90' lang='lat' dir='ltr'>ab</span> <span class='ocrx_word' id='word_1_707' title='bbox 1161 4907 1611 4978; x_wconf 86' lang='lat' dir='ltr'>insurgentibus</span> <span class='ocrx_word' id='word_1_708' title='bbox 1631 4907 1693 4962; x_wconf 91' lang='lat' dir='ltr'>in</span> <span class='ocrx_word' id='word_1_709' title='bbox 1707 4920 1802 4962; x_wconf 90' lang='lat' dir='ltr'>me</span> 
     </span>
    </p>
   </div>
   <div class='ocr_carea' id='block_1_98' title="bbox 129 5001 484 5059">
    <p class='ocr_par' dir='ltr' id='par_1_98' title="bbox 129 5001 484 5059">
     <span class='ocr_line' id='line_1_98' title="bbox 129 5001 484 5059; baseline -0.003 -3"><span class='ocrx_word' id='word_1_710' title='bbox 129 5001 334 5059; x_wconf 81' lang='lat' dir='ltr'>libera</span> <span class='ocrx_word' id='word_1_711' title='bbox 361 5016 484 5056; x_wconf 87' lang='lat' dir='ltr'>me.</span> 
     </span>
    </p>
   </div>
   <div class='ocr_carea' id='block_1_99' title="bbox 208 5081 1588 5159">
    <p class='ocr_par' dir='ltr' id='par_1_99' title="bbox 208 5081 1588 5159">
     <span class='ocr_line' id='line_1_99' title="bbox 208 5081 1588 5159; baseline -0.007 -13"><span class='ocrx_word' id='word_1_712' title='bbox 208 5092 447 5146; x_wconf 84' lang='lat' dir='ltr'>Preces.</span> <span class='ocrx_word' id='word_1_713' title='bbox 491 5091 889 5159; x_wconf 87' lang='lat' dir='ltr'>Deprecemur</span> <span class='ocrx_word' id='word_1_714' title='bbox 921 5084 1266 5151; x_wconf 88' lang='lat' dir='ltr'>Dominum,</span> <span class='ocrx_word' id='word_1_715' title='bbox 1295 5090 1363 5139; x_wconf 84' lang='lat' dir='ltr'>ut</span> <span class='ocrx_word' id='word_1_716' title='bbox 1383 5081 1588 5153; x_wconf 73' lang='lat' dir='ltr'>supra.</span> 
     </span>
    </p>
   </div>
   <div class='ocr_carea' id='block_1_100' title="bbox 204 5172 1807 5238">
    <p class='ocr_par' dir='ltr' id='par_1_100' title="bbox 204 5172 1807 5238">
     <span class='ocr_line' id='line_1_100' title="bbox 204 5172 1807 5238; baseline -0.002 -5"><span class='ocrx_word' id='word_1_717' title='bbox 204 5179 447 5235; x_wconf 84' lang='lat' dir='ltr'>Preces.</span> <span class='ocrx_word' id='word_1_718' title='bbox 482 5177 760 5233; x_wconf 87' lang='lat' dir='ltr'>Dicamus</span> <span class='ocrx_word' id='word_1_719' title='bbox 776 5191 986 5231; x_wconf 91' lang='lat' dir='ltr'>omnes</span> <span class='ocrx_word' id='word_1_720' title='bbox 1020 5193 1031 5229; x_wconf 88' lang='lat'><strong>:</strong></span> <span class='ocrx_word' id='word_1_721' title='bbox 1071 5176 1141 5230; x_wconf 91' lang='lat' dir='ltr'>P.</span> <span class='ocrx_word' id='word_1_722' title='bbox 1178 5174 1445 5238; x_wconf 88' lang='lat' dir='ltr'>Domine,</span> <span class='ocrx_word' id='word_1_723' title='bbox 1482 5172 1718 5238; x_wconf 85' lang='lat' dir='ltr'>exaudi,</span> <span class='ocrx_word' id='word_1_724' title='bbox 1752 5174 1807 5229; x_wconf 90' lang='lat' dir='ltr'>et</span> 
     </span>
    </p>
   </div>
   <div class='ocr_carea' id='block_1_101' title="bbox 135 5262 1808 5334">
    <p class='ocr_par' dir='ltr' id='par_1_101' title="bbox 135 5262 1808 5334">
     <span class='ocr_line' id='line_1_101' title="bbox 135 5262 1808 5334; baseline -0.004 -10"><span class='ocrx_word' id='word_1_725' title='bbox 135 5269 452 5324; x_wconf 85' lang='lat' dir='ltr'>miserere.</span> <span class='ocrx_word' id='word_1_726' title='bbox 483 5267 545 5326; x_wconf 58' lang='grc' dir='ltr'>ἣν.</span> <span class='ocrx_word' id='word_1_727' title='bbox 572 5266 897 5323; x_wconf 89' lang='lat' dir='ltr'>Subveniat</span> <span class='ocrx_word' id='word_1_728' title='bbox 916 5265 1092 5321; x_wconf 90' lang='lat' dir='ltr'>nobis</span> <span class='ocrx_word' id='word_1_729' title='bbox 1114 5264 1305 5334; x_wconf 88' lang='lat' dir='ltr'>gratia</span> <span class='ocrx_word' id='word_1_730' title='bbox 1333 5262 1544 5321; x_wconf 87' lang='lat' dir='ltr'>Christi</span> <span class='ocrx_word' id='word_1_731' title='bbox 1572 5262 1675 5329; x_wconf 88' lang='lat' dir='ltr'>tui,</span> <span class='ocrx_word' id='word_1_732' title='bbox 1704 5263 1808 5334; x_wconf 91' lang='lat' dir='ltr'>qui</span> 
     </span>
    </p>
   </div>
   <div class='ocr_carea' id='block_1_102' title="bbox 133 5351 1810 5430">
    <p class='ocr_par' dir='ltr' id='par_1_102' title="bbox 133 5351 1810 5430">
     <span class='ocr_line' id='line_1_102' title="bbox 133 5351 1810 5430; baseline -0.005 -16"><span class='ocrx_word' id='word_1_733' title='bbox 133 5375 249 5430; x_wconf 86' lang='lat' dir='ltr'>pro</span> <span class='ocrx_word' id='word_1_734' title='bbox 281 5357 465 5414; x_wconf 88' lang='lat' dir='ltr'>nobis</span> <span class='ocrx_word' id='word_1_735' title='bbox 490 5355 841 5429; x_wconf 86' lang='lat' dir='ltr'>passionem</span> <span class='ocrx_word' id='word_1_736' title='bbox 868 5354 1238 5425; x_wconf 90' lang='lat' dir='ltr'>suscepit.P.</span> <span class='ocrx_word' id='word_1_737' title='bbox 1272 5351 1619 5412; x_wconf 45' lang='lat' dir='ltr'>Domineﬂ.</span> <span class='ocrx_word' id='word_1_738' title='bbox 1652 5351 1810 5408; x_wconf 89' lang='lat' dir='ltr'>Scin-</span> 
     </span>
    </p>
   </div>
   <div class='ocr_carea' id='block_1_103' title="bbox 134 5440 1810 5517">
    <p class='ocr_par' dir='ltr' id='par_1_103' title="bbox 134 5440 1810 5517">
     <span class='ocr_line' id='line_1_103' title="bbox 134 5440 1810 5517; baseline -0.005 -14"><span class='ocrx_word' id='word_1_739' title='bbox 134 5448 247 5503; x_wconf 88' lang='lat' dir='ltr'>dat</span> <span class='ocrx_word' id='word_1_740' title='bbox 278 5445 754 5517; x_wconf 87' lang='lat' dir='ltr'>chirographum</span> <span class='ocrx_word' id='word_1_741' title='bbox 785 5444 1157 5509; x_wconf 90' lang='lat' dir='ltr'>delictorum,</span> <span class='ocrx_word' id='word_1_742' title='bbox 1191 5443 1295 5514; x_wconf 90' lang='lat' dir='ltr'>qui</span> <span class='ocrx_word' id='word_1_743' title='bbox 1327 5440 1598 5497; x_wconf 89' lang='lat' dir='ltr'>liberavit</span> <span class='ocrx_word' id='word_1_744' title='bbox 1625 5443 1810 5495; x_wconf 91' lang='lat' dir='ltr'>morte</span> 
     </span>
    </p>
   </div>
   <div class='ocr_carea' id='block_1_104' title="bbox 138 5528 1812 5613">
    <p class='ocr_par' dir='ltr' id='par_1_104' title="bbox 138 5528 1812 5613">
     <span class='ocr_line' id='line_1_104' title="bbox 138 5528 1812 5613; baseline -0.006 -19"><span class='ocrx_word' id='word_1_745' title='bbox 138 5535 403 5613; x_wconf 83' lang='lat' dir='ltr'>prapria</span> <span class='ocrx_word' id='word_1_746' title='bbox 422 5534 730 5599; x_wconf 70' lang='lat' dir='ltr'>Mundam.</span> <span class='ocrx_word' id='word_1_747' title='bbox 762 5533 832 5591; x_wconf 89' lang='lat' dir='ltr'>P.</span> <span class='ocrx_word' id='word_1_748' title='bbox 866 5532 1137 5602; x_wconf 90' lang='lat' dir='ltr'>Domine,</span> <span class='ocrx_word' id='word_1_749' title='bbox 1172 5530 1233 5594; x_wconf 67' lang='lat' dir='ltr'>ir.</span> <span class='ocrx_word' id='word_1_750' title='bbox 1284 5528 1577 5588; x_wconf 85' lang='lat' dir='ltr'>Salviﬂoet</span> <span class='ocrx_word' id='word_1_751' title='bbox 1604 5544 1812 5601; x_wconf 87' lang='lat' dir='ltr'>pecca-</span> 
     </span>
    </p>
   </div>
   <div class='ocr_carea' id='block_1_105' title="bbox 1913 4445 3563 4532">
    <p class='ocr_par' dir='ltr' id='par_1_105' title="bbox 1913 4445 3563 4532">
     <span class='ocr_line' id='line_1_105' title="bbox 1913 4445 3563 4532; baseline -0.015 -12"><span class='ocrx_word' id='word_1_752' title='bbox 1913 4464 2043 4532; x_wconf 86' lang='lat' dir='ltr'>Qui,</span> <span class='ocrx_word' id='word_1_753' title='bbox 2075 4460 2321 4517; x_wconf 90' lang='lat' dir='ltr'>devictis</span> <span class='ocrx_word' id='word_1_754' title='bbox 2343 4455 2778 4524; x_wconf 75' lang='lat' dir='ltr'>contractisque</span> <span class='ocrx_word' id='word_1_755' title='bbox 2800 4448 3192 4505; x_wconf 87' lang='lat' dir='ltr'>infernalibus</span> <span class='ocrx_word' id='word_1_756' title='bbox 3214 4445 3417 4518; x_wconf 90' lang='lat' dir='ltr'>portis,</span> <span class='ocrx_word' id='word_1_757' title='bbox 3440 4456 3563 4498; x_wconf 88' lang='lat' dir='ltr'>ere-</span> 
     </span>
    </p>
   </div>
   <div class='ocr_carea' id='block_1_106' title="bbox 1909 4535 3560 4627">
    <p class='ocr_par' dir='ltr' id='par_1_106' title="bbox 1909 4535 3560 4627">
     <span class='ocr_line' id='line_1_106' title="bbox 1909 4535 3560 4627; baseline -0.016 -17"><span class='ocrx_word' id='word_1_758' title='bbox 1909 4559 2067 4627; x_wconf 90' lang='lat' dir='ltr'>ptam</span> <span class='ocrx_word' id='word_1_759' title='bbox 2080 4549 2339 4624; x_wconf 62' lang='lat' dir='ltr'>praedam</span> <span class='ocrx_word' id='word_1_760' title='bbox 2357 4542 2682 4617; x_wconf 90' lang='lat' dir='ltr'>deportasti</span> <span class='ocrx_word' id='word_1_761' title='bbox 2694 4543 2753 4597; x_wconf 92' lang='lat' dir='ltr'>in</span> <span class='ocrx_word' id='word_1_762' title='bbox 2772 4538 3109 4594; x_wconf 64' lang='lat' dir='ltr'>caelestibus</span> <span class='ocrx_word' id='word_1_763' title='bbox 3124 4535 3320 4603; x_wconf 88' lang='lat' dir='ltr'>regnis</span> <span class='ocrx_word' id='word_1_764' title='bbox 3337 4550 3354 4598; x_wconf 91' lang='lat'><strong><em>;</em></strong></span> <span class='ocrx_word' id='word_1_765' title='bbox 3374 4546 3560 4627; x_wconf 66' lang='lat' dir='ltr'>aegro-</span> 
     </span>
    </p>
   </div>
   <div class='ocr_carea' id='block_1_107' title="bbox 1912 4617 3555 4706">
    <p class='ocr_par' dir='ltr' id='par_1_107' title="bbox 1912 4617 3555 4706">
     <span class='ocr_line' id='line_1_107' title="bbox 1912 4617 3555 4706; baseline -0.016 -10"><span class='ocrx_word' id='word_1_766' title='bbox 1912 4617 1982 4696; x_wconf 72' lang='lat' dir='ltr'>tis</span> <span class='ocrx_word' id='word_1_767' title='bbox 2008 4617 2319 4695; x_wconf 67' lang='lat' dir='ltr'>medicinae</span> <span class='ocrx_word' id='word_1_768' title='bbox 2338 4650 2493 4706; x_wconf 91' lang='lat' dir='ltr'>opus</span> <span class='ocrx_word' id='word_1_769' title='bbox 2517 4629 2795 4696; x_wconf 91' lang='lat' dir='ltr'>infunde;</span> <span class='ocrx_word' id='word_1_770' title='bbox 2820 4626 3154 4683; x_wconf 86' lang='lat' dir='ltr'>errantibus</span> <span class='ocrx_word' id='word_1_771' title='bbox 3172 4624 3332 4677; x_wconf 91' lang='lat' dir='ltr'>viam</span> <span class='ocrx_word' id='word_1_772' title='bbox 3351 4617 3555 4674; x_wconf 90' lang='lat' dir='ltr'>salutis</span> 
     </span>
    </p>
   </div>
   <div class='ocr_carea' id='block_1_108' title="bbox 1912 4706 3555 4798">
    <p class='ocr_par' dir='ltr' id='par_1_108' title="bbox 1912 4706 3555 4798">
     <span class='ocr_line' id='line_1_108' title="bbox 1912 4706 3555 4798; baseline -0.016 -13"><span class='ocrx_word' id='word_1_773' title='bbox 1912 4728 2155 4785; x_wconf 90' lang='lat' dir='ltr'>ostende</span> <span class='ocrx_word' id='word_1_774' title='bbox 2184 4742 2196 4791; x_wconf 90' lang='lat'>;</span> <span class='ocrx_word' id='word_1_775' title='bbox 2229 4722 2559 4798; x_wconf 89' lang='lat' dir='ltr'>peregrinis</span> <span class='ocrx_word' id='word_1_776' title='bbox 2590 4724 2645 4775; x_wconf 91' lang='lat' dir='ltr'>et</span> <span class='ocrx_word' id='word_1_777' title='bbox 2673 4716 2920 4789; x_wconf 89' lang='lat' dir='ltr'>captivis</span> <span class='ocrx_word' id='word_1_778' title='bbox 2953 4713 3207 4787; x_wconf 90' lang='lat' dir='ltr'>patriam</span> <span class='ocrx_word' id='word_1_779' title='bbox 3247 4706 3465 4771; x_wconf 90' lang='lat' dir='ltr'>redde;</span> <span class='ocrx_word' id='word_1_780' title='bbox 3498 4708 3555 4760; x_wconf 90' lang='lat' dir='ltr'>et</span> 
     </span>
    </p>
   </div>
   <div class='ocr_carea' id='block_1_109' title="bbox 1911 4805 3231 4890">
    <p class='ocr_par' dir='ltr' id='par_1_109' title="bbox 1911 4805 3231 4890">
     <span class='ocr_line' id='line_1_109' title="bbox 1911 4805 3231 4890; baseline -0.018 -15"><span class='ocrx_word' id='word_1_781' title='bbox 1911 4817 2169 4890; x_wconf 88' lang='lat' dir='ltr'>peccatis</span> <span class='ocrx_word' id='word_1_782' title='bbox 2197 4813 2417 4871; x_wconf 89' lang='lat' dir='ltr'>nostris</span> <span class='ocrx_word' id='word_1_783' title='bbox 2450 4809 2683 4865; x_wconf 88' lang='lat' dir='ltr'>veniam</span> <span class='ocrx_word' id='word_1_784' title='bbox 2712 4807 2893 4861; x_wconf 92' lang='lat' dir='ltr'>dona.</span> <span class='ocrx_word' id='word_1_785' title='bbox 2926 4816 2991 4873; x_wconf 73' lang='grc' dir='ltr'>Βι.</span> <span class='ocrx_word' id='word_1_786' title='bbox 3024 4805 3231 4890; x_wconf 80' lang='lat' dir='ltr'>Amen.</span> 
     </span>
    </p>
   </div>
   <div class='ocr_carea' id='block_1_110' title="bbox 1981 4881 3555 4968">
    <p class='ocr_par' dir='ltr' id='par_1_110' title="bbox 1981 4881 3555 4968">
     <span class='ocr_line' id='line_1_110' title="bbox 1981 4881 3555 4968; baseline -0.017 -6"><span class='ocrx_word' id='word_1_787' title='bbox 1981 4907 2159 4961; x_wconf 81' lang='lat' dir='ltr'>Sono.</span> <span class='ocrx_word' id='word_1_788' title='bbox 2186 4901 2328 4968; x_wconf 89' lang='lat' dir='ltr'>Quis</span> <span class='ocrx_word' id='word_1_789' title='bbox 2346 4896 2864 4955; x_wconf 88' lang='lat' dir='ltr'>ascenditcrucem</span> <span class='ocrx_word' id='word_1_790' title='bbox 2889 4906 2997 4964; x_wconf 90' lang='lat' dir='ltr'>pro</span> <span class='ocrx_word' id='word_1_791' title='bbox 3018 4885 3215 4959; x_wconf 89' lang='lat' dir='ltr'>impiis</span> <span class='ocrx_word' id='word_1_792' title='bbox 3241 4883 3268 4939; x_wconf 85' lang='lat'><strong>?</strong></span> <span class='ocrx_word' id='word_1_793' title='bbox 3285 4884 3400 4938; x_wconf 83' lang='lat' dir='ltr'>Aut</span> <span class='ocrx_word' id='word_1_794' title='bbox 3419 4881 3555 4954; x_wconf 89' lang='lat' dir='ltr'>quis</span> 
     </span>
    </p>
   </div>
   <div class='ocr_carea' id='block_1_111' title="bbox 1912 4971 3556 5063">
    <p class='ocr_par' dir='ltr' id='par_1_111' title="bbox 1912 4971 3556 5063">
     <span class='ocr_line' id='line_1_111' title="bbox 1912 4971 3556 5063; baseline -0.016 -12"><span class='ocrx_word' id='word_1_795' title='bbox 1912 4996 1974 5051; x_wconf 90' lang='lat' dir='ltr'>in</span> <span class='ocrx_word' id='word_1_796' title='bbox 1995 4995 2183 5050; x_wconf 89' lang='lat' dir='ltr'>altum</span> <span class='ocrx_word' id='word_1_797' title='bbox 2200 4991 2352 5063; x_wconf 92' lang='lat' dir='ltr'>cepit</span> <span class='ocrx_word' id='word_1_798' title='bbox 2378 4986 2781 5058; x_wconf 88' lang='lat' dir='ltr'>captivitatem</span> <span class='ocrx_word' id='word_1_799' title='bbox 2800 4983 2829 5037; x_wconf 84' lang='lat'>‘?</span> <span class='ocrx_word' id='word_1_800' title='bbox 2854 4983 2927 5036; x_wconf 90' lang='lat' dir='ltr'>P.</span> <span class='ocrx_word' id='word_1_801' title='bbox 2964 4982 3252 5034; x_wconf 88' lang='lat' dir='ltr'>lnnocens</span> <span class='ocrx_word' id='word_1_802' title='bbox 3273 4971 3556 5063; x_wconf 83' lang='lat' dir='ltr'>manibus</span> 
     </span>
    </p>
   </div>
   <div class='ocr_carea' id='block_1_112' title="bbox 1914 5059 3562 5140">
    <p class='ocr_par' dir='ltr' id='par_1_112' title="bbox 1914 5059 3562 5140">
     <span class='ocr_line' id='line_1_112' title="bbox 1914 5059 3562 5140; baseline -0.016 0"><span class='ocrx_word' id='word_1_803' title='bbox 1914 5088 1972 5140; x_wconf 91' lang='lat' dir='ltr'>et</span> <span class='ocrx_word' id='word_1_804' title='bbox 2010 5080 2237 5138; x_wconf 92' lang='lat' dir='ltr'>mundo</span> <span class='ocrx_word' id='word_1_805' title='bbox 2267 5059 2463 5134; x_wconf 78' lang='lat' dir='ltr'>corde.</span> <span class='ocrx_word' id='word_1_806' title='bbox 2498 5077 2563 5129; x_wconf 88' lang='lat' dir='ltr'>Il.</span> <span class='ocrx_word' id='word_1_807' title='bbox 2596 5071 2829 5129; x_wconf 92' lang='lat' dir='ltr'>Domini</span> <span class='ocrx_word' id='word_1_808' title='bbox 2855 5073 2941 5124; x_wconf 90' lang='lat' dir='ltr'>est</span> <span class='ocrx_word' id='word_1_809' title='bbox 2972 5072 3127 5123; x_wconf 89' lang='lat' dir='ltr'>terra</span> <span class='ocrx_word' id='word_1_810' title='bbox 3157 5069 3213 5120; x_wconf 94' lang='lat' dir='ltr'>et</span> <span class='ocrx_word' id='word_1_811' title='bbox 3248 5059 3562 5135; x_wconf 89' lang='lat' dir='ltr'>plenitudo</span> 
     </span>
    </p>
   </div>
   <div class='ocr_carea' id='block_1_113' title="bbox 1917 5150 3559 5244">
    <p class='ocr_par' dir='ltr' id='par_1_113' title="bbox 1917 5150 3559 5244">
     <span class='ocr_line' id='line_1_113' title="bbox 1917 5150 3559 5244; baseline -0.016 -16"><span class='ocrx_word' id='word_1_812' title='bbox 1917 5174 2046 5244; x_wconf 89' lang='lat' dir='ltr'>ejus</span> <span class='ocrx_word' id='word_1_813' title='bbox 2074 5189 2085 5225; x_wconf 88' lang='lat'><strong>:</strong></span> <span class='ocrx_word' id='word_1_814' title='bbox 2111 5169 2277 5225; x_wconf 90' lang='lat' dir='ltr'>orbis</span> <span class='ocrx_word' id='word_1_815' title='bbox 2292 5173 2602 5228; x_wconf 90' lang='lat' dir='ltr'>terrarum,</span> <span class='ocrx_word' id='word_1_816' title='bbox 2627 5158 2953 5218; x_wconf 89' lang='lat' dir='ltr'>etuniversi</span> <span class='ocrx_word' id='word_1_817' title='bbox 2975 5155 3075 5229; x_wconf 90' lang='lat' dir='ltr'>qui</span> <span class='ocrx_word' id='word_1_818' title='bbox 3091 5154 3362 5209; x_wconf 89' lang='lat' dir='ltr'>habitant</span> <span class='ocrx_word' id='word_1_819' title='bbox 3381 5150 3441 5205; x_wconf 92' lang='lat' dir='ltr'>in</span> <span class='ocrx_word' id='word_1_820' title='bbox 3465 5163 3559 5244; x_wconf 74' lang='lat' dir='ltr'>eo.</span> 
     </span>
    </p>
   </div>
   <div class='ocr_carea' id='block_1_114' title="bbox 1916 5235 3563 5332">
    <p class='ocr_par' dir='ltr' id='par_1_114' title="bbox 1916 5235 3563 5332">
     <span class='ocr_line' id='line_1_114' title="bbox 1916 5235 3563 5332; baseline -0.015 -17"><span class='ocrx_word' id='word_1_821' title='bbox 1916 5235 2046 5332; x_wconf 80' lang='lat' dir='ltr'>Ipse</span> <span class='ocrx_word' id='word_1_822' title='bbox 2077 5271 2256 5328; x_wconf 91' lang='lat' dir='ltr'>super</span> <span class='ocrx_word' id='word_1_823' title='bbox 2284 5254 2476 5308; x_wconf 91' lang='lat' dir='ltr'>maria</span> <span class='ocrx_word' id='word_1_824' title='bbox 2502 5250 2930 5307; x_wconf 88' lang='lat' dir='ltr'>fundaviteum</span> <span class='ocrx_word' id='word_1_825' title='bbox 2964 5265 2976 5305; x_wconf 90' lang='lat'>:</span> <span class='ocrx_word' id='word_1_826' title='bbox 3011 5248 3067 5301; x_wconf 91' lang='lat' dir='ltr'>et</span> <span class='ocrx_word' id='word_1_827' title='bbox 3097 5257 3275 5313; x_wconf 88' lang='lat' dir='ltr'>super</span> <span class='ocrx_word' id='word_1_828' title='bbox 3310 5235 3563 5332; x_wconf 81' lang='lat' dir='ltr'>ﬂumina</span> 
     </span>
    </p>
   </div>
   <div class='ocr_carea' id='block_1_115' title="bbox 1917 5321 3563 5420">
    <p class='ocr_par' dir='ltr' id='par_1_115' title="bbox 1917 5321 3563 5420">
     <span class='ocr_line' id='line_1_115' title="bbox 1917 5321 3563 5420; baseline -0.018 -18"><span class='ocrx_word' id='word_1_829' title='bbox 1917 5321 2472 5420; x_wconf 74' lang='lat' dir='ltr'>praeparavitillum.</span> <span class='ocrx_word' id='word_1_830' title='bbox 2498 5340 2573 5394; x_wconf 88' lang='lat' dir='ltr'>P.</span> <span class='ocrx_word' id='word_1_831' title='bbox 2602 5342 2913 5393; x_wconf 90' lang='lat' dir='ltr'>lnnocens.</span> <span class='ocrx_word' id='word_1_832' title='bbox 2934 5329 3183 5420; x_wconf 77' lang='lat' dir='ltr'>Ill.‘Ouis</span> <span class='ocrx_word' id='word_1_833' title='bbox 3197 5322 3480 5420; x_wconf 78' lang='lat' dir='ltr'>ascendet</span> <span class='ocrx_word' id='word_1_834' title='bbox 3503 5321 3563 5420; x_wconf 70' lang='lat' dir='ltr'>in</span> 
     </span>
    </p>
   </div>
   <div class='ocr_carea' id='block_1_116' title="bbox 1920 5408 3564 5497">
    <p class='ocr_par' dir='ltr' id='par_1_116' title="bbox 1920 5408 3564 5497">
     <span class='ocr_line' id='line_1_116' title="bbox 1920 5408 3564 5497; baseline -0.019 -6"><span class='ocrx_word' id='word_1_835' title='bbox 1920 5408 2183 5491; x_wconf 68' lang='lat' dir='ltr'>inmitem</span> <span class='ocrx_word' id='word_1_836' title='bbox 2203 5427 2475 5485; x_wconf 80' lang='lat' dir='ltr'>Domini?</span> <span class='ocrx_word' id='word_1_837' title='bbox 2492 5426 2739 5497; x_wconf 85' lang='lat' dir='ltr'>autquis</span> <span class='ocrx_word' id='word_1_838' title='bbox 2758 5421 3005 5478; x_wconf 87' lang='lat' dir='ltr'>stabitin</span> <span class='ocrx_word' id='word_1_839' title='bbox 3019 5418 3151 5473; x_wconf 92' lang='lat' dir='ltr'>loco</span> <span class='ocrx_word' id='word_1_840' title='bbox 3170 5416 3378 5467; x_wconf 87' lang='lat' dir='ltr'>sancto</span> <span class='ocrx_word' id='word_1_841' title='bbox 3393 5408 3521 5480; x_wconf 88' lang='lat' dir='ltr'>ejus</span> <span class='ocrx_word' id='word_1_842' title='bbox 3537 5410 3564 5463; x_wconf 86' lang='lat'><strong>?</strong></span> 
     </span>
    </p>
   </div>
   <div class='ocr_carea' id='block_1_117' title="bbox 1920 5498 3568 5591">
    <p class='ocr_par' dir='ltr' id='par_1_117' title="bbox 1920 5498 3568 5591">
     <span class='ocr_line' id='line_1_117' title="bbox 1920 5498 3568 5591; baseline -0.018 -9"><span class='ocrx_word' id='word_1_843' title='bbox 1920 5523 2028 5590; x_wconf 86' lang='lat' dir='ltr'>Qui</span> <span class='ocrx_word' id='word_1_844' title='bbox 2044 5535 2166 5579; x_wconf 92' lang='lat' dir='ltr'>non</span> <span class='ocrx_word' id='word_1_845' title='bbox 2186 5517 2414 5591; x_wconf 86' lang='lat' dir='ltr'>accepit</span> <span class='ocrx_word' id='word_1_846' title='bbox 2430 5517 2491 5573; x_wconf 90' lang='lat' dir='ltr'>in</span> <span class='ocrx_word' id='word_1_847' title='bbox 2522 5530 2676 5572; x_wconf 89' lang='lat' dir='ltr'>vano</span> <span class='ocrx_word' id='word_1_848' title='bbox 2698 5511 2962 5569; x_wconf 88' lang='lat' dir='ltr'>animam</span> <span class='ocrx_word' id='word_1_849' title='bbox 2985 5518 3181 5568; x_wconf 83' lang='lat' dir='ltr'>suam,</span> <span class='ocrx_word' id='word_1_850' title='bbox 3210 5514 3317 5555; x_wconf 89' lang='lat' dir='ltr'>nec</span> <span class='ocrx_word' id='word_1_851' title='bbox 3337 5498 3568 5569; x_wconf 88' lang='lat' dir='ltr'>juravit</span> 
     </span>
    </p>
   </div>
  </div>
