4036 6158
486 212 593 269 607

1744 208 2199 267 BREVIARIUM
2240 208 2629 265 GOTHICUM.
3730 221 3810 279 ωε

485 344 546 401 in
575 336 714 393 dolo
743 335 1020 408 proximo
1046 351 1175 391 suo.
1204 335 1302 392 Hic
1335 335 1582 407 accipiet
1600 336 2077 392 benedictionem
2111 351 2147 391 a
2177 333 2223 389 A
2256 348 2293 390 a
2314 332 2659 390 confusione
2688 334 3020 403 sputorum,
3051 334 3106 386 et
3129 328 3319 386 factus
3342 338 3439 388 est
3460 335 3705 395 Dominus
3717 356 3825 413 pro.

488 426 761 491 Domino,
782 430 838 482 et
861 424 1380 482 misericordiama
1402 427 1517 481 Deo
1540 426 1785 482 salutari
1812 441 1939 481 suo.
1966 427 2031 483 P.
2056 426 2143 479 IV.

491 515 623 571 Haec
645 518 732 571 est
746 514 1046 586 generatio
1064 514 1461 586 quaerentium
1477 516 1818 584 Dominum,
1841 514 2145 585 requiren-

488 590 639 660 tium
658 603 871 660 faciem
897 603 991 659 Dei
1013 603 1217 659 Jacob.
1242 602 1474 659 Attolite
1497 611 1697 675 portas
1722 602 2024 674 principes
2042 617 2143 658 ve-

492 701 664 759 stras,
685 697 741 750 et
754 694 1073 750 elevamini
1090 698 1275 766 portae
1296 693 1602 749 aeternales
1635 713 1646 752 :
1683 691 2025 749 etintroibit
2046 707 2143 747 rex

494 781 697 853 gloriae
726 799 738 837 :
773 782 1057 838 Dominus
1074 782 1238 837 fortis
1256 786 1310 837 et
1330 787 1543 853 potens
1573 798 1585 837 z
1618 781 1906 838 Dominus
1929 785 2141 853 potens

492 871 553 927 in
580 871 802 942 prmlio.
834 871 1235 926 P.1nnocens.
1263 869 1323 931 ii.
1357 871 1570 937 Gloria,
1620 875 1675 927 et
1718 870 1914 927 honor
1960 870 2136 927 Patri.

494 961 561 1022 P.
580 964 891 1017 lnnocens.
915 962 1038 1028 Quo
1054 963 1288 1031 expleto
1304 968 1602 1031 repetunt.
1623 962 1763 1027 Quis
1781 960 2063 1017 ascendet
2076 960 2138 1017 in

494 1055 763 1105 montem
797 1049 1029 1104 Domini
1052 1054 1079 1104 ?

562 1137 791 1192 Lauda.
812 1138 1069 1208 Expecta
1082 1153 1198 1207 me,
1219 1137 1676 1203 dicitDominus,
1696 1138 1756 1194 in
1772 1138 1923 1194 diem
1946 1152 2141 1193 resur-

491 1224 769 1281 rectionis
784 1225 1235 1291 meeeinfuturo,
1251 1228 1395 1300 quia
1404 1228 1423 1299 j
1438 1228 1699 1284 udicium
1716 1244 1940 1293 meum,
1963 1226 2137 1298 362

492 1316 558 1369 ut
585 1327 945 1385 congregem
972 1319 1192 1384 gentes,
1237 1321 1293 1373 et
1322 1315 1601 1386 colligam
1626 1331 1831 1387 regna.
1862 1316 2141 1371 Psalmus

494 1418 755 1459 CXXXVIII.

569 1491 865 1560 Capitula.
899 1493 1146 1548 Domine
1174 1494 1311 1548 Jesu
1340 1493 1581 1561 Christe,
1623 1494 1729 1567 qui
1778 1493 2029 1550 traditus
2078 1507 2140 1547 es

495 1579 693 1645 hodie,
733 1580 907 1652 quasi
946 1596 1139 1650 agnus
1169 1587 1518 1639 mansuetus
1550 1582 1627 1638 ad
1660 1583 1972 1651 victimam,
2002 1596 2141 1637 con-

2257 427 2436 479 tector
2456 438 2648 477 meus.
2674 420 2741 480 ἢν.
2778 418 3017 474 Custodi
3037 435 3121 473 me
3138 418 3210 474 de
3245 434 3428 475 manu
3446 427 3750 495 peccatoris;
3770 438 3812 488 et

2255 511 2333 568 ab
2353 510 2702 568 hominibus
2720 507 2942 580 iniquis
2960 508 3147 563 libera
3169 523 3280 571 me,
3316 508 3564 565 Domine.
3585 513 3678 577 Qui
3695 520 3809 587 cogi-

2255 603 2529 657 taverunt
2567 597 2949 669 supplantare
2980 612 3217 666 gressus
3247 612 3423 651 meos.

2327 688 2551 744 Oratio.
2582 684 2942 742 Admirabile
2964 685 3106 740 satis
3144 688 3251 750 est,
3285 685 3538 756 Domine,
3565 689 3706 759 quod
3728 706 3806 762 pro

2253 776 2447 832 noxiis
2478 776 2785 843 innocens,
2818 774 3071 845 piusque
3106 788 3210 845 pro
3237 772 3430 844 impiis
3472 776 3702 833 animam
3728 794 3807 849 po-

2253 864 2442 934 suisti,
2473 864 2719 921 dorsum
2749 863 2951 935 utique
2981 862 3059 918 ad
3074 860 3307 931 ﬂagella
3331 877 3563 934 ponens,
3600 866 3809 923 maxillas

2251 970 2388 1010 vero
2411 954 2488 1008 ad
2516 953 2751 1026 palmas
2771 951 3155 1017 constituens,
3178 950 3387 1006 faciem
3404 967 3625 1024 quoque
3639 960 3768 1011 tuam
3784 972 3810 1013 a

2251 1043 2602 1103 confusione
2619 1047 2917 1114 sputorum
2934 1057 3054 1097 non
3066 1040 3370 1096 retrahens
3403 1057 3413 1095 :
3447 1042 3813 1113 Quiergotanta

2252 1138 2308 1191 et
2322 1132 2460 1190 talia
2477 1131 2539 1188 in
2552 1136 2825 1203 suscepto
2841 1146 2950 1203 pro
2972 1129 3145 1185 nobis
3167 1144 3381 1200 passus
3404 1145 3463 1184 es
3492 1146 3723 1202 corpore,
3746 1133 3813 1190 {ac

2251 1238 2363 1279 nos
2414 1220 2750 1294 perenniter
2790 1220 2849 1276 in
2890 1224 3003 1275 tum
3044 1218 3277 1275 Deitatis
3316 1217 3536 1274 visione
3577 1219 3811 1291 laetaris.

2250 1314 2442 1368 Amen
2456 1353 2470 1366 .

2320 1399 2667 1469 Antiphone
2696 1403 2748 1456 3.
2775 1397 3064 1455 Persecuti
3095 1400 3235 1452 sunt
3256 1412 3345 1452 me
3394 1396 3597 1452 inimici
3633 1398 3744 1461 mei,
3777 1404 3818 1454 et

2249 1489 2721 1546 miscricordiam
2750 1489 2811 1544 in
2836 1504 2932 1544 me
2949 1503 3068 1543 non
3086 1486 3357 1541 fecerunt
3383 1505 3395 1544 :
3418 1484 3609 1541 lancea
3630 1501 3821 1557 percus-

2250 1584 2451 1635 serunt
2480 1594 2658 1651 super
2678 1593 2847 1633 renes
2878 1591 3045 1631 meos
3071 1592 3084 1641 ;
3112 1590 3223 1644 ego
3247 1578 3447 1630 autem
3468 1574 3536 1628 ad
3567 1575 3817 1630 Dominum

494 1669 1067 1740 vertecaptivitatem
1082 1676 1347 1726 nostram
1380 1671 1955 1743 :quihodiedorsum
1979 1675 2140 1726 tuum
2172 1680 2215 1736 Β
2250 1667 2521 1723 clamavi.
2576 1666 2644 1727 V.
2703 1664 2952 1721 Eﬂ‘unde
2982 1678 3161 1735 super
3202 1662 3476 1718 inimicos
3520 1678 3659 1717 meos
3698 1661 3822 1717 iram

496 1755 822 1825 adﬂagella
843 1772 1092 1828 ponens,
1122 1758 1394 1814 maxillas
1416 1775 1557 1815 vero
1571 1759 1647 1814 ad
1662 1759 1897 1830 palmas
1921 1759 2140 1815 consti-

494 1850 687 1911 tuens,
712 1846 911 1910 hodie,
936 1848 1071 1903 Jesu
1105 1847 1281 1911 bone,
1313 1848 1526 1904 faciem
1547 1853 1715 1904 tuam
1760 1864 1869 1919 pro
1900 1848 2076 1904 nobis
2104 1865 2142 1905 a

495 1933 843 1990 confusione
880 1940 1193 2008 sputorum
1248 1952 1371 1992 non
1416 1942 1729 2004 avertens;
1762 1937 1960 2004 hodie,
2004 1940 2142 1994 Jesu

495 2020 872 2092 Redemptor,
896 2038 1003 2094 pro
1018 2024 1441 2079 nobisinlusus
1454 2042 1517 2080 es
1545 2068 1557 2092 ,
1587 2025 1665 2081 ab
1681 2025 2001 2081 inﬁdelium
2021 2025 2139 2081 ala-

494 2109 586 2180 pis
603 2110 1027 2181 colaphizatus,
1052 2118 1109 2168 et
1132 2114 1321 2185 spinis
1349 2114 1427 2169 ab
1448 2114 1531 2169 eis
1553 2120 1873 2170 coronatus
1900 2131 1914 2179 ;
1940 2114 2138 2181 hodie,

494 2200 699 2255 Pastor
726 2199 903 2266 bone,
937 2215 1046 2272 pro
1077 2202 1287 2257 ovibus
1313 2202 1581 2258 animam
1605 2208 1774 2258 tuam
1800 2204 2053 2276 posuisti
2082 2204 2141 2259 in

496 2302 669 2343 cruce
690 2305 708 2357 ;
738 2303 877 2343 cum
897 2288 1230 2345 latronibus
1243 2289 1459 2346 afﬁxus
1478 2307 1563 2356 es,
1588 2296 1645 2347 et
1663 2307 1881 2347 manus
1900 2299 2145 2348 sacratae

495 2374 672 2430 afﬁxe
698 2392 836 2432 cum
866 2377 1046 2433 clavis
1072 2378 1130 2433 in
1158 2395 1327 2434 cruce
1353 2396 1366 2446 ;
1396 2380 1591 2444 hodie,
1622 2381 1852 2452 positus
1885 2398 1947 2435 es
1972 2383 2033 2436 in
2056 2396 2144 2436 se—

496 2462 748 2535 pulchro
781 2464 893 2520 sub
921 2466 1286 2534 custodibus,
1319 2473 1372 2522 et
1397 2469 1592 2523 Sancti
1632 2469 1948 2540 sepulchra
1986 2469 2140 2524 laxa~

499 2556 637 2607 runt
669 2572 681 2610 :
713 2552 909 2624 hodie,
930 2556 1069 2609 Jesu
1087 2553 1266 2623 bone,
1281 2556 1465 2611 ﬁnem
1483 2572 1639 2628 pone
1653 2558 1871 2613 nostris
1891 2555 2143 2624 delictis,

498 2639 642 2695 utin
673 2640 765 2696 die
786 2643 1231 2699 resurrectionis
1260 2649 1374 2700 tuae
1403 2662 1543 2701 cum
1582 2646 1800 2715 gaudio
1832 2663 2145 2702 sumamus

496 2742 638 2800 corp
649 2745 713 2784 us
725 2735 897 2787 tuum
910 2736 1202 2793 sanctum.
1219 2737 1276 2789 et
1295 2750 1465 2790 sacro
1480 2736 1769 2807 sanguine
1783 2736 2044 2792 reﬁciam
2054 2752 2141 2793 ur.

494 2817 635 2873 Inde
648 2818 903 2890 petimus
915 2826 971 2875 et
986 2836 1269 2892 rogamus
1282 2838 1385 2878 san
1396 2826 1551 2880 ctam
1565 2824 1941 2881 clementiam
1955 2830 2139 2891 tuam,

494 2905 736 2975 Christe,
777 2908 879 2980 qui
919 2913 1083 2966 tanta
1116 2914 1173 2966 et
1199 2910 1337 2967 talia
1362 2927 1471 2983 pro
1516 2912 1690 2969 nobis
1720 2920 2054 2986 susceptus,
2088 2920 2143 2971 et

2248 1761 2415 1815 tuam
2448 1772 2460 1811 :
2491 1760 2548 1811 et
2574 1752 2905 1823 indignatio
2935 1753 3036 1808 irae
3066 1756 3179 1808 tuae
3218 1750 3615 1823 apprehendat
3638 1765 3739 1805 eos.

2320 1846 2544 1901 Oratio.
2585 1846 2720 1900 Jesu
2750 1842 3015 1907 Domine,
3037 1842 3140 1913 qui
3160 1839 3433 1895 dolorem
3460 1838 3696 1894 Ecclesia
3715 1843 3820 1901 tuis,

2249 1950 2370 2008 quo
2389 1934 2465 1989 ad
2488 1933 2739 1989 nihilum
2764 1931 3009 1988 radacta
3032 1934 3171 1985 sunt
3194 1946 3340 1984 ossa
3358 1929 3502 1999 ejus,
3526 1928 3645 2000 pius
3661 1925 3825 1996 guber-

2250 2029 2423 2081 nator
2449 2022 2743 2091 intelligis,
2793 2021 2939 2078 dum
2970 2020 3118 2077 alios
3157 2024 3332 2075 extra
3360 2034 3487 2074 eam
3524 2015 3822 2072 inﬁdelitatis

2251 2130 2476 2184 vorago
2496 2112 2846 2186 praecipitat,
2875 2111 3025 2166 alios
3047 2110 3201 2165 intra
3220 2124 3363 2164 eam
3396 2106 3734 2163 tentalionem
3752 2103 3825 2159 foe.

2253 2203 2405 2259 ditas
2427 2206 2633 2270 necat;
2666 2200 2926 2257 concede
2939 2198 3132 2264 nobis,
3162 2205 3225 2253 ut
3245 2198 3394 2269 quia
3419 2201 3478 2251 tu
3503 2194 3828 2266 solusprono-

2253 2291 2347 2348 bis
2367 2296 2423 2346 et
2445 2295 2700 2346 tentatus
2737 2293 2793 2346 et
2815 2305 3029 2361 passus
3045 2303 3128 2351 es,
3148 2292 3210 2342 tu
3222 2302 3344 2342 uos
3357 2290 3459 2343 eta
3480 2281 3830 2340 tentationibus

2255 2384 2310 2437 et
2334 2395 2370 2434 a
2408 2377 2788 2451 passionibus
2818 2377 3039 2432 nostris
3071 2376 3257 2441 solus,
3296 2376 3446 2448 ipse,
3480 2372 3671 2444 eripias
3703 2384 3829 2441 :quo

2256 2468 2661 2525 testimonium
2689 2470 2960 2523 nostrum
2992 2466 3147 2521 intra
3176 2470 3349 2520 tuam
3382 2461 3674 2519 Ecclesiam
3690 2460 3757 2515 ita
3779 2457 3833 2513 sit

2255 2557 2413 2623 utile,
2493 2563 2558 2612 ut
2624 2571 2964 2613 mereamur
3014 2554 3119 2611 tibi
3166 2554 3296 2609 siue
3364 2552 3480 2608 ﬁne
3526 2550 3740 2623 placere.
3783 2557 3831 2613 ἢ.

2253 2650 2461 2703 Amen.

2324 2746 2386 2805 Br.
2425 2735 2583 2792 Sicut
2628 2749 2782 2790 onus
2836 2748 3014 2800 grave
3061 2735 3330 2803 gravatas
3368 2735 3504 2785 sunt
3534 2741 3680 2799 super
3717 2738 3826 2778 me:

2252 2822 2950 2895 computrueruntplagaa
2978 2838 3144 2877 mere.
3169 2823 3247 2879 P.
3278 2820 3437 2886 Quia
3456 2819 3530 2874 ad
3549 2813 3835 2885 ﬂagellapa-

2250 2917 2411 2968 ratus
2434 2928 2558 2969 sum
2580 2930 2599 2983 ;
2629 2909 2870 2968 etdolor
2882 2927 3042 2965 meus
3069 2910 3130 2965 in
3153 2913 3484 2981 conspectu
3507 2921 3619 2961 meo
3631 2914 3834 2972 semper.

493 3010 707 3066 passus
724 3012 785 3051 es
811 2998 871 3051 in
892 3013 1140 3069 corpore
1164 3006 1371 3056 sancto
1393 3006 1495 3057 tuo
1523 3020 1537 3068 ;
1562 3002 1786 3058 redime
1809 3020 1919 3058 nos
1938 3020 2142 3060 servos
2175 3032 2215 3087 ρ
2249 3001 2311 3062 V.
2337 3002 2575 3057 Exaruit
2594 3017 2694 3056 cor
2733 3016 2955 3068 meum,
2989 3004 3045 3055 et
3094 3014 3264 3054 renes
3302 2997 3422 3052 mei
3449 2991 3797 3087 resolulisunl
3825 3003 3836 3044 ι

495 3087 628 3137 tuos
644 3099 680 3138 a
702 3084 961 3140 tenebris
976 3086 1302 3142 inferorum
1324 3092 1382 3144 et
1402 3088 1479 3145 ab
1503 3089 1731 3145 insidiis
1757 3092 2141 3159 inimicorum,

495 3174 558 3225 ut
587 3170 748 3226 diem
778 3174 1231 3230 resurrectionis
1264 3181 1378 3233 tuae
1411 3178 1611 3250 repleti
1640 3180 1861 3250 Spiritu
1902 3183 2137 3246 Sancto,

495 3264 551 3315 et
590 3261 863 3317 mundati
907 3262 980 3317 ab
1009 3265 1174 3320 omni
1211 3265 1445 3335 delicto,
1486 3267 1869 3325 beatitudinis
1908 3274 2141 3327 aeternae

496 3349 798 3421 patiamur
827 3350 1119 3409 subsidio.

568 3440 737 3497 Pater
754 3443 975 3497 noster.

1123 3531 1218 3587 Ad
1248 3534 1523 3591 Tertiam.

746 3618 1200 3678 Proverbiorum
1233 3622 1560 3679 Salomonis
1583 3625 1747 3695 (Cap.
1781 3629 1890 3699 nl).

568 3714 633 3774 13,.
654 3705 774 3761 Deo
798 3709 1040 3777 gratias.

569 3792 686 3859 Fili,
710 3794 765 3851 Si
790 3794 1125 3865 dormieris,
1144 3798 1342 3855 salvus
1361 3800 1474 3857 eris
1504 3818 1516 3857 :
1550 3802 1844 3875 quiesces,
1868 3813 1922 3861 et
1942 3807 2142 3864 suavis

495 3881 611 3937 eris
638 3899 886 3939 somnus
914 3890 1049 3940 tuus
1083 3904 1099 3939 :
1137 3903 1211 3942 ne
1238 3904 1462 3960 paveas
1483 3894 1793 3963 repentino
1814 3899 2053 3961 terrore,
2086 3901 2142 3953 et

493 3970 795 4028 inruentes
826 3972 929 4028 tibi
954 3975 1611 4049 potentiasimpiorum.
1641 3983 1927 4038 Dominus
1951 3984 2058 4039 erit
2079 3984 2141 4039 in

493 4056 675 4115 latere
704 4064 825 4126 tuo,
848 4066 903 4118 et
931 4063 1218 4120 custodiet
1245 4065 1459 4136 pedem
1491 4072 1680 4139 tuum,
1720 4085 1794 4125 ne
1826 4072 2081 4144 capiaris
2105 4089 2142 4129 a

495 4147 675 4204 malo.
712 4159 775 4219 Iv.
807 4150 1018 4207 Amen.

565 4237 923 4306 Antiphona.
947 4240 1181 4298 Faciem
1206 4258 1404 4299 meam
1435 4260 1767 4318 conspuere
1789 4264 1912 4305 non
1938 4266 2142 4307 veren-

495 4328 589 4380 tur
629 4341 641 4378 :
685 4325 839 4382 illico
870 4337 1270 4397 surrexerunt,
1305 4338 1361 4388 et
1392 4342 1814 4405 oppresserunt
1839 4354 1925 4393 me
1956 4358 1967 4397 :
2002 4338 2142 4395 insi-

493 4412 637 4470 diati
661 4420 819 4481 sunt,
853 4432 963 4473 nec
990 4418 1114 4485 fuit,
1144 4421 1247 4492 qui
1277 4421 1451 4478 ferret
1488 4423 1795 4480 auxilium.
1824 4425 1886 4487 Vir.
1919 4428 2144 4499 Impro-

497 4503 729 4573 perium
745 4508 1078 4576 expectavit
1102 4523 1204 4564 cor
1227 4525 1449 4574 meum,
1471 4515 1527 4566 et
1541 4512 1835 4570 miseriam
1850 4557 1863 4570 .
1890 4515 1958 4571 Et
1974 4516 2144 4573 susti-

496 4590 599 4646 nui
615 4593 717 4663 qui
731 4592 907 4649 simul
927 4611 1165 4652 mecum
1183 4597 1645 4667 contristaretur,
1667 4603 1837 4675 etqui
1868 4605 2142 4662 consola-

496 4685 692 4750 retur;
726 4688 781 4737 et
810 4699 932 4739 non
954 4684 1077 4740 fuit.

568 4769 796 4827 Oratio.
827 4771 1071 4841 Christe,
1095 4774 1194 4830 Dei
1222 4776 1415 4842 Filius,
1449 4779 1620 4848 cujus
1643 4779 1822 4837 facies
1837 4798 1942 4853 pro
1962 4768 2139 4841 nobis

496 4858 686 4929 sputis
708 4861 899 4931 patuit
918 4861 1249 4921 inﬁdelium
1269 4884 1286 4936 ;
1321 4866 1604 4934 danobis,
1632 4874 1695 4925 ut
1712 4871 1878 4941 quod
1899 4871 1960 4927 in
1984 4878 2035 4929 te
2056 4874 2143 4929 in-

492 4943 746 5002 ﬁdelitas
764 4947 977 5006 habuit
997 4951 1320 5023 abjectum,
1343 4969 1453 5012 nos
1469 4955 1543 5011 ad
1564 4960 1781 5013 nostrae
1804 4958 2138 5019 habeamus

491 5033 633 5090 ﬁdei
663 5038 1041 5095 tutamentum
1076 5060 1088 5101 :
1122 5042 1257 5098 etin
1286 5058 1409 5115 quo
1433 5044 1533 5101 illa
1562 5044 1793 5102 offensa
1820 5051 1927 5116 est,
1976 5054 2039 5106 ut
2087 5055 2141 5108 te

493 5124 804 5180 Dominum
845 5126 1452 5200 cruciﬁgeretglorim,
1477 5147 1587 5189 nos
1617 5132 1724 5190 tibi
1751 5134 2137 5206 stabiliamur,

493 5217 547 5268 te
575 5219 847 5270 nostrum
874 5230 1116 5286 semper
1153 5223 1210 5274 et
1236 5218 1616 5279 liberatorem
1646 5229 2042 5296 expectantes,
2086 5234 2143 5284 et

488 5302 777 5373 judicem.
810 5315 875 5375 Βτ.
910 5310 1121 5363 Amen.

554 5392 901 5465 Antiphona
930 5401 981 5451 2.
1024 5398 1278 5453 Dorsum
1305 5412 1507 5453 meum
1536 5401 1707 5471 posui
1760 5402 1839 5459 ad
1875 5403 2141 5476 ﬂagella;

496 5482 774 5543 maxillas
795 5500 935 5545 vero
946 5486 1025 5544 ad
1049 5485 1285 5559 palmas
1304 5504 1324 5558 ;
1355 5486 1571 5545 faciem
1594 5504 1798 5551 meam
1820 5507 1942 5551 non
1959 5494 2145 5556 averti

2251 3095 2308 3147 et
2331 3106 2442 3161 ego
2470 3090 2548 3147 ad
2573 3090 2824 3146 nihilum
2850 3089 3129 3145 reductus
3162 3104 3326 3142 sum.
3363 3089 3425 3142 P.
3478 3084 3635 3150 Quia.
3674 3080 3837 3135 Flecte-

2252 3195 2388 3236 mus
2411 3195 2625 3249 genua.

2322 3270 2560 3326 Preces.
2581 3268 2977 3340 Deprecemur
2998 3265 3349 3331 Dominum,
3381 3270 3445 3323 ut
3472 3279 3580 3320 nos
3605 3277 3638 3316 a
3658 3254 3840 3328 ﬂagello

2252 3357 2354 3413 irae
2386 3372 2508 3411 suae
2537 3355 2829 3428 propitius
2859 3354 3111 3411 liberare
3140 3355 3444 3427 dignetur.

2322 3447 2565 3502 Preces.
2606 3444 2875 3509 Domine,
2912 3444 3190 3499 miserere
3222 3443 3368 3511 mei,
3393 3445 3451 3497 et
3475 3440 3652 3496 libera
3677 3449 3773 3491 me.
3795 3430 3844 3485 P.

2254 3533 2525 3600 Domine,
2556 3533 2796 3604 exaudi,
2827 3537 2884 3588 et
2917 3532 3213 3589 miserere.
3244 3531 3312 3592 ἓν.
3347 3530 3609 3590 Domine,
3644 3524 3747 3579 vim
3769 3533 3844 3592 pa-

2252 3623 2364 3681 tior
2396 3640 2409 3675 :
2443 3622 2739 3694 responde
2760 3637 2869 3694 pro
2890 3636 3007 3686 me,
3039 3626 3095 3676 et
3123 3620 3319 3677 libera
3357 3635 3481 3676 me.
3531 3619 3587 3672 P.
3630 3609 3844 3705 Dominf.

2250 3712 2319 3773 ἵ.
2360 3712 2479 3769 Filii
2511 3712 2715 3768 matris
2743 3727 2890 3767 mese
2917 3716 3346 3783 pugnaverunt
3375 3713 3580 3765 contra
3606 3697 3845 3767 me;tuli-

2250 3801 2396 3857 bera
2426 3817 2539 3857 me.
2568 3801 2632 3856 P.
2675 3800 2944 3869 Domine,
2989 3800 3227 3855 exaudi.
3255 3800 3329 3860 ἡ.
3394 3795 3739 3856 Circuieruut
3776 3800 3845 3841 me

2251 3891 2539 3963 undique,
2570 3905 2678 3945 nec
2699 3894 2805 3958 est,
2834 3889 2940 3961 qui
2972 3894 3140 3945 eruat
3173 3904 3184 3941 :
3217 3894 3281 3944 tu
3306 3888 3498 3944 libera
3527 3900 3635 3940 me.
3672 3882 3731 3936 P.
3761 3877 3846 3930 Do-

2250 3982 2431 4045 mine,
2465 3979 2640 4051 363
2670 3977 2909 4043 exaudi,
2944 3983 3000 4034 et
3038 3978 3342 4033 miserere.
3374 3976 3445 4037 ἢν.
3506 3975 3656 4031 Sicut
3697 3976 3845 4038 agnus

2252 4077 2598 4125 mansuetus
2610 4068 2825 4123 ductus
2842 4083 2977 4122 sum
2992 4067 3066 4121 ad
3080 4065 3389 4121 victimam
3411 4081 3424 4129 ;
3439 4064 3567 4135 jam
3580 4061 3745 4116 libera
3762 4066 3846 4109 me.

2250 4158 2313 4213 P.
2346 4157 2613 4222 Domine,
2636 4155 2703 4216 ἲν.
2740 4155 2999 4210 Dorsum
3025 4170 3227 4210 meum
3255 4154 3399 4210 dedi
3418 4142 3847 4226 percutientibUS,

2251 4250 2307 4302 et
2331 4260 2559 4315 gennas
2597 4259 2761 4300 meas
2792 4242 3148 4299 vellentibus
3179 4260 3192 4297 :
3233 4248 3297 4298 tu
3330 4242 3523 4298 libera
3554 4254 3657 4303 me.
3693 4235 3743 4288 P.
3773 4231 3850 4324 Dc-

2251 4335 2429 4405 mine,
2458 4334 2522 4396 V.
2557 4334 2789 4390 Faciem
2820 4348 3015 4390 meam
3055 4348 3178 4389 non
3208 4332 3399 4389 averti
3430 4330 3509 4387 ab
3555 4320 3850 4395 increpanti-

2250 4424 2386 4493 bus,
2413 4428 2471 4479 et
2491 4422 2959 4495 conspuentibus
2995 4440 3007 4475 :
3042 4427 3108 4478 tu
3132 4421 3322 4478 libera
3373 4436 3493 4477 me.
3540 4418 3608 4477 P.
3634 4409 3850 4470 Domine,

2250 4512 2313 4574 ἲν.
2343 4512 2743 4569 Satiatussum
2755 4510 3155 4567 amaritudine
3184 4527 3197 4565 :
3232 4509 3567 4565 inebriatus
3588 4496 3848 4560 sumfellet

2251 4607 2315 4658 tu
2343 4605 2584 4674 protege
2613 4616 2730 4665 me,
2776 4605 2833 4657 et
2868 4599 3056 4656 libera
3085 4615 3202 4656 me.
3238 4599 3303 4654 P.
3354 4598 3623 4660 Domine,
3654 4593 3708 4653 γ.
3750 4589 3852 4644 Tre-

2251 4690 2410 4747 ditus
2438 4706 2574 4746 sum
2591 4690 2667 4746 ad
2690 4692 2943 4745 mortem
2968 4706 2981 4744 :
3009 4689 3335 4759 deputatus
3354 4704 3492 4743 sum
3514 4699 3647 4741 cum
3658 4676 3853 4735 scelera-

2251 4781 2323 4837 tis
2353 4798 2365 4837 :
2397 4782 2460 4835 tu
2490 4778 2711 4835 suscita
2726 4794 2844 4844 me,
2877 4782 2935 4834 et
2952 4776 3138 4834 libera
3163 4792 3285 4833 me.
3329 4780 3394 4834 P.
3428 4774 3689 4835 Domine,
3708 4768 3760 4829 ῒο
3784 4764 3855 4819 Ιιι·

2250 4870 2387 4927 dica
2415 4884 2666 4926 causam
2706 4867 2925 4924 animae
2954 4884 3125 4933 meae,
3158 4867 3445 4923 defensor
3471 4866 3605 4923 vitae
3635 4873 3780 4918 mete,
3816 4856 3857 4906 el

2247 4960 2438 5025 libera
2462 4973 2579 5014 me.
2612 4961 2671 5014 P.
2701 4958 2965 5015 Domine.
2999 4956 3060 5018 ir.
3103 4957 3395 5013 Dicamus
3436 4970 3662 5014 omnes.
3687 4948 3855 5006 Diaco-

2249 5063 2360 5108 ηαδ
2387 5048 2531 5105 dicit
2564 5046 2777 5117 Erigite
2807 5063 2936 5103 vos.
2965 5045 3044 5102 Et
3073 5047 3410 5115 Episcopus
3438 5046 3602 5101 dicit.

2325 5137 2550 5195 Oratio.
2575 5136 2822 5206 Ingeniti
2853 5135 3042 5192 Patris
3072 5135 3384 5206 Unigenite
3407 5134 3647 5197 Christe,
3669 5125 3760 5201 qui
3776 5134 3858 5197 pro

2252 5226 2427 5284 nobis
2456 5226 2533 5282 ab
2557 5224 2757 5297 impiis
2785 5224 2963 5281 hodie
2989 5224 3274 5281 occideris
3302 5223 3623 5291 innocens;
3646 5217 3722 5275 tui
3758 5224 3858 5268 san-

2254 5314 2449 5387 guinis
2479 5312 2859 5371 reminiscere
2887 5315 3166 5386 pretium,
3198 5316 3251 5368 et
3298 5313 3483 5369 totius
3526 5304 3721 5383 populi
3760 5297 3856 5357 dele

2254 5407 2567 5476 peccatum
2588 5422 2607 5475 ;
2635 5403 2859 5476 quique
2894 5419 3001 5475 pro
3032 5402 3209 5459 nobis
3239 5401 3504 5473 perferre
3529 5400 3786 5468 dignatus
3810 5401 3857 5442 es

2256 5495 2451 5566 sputa,
2466 5492 2708 5567 probra,
2722 5491 2980 5563 vincula,
2995 5491 3305 5565 colaphos,
3330 5491 3560 5564 alapas,
3581 5476 3856 5552 etﬂageuar
