4036 6158
193 234 310 289 509
1638 232 1708 288 IN
1746 233 1859 290 PAl

1962 233 2191 294 SCEVE.
3513 250 3619 310 δίο

195 374 466 426 crucem,
492 357 712 421 clavos,
743 357 1227 425 amaritudinem,
1248 361 1520 426 mortem,
1559 358 1855 428 lanceam,
1889 363 1928 416 A

193 463 272 504 ac
301 446 632 503 novissime
670 446 1074 517 sepulturam;
1103 447 1278 502 nobis
1308 447 1562 513 miseris,
1596 465 1705 520 pro
1731 450 1859 521 qui-

197 536 319 592 bus
340 535 469 590 haec
500 552 720 607 passus
743 551 824 604 es,
859 536 1112 591 caelestis
1134 536 1301 605 regni
1331 536 1521 592 tribue
1545 536 1859 594 beatitudi-
2219 543 2287 596 Ut
2313 545 2555 614 superni
2575 546 2848 602 membra
2879 548 3049 616 Regis

196 640 349 680 nem
377 624 674 680 infinitam
707 641 717 680 :
744 629 808 680 ut
833 625 939 697 qui
963 625 1305 696 passionem
1343 628 1678 682 venerando
1694 642 1859 698 pros-
2212 629 2322 685 Miti
2350 631 2558 687 tendas
2589 633 2804 705 stipite.

203 714 520 778 ternimur,
554 713 1003 770 resurrectionis
1036 719 1151 770 tua:
1182 714 1419 784 gaudiis
1472 715 1551 771 ad
1600 714 1859 771 cmlestia
2288 721 2422 779 Sola
2447 721 2630 793 digna
2662 726 2726 777 tu
2748 723 2906 779 fuisti

200 802 616 859 sublevemur.
2218 814 2385 868 Ferre
2407 811 2661 882 pretium
2695 813 2915 879 saeculi,

276 895 452 948 Pater
480 896 701 948 noster.
745 894 810 947 Et
838 907 913 947 ne
943 907 1078 947 nos.
2215 903 2402 971 Atque
2423 903 2662 970 portum
2699 915 3037 972 praeparare

562 999 628 1034 AD
661 996 1073 1036 SALUTATIONEM
1101 997 1248 1037 L1ch
1293 997 1505 1038 nomm.
2218 991 2404 1044 Nauta
2436 987 2665 1043 mundo
2691 989 3005 1059 naufrago,

2222 367 2286 419 Et
2308 364 2467 435 rigor
2497 366 2781 424 lentescat
2803 369 2916 435 ille,

2221 454 2406 517 Quem
2430 455 2592 512 dedit
2630 457 2909 513 nativitas
2932 475 2944 512 :

884 1071 1160 1139 Hymnus
1173 1112 1185 1125 .

531 1159 732 1229 Pange
756 1157 966 1227 lingua
1008 1158 1255 1228 gloriosi

459 1245 737 1302 Przelium
767 1246 1130 1312 certaminis,

457 1338 522 1390 Et
551 1350 728 1406 super
759 1335 958 1390 Crucis
996 1335 1338 1407 trophaeum

459 1424 558 1478 Dic
589 1422 960 1494 triumphum
1002 1424 1266 1480 nobilem
1292 1445 1304 1480 :

456 1512 719 1578 Qualiter
745 1512 1106 1584 Redemptor
1126 1513 1290 1569 orbis

453 1601 803 1657 lmmolatus
827 1601 1046 1656 vicerit.

526 1694 602 1745 De
635 1690 894 1761 parentis
917 1690 1270 1762 protoplasti

449 1779 675 1836 Fraude
703 1778 858 1834 facta
899 1779 1245 1846 condolens,

419 1887 422 1890 λ
448 1867 701 1933 Quando
727 1867 893 1939 pomi
918 1867 1176 1922 noxialis

447 1959 622 2012 Morte
654 1971 862 2010 morsu
895 1956 1112 2011 corruit
1134 1972 1147 2009 :

445 2049 578 2117 ipse
603 2044 838 2115 lignum
868 2049 1011 2099 tunc
1041 2045 1288 2111 notavit,

449 2136 684 2190 Damna
712 2133 854 2203 ligni
887 2137 952 2188 ut
981 2132 1254 2190 solveret.

523 2226 642 2279 Hoc
666 2238 819 2294 opus
848 2226 1065 2277 nostra;
1107 2222 1313 2278 salutis

467 2312 626 2370 Ordo
654 2311 1106 2384 depoposcerat,

450 2398 822 2456 Multiformis
851 2400 1173 2471 proditoris

451 2495 558 2545 Ars
593 2496 654 2544 ut
673 2493 861 2545 artem
897 2487 1122 2544 falleret
1148 2503 1159 2542 :

450 2579 515 2634 Et
542 2577 840 2634 medelam
867 2577 1041 2633 ferret
1064 2577 1224 2646 inde,

458 2667 646 2724 Hostis
679 2666 835 2722 unde
866 2666 1110 2722 laeserat.

520 2756 772 2822 Quando
801 2757 961 2811 venit
992 2770 1133 2824 ergo
1166 2755 1317 2812 sacri

445 2845 754 2902 Plenitudo
791 2845 1096 2917 temporis,

444 2937 649 2992 Missus
679 2941 770 2992 est
793 2935 871 2992 ab
915 2951 1049 2991 arce
1089 2935 1274 2993 Patris

445 3029 642 3089 Natus,
668 3023 830 3080 orbis
865 3024 1139 3079 conditor
1157 3043 1174 3095 ;

440 3119 628 3186 Atque
661 3118 862 3168 ventre
895 3111 1176 3182 Virginali

443 3205 594 3259 Caro
635 3201 824 3258 factus
850 3201 1089 3273 prodiit.

514 3292 684 3360 Vagit
713 3291 911 3348 infans
940 3290 1093 3347 inter
1118 3294 1282 3348 arcta

440 3379 722 3437 Conditus
753 3381 1046 3452 praesepia
1074 3395 1086 3434 :

443 3469 702 3525 Membra
731 3469 948 3540 pannis
979 3468 1247 3525 involuta

443 3558 616 3628 Virgo
647 3560 822 3615 Mater
847 3557 1049 3626 alligat
1074 3574 1088 3614 :

447 3650 507 3702 Et
539 3663 774 3716 manus,
804 3647 1130 3720 pedesque,
1155 3663 1330 3704 crura

445 3735 654 3792 Stricta
692 3734 878 3805 cingit
893 3735 1103 3795 fascia.

516 3825 718 3881 Lustra
752 3840 854 3880 sex
877 3825 978 3897 qui
994 3825 1122 3896 jam
1159 3828 1400 3897 peracta

437 3913 696 3985 Tempus
727 3913 984 3986 implens
1021 3915 1304 3987 corporis,

441 4007 510 4060 Se
541 4003 794 4067 volente,
826 4011 1000 4059 natus
1038 4003 1115 4060 ad
1133 4004 1245 4060 hoc

445 4091 712 4149 Passioni
753 4092 1010 4162 deditus,

440 4189 638 4253 Agnus
664 4182 725 4237 in
749 4181 949 4238 Crucis
973 4182 1200 4239 levatur

441 4271 847 4328 lmmolandus
878 4271 1091 4343 stipite.

515 4361 613 4416 llic
641 4365 900 4427 acetum,
934 4359 1031 4426 fel,
1060 4361 1314 4423 arundo,

443 4454 645 4523 Sputa,
687 4449 856 4510 clavi,
889 4448 1102 4504 lancea
1122 4465 1133 4504 :

441 4540 567 4597 Mite
595 4555 812 4612 corpus
843 4539 1208 4610 perforatur:

445 4630 700 4697 Sanguis
729 4627 894 4684 unda
927 4625 1199 4698 proﬂuit:

439 4716 636 4781 Terra,
670 4721 910 4789 pontus,
936 4720 1114 4780 astra,
1138 4716 1402 4772 mundus

438 4807 566 4871 Quo
599 4805 874 4863 lavantur
908 4805 1152 4861 ﬂumine
1182 4805 1194 4860 Ξ

511 4897 660 4951 Crux
693 4894 905 4961 ﬁdelis,
939 4895 1091 4950 inter
1137 4911 1345 4952 omnes

433 4982 619 5040 Arbor
644 5000 766 5040 una
797 4981 1049 5039 nobilis:

430 5071 602 5127 Nulla
633 5072 782 5127 silva
809 5070 986 5127 talem
1011 5072 1233 5144 profert

428 5161 679 5226 Fronde,
714 5160 878 5227 ﬂore,
911 5161 1174 5233 germine
1201 5178 1212 5217 :

427 5249 608 5306 Dulce
638 5249 890 5320 lignum,
918 5249 1124 5307 dulces
1148 5249 1372 5315 clavos,

431 5339 612 5396 Dulce
641 5340 888 5412 pondus
911 5339 1179 5397 sustinet.

504 5428 692 5484 Flecte
722 5444 925 5484 ramos
973 5427 1154 5486 arbor
1192 5427 1330 5488 alta.

435 5519 634 5574 Tensa
661 5517 800 5574 laxa
833 5517 1094 5587 viscera;

2217 1079 2408 1143 Quam
2435 1092 2603 1132 sacer
2633 1093 2808 1133 cruor
2835 1079 3112 1149 perunxit

2217 1167 2369 1222 Fuso
2393 1167 2543 1236 Agni
2585 1167 2899 1235 sanguine.

2288 1258 2439 1310 Laus
2467 1254 2570 1309 tibi
2595 1270 2700 1326 per
2725 1270 2903 1310 omne
2949 1259 3186 1327 tempus

2215 1343 2466 1399 Trinitas
2506 1342 2880 1398 indifferens:

2218 1436 2389 1499 Laus,
2412 1433 2623 1497 honor,
2657 1433 2960 1505 virtusque
3000 1450 3258 1498 summa,

2216 1521 2543 1593 Singularis
2570 1520 2758 1590 gloria
2786 1539 2798 1588 ;

2215 1611 2356 1676 Quae
2389 1614 2441 1665 te
2473 1611 2659 1664 Deum
2707 1609 3064 1666 saeculorum

2215 1700 2490 1754 Personet
2520 1700 2576 1752 in
2613 1698 2848 1754 saecula.

2283 1792 2496 1843 Amen.

2036 1878 2255 1933 Oratio.
2286 1878 2328 1932 Ο
2361 1880 2568 1932 sancta
2595 1878 2768 1946 Crux,
2799 1877 2855 1931 in
2879 1891 3002 1948 qua
3033 1878 3197 1934 salus
3251 1882 3460 1935 nostra
3512 1894 3613 1951 pe-

1960 1965 2166 2037 pendit
2189 1983 2202 2021 :
2229 1981 2332 2037 per
2358 1965 2789 2021 teintroeamus
2807 1965 2878 2020 ad
2905 1968 3137 2022 Patrem
3157 1983 3167 2022 :
3187 1971 3357 2039 perte
3369 1967 3611 2023 veniam

1961 2070 2331 2110 mereamur:
2361 2069 2467 2125 per
2497 2059 2551 2109 te
2584 2053 2746 2126 apud
2795 2053 3091 2110 Christum
3143 2055 3478 2112 habeamus
3528 2056 3614 2112 in-

1960 2143 2329 2214 dulgentiam
2356 2147 2413 2198 et
2437 2143 2695 2198 veniam.
2732 2154 2794 2212 BI.
2829 2146 3038 2199 Amen.

2030 2233 2382 2302 Antiphona
2407 2232 2480 2288 de
2504 2233 2696 2302 Ligno
2734 2233 2996 2288 Domini.
3023 2232 3271 2303 Signum
3324 2232 3615 2290 habentes

1961 2320 2036 2376 ad
2068 2321 2708 2377 commemorationem
2759 2320 3027 2377 mandati
3084 2321 3231 2392 legis
3269 2326 3404 2387 tum,
3434 2321 3613 2394 364

1960 2408 2174 2478 exiguo
2200 2409 2363 2478 ligno
2409 2408 2709 2464 credimus
2765 2410 2999 2465 animas
3044 2415 3298 2475 nostras,
3347 2414 3411 2466 ut
3460 2415 3615 2466 tran-

1959 2502 2198 2553 seuntes
2232 2513 2395 2552 mare
2426 2497 2755 2552 liberemur
2781 2503 2958 2569 perte
2982 2499 3305 2554 Dominum
3352 2499 3614 2555 Salvato-

1958 2600 2104 2640 rem.
2144 2585 2200 2643 \‘T.
2236 2585 2523 2640 Dominus
2555 2584 2829 2653 regnavit
2861 2585 2920 2640 in
2974 2585 3158 2655 ligno.
3214 2588 3440 2642 Etenim
3490 2604 3613 2644 cor-

1957 2673 2106 2729 rexit
2130 2672 2340 2728 orbem
2373 2679 2563 2742 terrae,
2592 2673 2695 2744 qui
2727 2688 2849 2728 non
2897 2674 3395 2732 commovebitur.

2030 2761 2376 2830 Antiphona
2398 2766 2451 2815 2.
2475 2764 2586 2816 lter
2607 2759 2862 2816 facimus
2883 2760 3047 2830 ligno
3069 2763 3324 2832 portanti
3341 2782 3352 2820 :
3369 2777 3478 2818 vos
3521 2762 3611 2818 in-

1957 2857 2166 2908 vocate
2198 2851 2454 2921 Patrem,
2491 2854 2552 2905 ut
2575 2853 2944 2905 transeuntes
2969 2866 3132 2905 mare
3156 2866 3259 2922 per
3291 2850 3518 2920 lignum
3549 2849 3612 2905 li-

1956 2941 2255 2996 beremur.
2289 2939 2347 3000 ἢν.
2382 2938 2681 2995 Auxilium
2733 2954 2935 2994 meum
2974 2955 3009 2994 a
3037 2939 3307 3005 Domino,
3343 2939 3447 3012 qui
3477 2939 3613 2996 fecit

1956 3029 2175 3085 coelum
2198 3032 2256 3085 et
2284 3032 2527 3085 terram.

2025 3118 2379 3188 Antiphona
2410 3121 2463 3174 3.
2495 3116 2876 3173 Benedictum
2901 3120 2988 3173 est
3020 3115 3271 3187 lignum,
3305 3132 3412 3189 per
3442 3115 3608 3189 quod

1951 3207 2017 3262 ﬁt
2036 3207 2281 3279 justitia.
2309 3211 2373 3262 In
2405 3207 2519 3263 hoc
2545 3214 2742 3262 autem
2766 3206 3380 3273 ostendisti,Domine,
3414 3203 3608 3259 inimi-

1952 3296 2034 3351 cis
2056 3295 2295 3366 nostris,
2323 3295 2466 3368 quia
2497 3300 2559 3350 tu
2582 3312 2664 3360 es,
2698 3296 2800 3366 qui
2825 3295 3039 3350 liberes
3068 3293 3145 3350 ab
3201 3291 3368 3348 omni
3419 3291 3600 3349 malo.

1949 3384 2010 3445 ἲν.
2045 3387 2335 3440 Laetentur
2360 3383 2514 3447 cceli,
2565 3387 2622 3438 et
2646 3382 3059 3444 exultetterra,
3104 3385 3416 3436 moveatur
3442 3392 3605 3436 mare

1950 3477 2005 3528 et
2031 3471 2340 3544 plenitudo
2381 3472 2531 3542 ejus.

2304 3561 2398 3616 Ad
2433 3561 2655 3616 Nonam
2702 3574 2815 3629 pro
2845 3558 3246 3629 indulgentia.

2019 3652 2196 3706 Snno.
2249 3649 2470 3718 Popule
2500 3664 2690 3715 meus,
2718 3647 2862 3720 quid
2917 3647 3024 3702 feci
3055 3647 3158 3703 tibi
3183 3646 3291 3702 ?in
3315 3661 3436 3718 quo
3467 3659 3605 3701 con-

1948 3738 2173 3796 tristavi
2202 3743 2252 3795 te
2280 3738 2306 3792 ?
2329 3737 2623 3810 responde
2642 3736 2810 3794 mihi.
2841 3740 2897 3791 P.
2917 3737 3064 3802 Quia
3086 3736 3264 3792 eduxi
3282 3740 3336 3791 te
3356 3736 3428 3790 de
3452 3739 3606 3790 terra

1948 3828 2202 3901 Egypti,
2227 3829 2451 3901 parasti
2478 3842 2717 3883 crucem
2774 3825 2939 3882 mihi.
2965 3829 3027 3881 ll.
3063 3826 3291 3889 Audite,
3335 3840 3469 3896 quae
3500 3827 3608 3880 Do-

1948 3917 2148 3974 minus
2171 3917 2463 3989 loquitur:
2487 3919 2756 3986 Surge,et
2775 3913 3378 3985 contendejudicium
3403 3913 3608 3968 adver-

1950 4023 2052 4063 sus
2071 4011 2328 4076 montes,
2357 4011 2413 4061 et
2450 4003 2893 4061 audiantcolles
2928 4020 3133 4059 vocem
3157 4009 3344 4058 tuam.
3378 4003 3432 4058 P.
3458 4001 3607 4068 Quia

1950 4097 2126 4152 eduxi
2150 4097 2172 4150 ?
2193 4095 2501 4151 Ill.Audite
2522 4099 2755 4150 montes
2773 4093 3063 4164 judicium
3095 4092 3347 4157 Domini,
3369 4090 3608 4147 etfortia

1951 4184 2343 4241 fundamenta
2367 4189 2532 4240 terra:
2561 4203 2573 4252 ;
2597 4182 2741 4256 quia
2765 4181 3062 4254 judicium
3093 4181 3481 4238 Dominicum
3503 4197 3606 4253 po-

1949 4273 2090 4346 pulo
2124 4289 2267 4341 suo;
2291 4277 2503 4330 etcum
2528 4272 2703 4327 lsrael
2726 4271 3341 4341 altercabitur,dicens
3365 4270 3606 4335 :P.Quia

1950 4361 2127 4418 eduxi
2150 4366 2221 4417 te.
2257 4361 2350 4419 lV.
2391 4359 2614 4433 Popule
2636 4376 2827 4425 meus,
2874 4359 3023 4432 quid
3079 4359 3184 4416 feci
3228 4359 3331 4414 tibi
3356 4361 3506 4416 ?aut
3546 4358 3608 4414 in

1951 4468 2072 4525 quo
2104 4457 2157 4507 te
2180 4451 2693 4507 contristavi?aut
2721 4450 2780 4505 in
2808 4465 2930 4522 quo
2980 4449 3083 4505 tibi
3127 4450 3415 4504 molestus
3471 4446 3554 4503 fui
3580 4449 3608 4503 ?

1949 4540 2248 4613 responde
2281 4539 2424 4595 mihi
2446 4556 2458 4594 :
2482 4539 2624 4612 quia
2647 4539 2824 4594 eduxi
2852 4544 2904 4594 te
2926 4538 3000 4593 de
3035 4543 3188 4594 terra
3235 4537 3468 4610 {Egypti
3494 4537 3521 4591 ἵ
3551 4540 3607 4593 et

1952 4630 2025 4686 de
2051 4630 2234 4685 domo
2267 4629 2566 4684 servitutis
2588 4627 2835 4683 liberavi
2866 4633 2922 4683 te
2941 4630 3038 4684 ?et
3085 4627 3216 4682 misi
3240 4632 3375 4682 ante
3392 4624 3602 4680 faciem

1953 4721 2118 4773 tuam
2146 4718 2665 4789 Moysem,Aaron,
2692 4720 2746 4770 et
2767 4716 3007 4771 Mariam
3025 4716 3051 4770 ?
3080 4713 3295 4779 P.Quia
3320 4711 3496 4767 eduxi
3527 4716 3600 4767 te.

1952 4808 2012 4861 V.
2045 4808 2101 4862 Si
2123 4805 2344 4876 afﬂiget
2374 4806 2557 4860 homo
2591 4807 2778 4860 Deum
2804 4803 2980 4876 ;quia
2994 4819 3102 4858 vos
3131 4799 3450 4857 confixistis
3481 4815 3599 4863 me,

1951 4899 2007 4950 et
2031 4893 2266 4950 dixistis
2289 4898 2371 4950 :ln
2394 4909 2514 4965 quo
2535 4892 2893 4948 conﬁximus
2917 4896 2968 4947 te
2985 4889 3402 4945 ?invaluerunt
3424 4903 3606 4961 super

1951 5000 2045 5039 me
2079 4983 2263 5039 verba
2291 4988 2486 5038 vestra
2514 5001 2525 5050 ;
2553 4987 2608 5038 et
2634 4981 2963 5037 contixistis
2996 4995 3112 5046 me,
3174 4995 3321 5049 gens
3371 4984 3510 5036 tota.
3539 4979 3602 5033 Ρ.

1951 5073 2100 5138 Quia
2122 5072 2300 5127 eduxi
2333 5076 2409 5127 te.
2445 5074 2531 5126 Vl.
2571 5070 2722 5136 Quid
2753 5070 3001 5140 dignum
3028 5068 3275 5126 offeram
3306 5069 3558 5124 Domino
3578 5067 3606 5122 τ

1949 5160 2222 5216 Curvabo
2249 5175 2445 5230 genua
2477 5159 2595 5215 Deo
2619 5160 2852 5216 excelso
2883 5177 2896 5215 :
2922 5159 3219 5232 numquid
3277 5157 3527 5214 ofleram
3552 5155 3606 5211 ei

1945 5248 2597 5317 holocaustomata,aut
2623 5249 2879 5306 vitulum
2900 5248 3245 5305 anniculum
3266 5248 3294 5302 ?
3309 5245 3606 5318 numquid

1945 5338 2170 5411 placari
2191 5338 2404 5410 poterit
2438 5339 2728 5395 Dominus
2751 5339 2811 5394 in
2839 5338 3100 5394 millibus
3117 5338 3368 5392 arietum
3382 5333 3513 5391 ?aut
3544 5335 3604 5391 in

1946 5426 2148 5487 multis
2169 5426 2424 5484 millibus
2444 5428 2752 5486 hircorum
2775 5426 3092 5501 pinguium
3111 5427 3210 5483 ?P.
3229 5424 3454 5481 Parasti
3474 5441 3606 5482 cru-

1947 5532 2088 5579 cem.
2118 5516 2238 5578 VII.
2272 5517 2574 5591 Numquid
2605 5516 2765 5576 dabo
2777 5513 3240 5590 primogenitum
3258 5529 3464 5572 meum
3492 5530 3604 5588 pro
