4036 6158
498 261 598 320 611

1748 241 2204 308 BREVIAFIIUM
2241 235 2632 308 GOTHICUM.
3725 270 3798 325 in

499 386 718 442 scelere
749 397 886 439 meo
908 381 1132 437 fructus
1153 378 1374 436 ventris
1390 379 1642 451 mei,pro
1655 383 1904 451 peccato
1928 379 2142 434 animae
2173 378 2222 431 Α
2326 378 2760 434 Prosternimur
2786 375 2862 432 ad
2892 389 3116 447 preces.
3133 374 3423 430 Trecentis
3442 377 3640 438 vicibus
3656 385 3805 447 indut.

495 474 686 531 meae?
703 476 759 528 P.
789 471 1013 528 Parasti
1034 485 1292 526 crucem.
1325 468 1460 522 VIII.
1490 468 1774 524 Indicabo
1804 467 1906 524 tibi
1935 469 2138 538 homo,

495 564 642 636 quid
665 564 741 618 sit
767 561 998 617 bonum
1021 575 1031 614 :
1058 563 1162 615 aut
1181 557 1326 630 quid
1358 557 1646 613 Dominus
1661 557 2141 628 qumratatezuti-

494 667 614 724 que
635 651 825 708 facere
843 647 1157 720 judicium,
1187 651 1244 702 et
1263 644 1508 715 diligere
1548 645 2020 702 misericordiam
2045 665 2060 712 ;
2090 648 2146 700 et

498 740 794 796 solicitum
809 737 1117 794 ambulare
1136 751 1273 791 cum
1293 737 1410 791 Deo
1427 734 1859 791 tuo.P.Paraati
1884 749 2141 794 crucem,

569 829 916 897 Prologum.
941 827 1014 880 In
1047 826 1226 894 ﬁnem
1272 838 1383 893 pro
1434 827 1798 893 susceptione
1842 823 2144 879 matutina

496 919 768 974 Psalmus
791 917 908 985 ipsi
931 915 1146 970 David.
1208 913 1528 983 Vigesimus
1575 914 1825 982 primus.
1885 915 2079 982 Longe
2109 928 2145 968 a

493 1007 679 1062 salute
710 1020 844 1060 mea
875 1003 1058 1058 verba
1087 1001 1441 1058 delictorum
1493 1017 1789 1058 meorum.
1842 1004 1932 1057 III.
1991 1004 2146 1056 Deus

493 1111 684 1159 meus,
719 1091 986 1148 clamabo
1016 1106 1124 1162 per
1152 1090 1333 1156 diem,
1376 1106 1484 1147 nec
1515 1091 1802 1148 exaudies
1825 1107 1838 1145 :
1859 1094 1915 1147 et
1947 1094 2140 1161 nocte,

493 1187 547 1238 et
580 1196 702 1237 non
723 1179 800 1236 ad
830 1178 1240 1249 insipientiam
1271 1180 1438 1236 mihi.

563 1287 874 1344 Silentium
906 1286 1109 1355 facite.
1143 1286 1190 1341 Ι.
1232 1287 1353 1354 Ego
1404 1289 1603 1342 autem
1647 1301 1779 1342 sum
1813 1285 2052 1354 vermis,
2093 1288 2149 1341 et

496 1390 621 1430 non
649 1374 832 1430 homo
856 1393 867 1426 :
887 1373 1280 1445 opprobrium
1300 1373 1704 1440 hominum,et
1734 1373 1990 1443 abjectio
2017 1372 2145 1445 ple-

493 1462 902 1518 bis.II.Omnes
927 1461 1031 1532 qui
1065 1459 1344 1516 videbant
1370 1475 1490 1526 me,
1522 1460 1982 1516 subsannabant
2014 1477 2142 1516 me:

497 1551 676 1607 locuti
703 1549 1056 1616 suntlabiis,
1088 1554 1144 1604 et
1170 1553 1488 1605 moverunt
1532 1554 1730 1620 caput.
1766 1549 1849 1606 III.
1887 1549 2149 1622 Speravit

497 1638 558 1694 in
593 1639 863 1709 Domino,
896 1638 1108 1710 eripiat
1132 1652 1304 1694 eum:
1329 1637 1565 1694 salvum
1593 1637 1772 1694 faciat
1803 1653 1961 1702 eum,
2004 1653 2150 1710 quo-

499 1727 664 1782 niam
695 1726 822 1781 vult
849 1743 1010 1782 eum.

567 1825 878 1882 Silentium
898 1824 1448 1894 facite.I.Quoniam
1477 1831 1536 1880 tu
1554 1825 1747 1897 es,qui
1770 1824 2022 1880 eduxisti
2041 1841 2146 1891 me,

495 1915 570 1971 de
596 1920 798 1970 ventre
823 1931 835 1970 :
858 1929 993 1986 spes
1024 1930 1161 1970 mea
1209 1913 1288 1970 ab
1313 1913 1598 1970 uberibus
1655 1913 1861 1970 matris
1905 1918 2146 1970 memJl.

497 2006 560 2058 In
583 2007 637 2059 te
663 2004 918 2074 jactatus
949 2019 1083 2059 sum
1113 2019 1180 2059 ex
1201 2008 1367 2060 utero
1396 2019 1408 2058 :
1443 2003 1730 2060 deventre
1759 2003 1964 2060 matris
2002 2017 2149 2060 mea

496 2092 654 2147 Deus
687 2105 858 2146 meus
915 2105 978 2147 es
1018 2097 1081 2148 tu
1112 2109 1126 2146 :
1159 2105 1232 2147 ne
1291 2090 1570 2148 discedas
1617 2108 1654 2148 a
1684 2107 1780 2147 me
1806 2108 1818 2146 :
1843 2094 1932 2146 III.
1998 2093 2149 2157 Quo-

495 2180 662 2236 niam
693 2180 999 2238 tribulatio
1042 2183 1129 2236 est
1176 2181 1569 2253 proximazet
1616 2195 1739 2237 non
1781 2183 1872 2237 est
1917 2180 2016 2253 qui
2051 2179 2148 2237 ad-

492 2269 680 2340 juvet.

570 2369 882 2434 Silentium
933 2377 1135 2446 facile.
1185 2377 1224 2432 I.
1273 2375 1806 2433 Circumdederunt
1848 2392 1944 2432 me
1983 2375 2149 2433 vituli

498 2463 696 2523 multi:
719 2465 1138 2538 tauripingues
1155 2463 1523 2521 obsederunt
1551 2481 1665 2521 me.
1694 2468 1760 2521 lI.
1779 2467 2150 2538 Aperuerunt

497 2553 560 2609 in
581 2569 676 2610 me
698 2569 765 2610 os
788 2553 1248 2620 suum,sicutleo
1269 2553 1508 2625 rapiens
1537 2557 1593 2610 et
1615 2551 1976 2625 rugienslll.
1991 2554 2149 2610 Sicut

497 2657 659 2714 aqua
677 2642 905 2698 effusus
920 2658 1084 2697 sum:
1112 2648 1167 2698 et
1188 2639 1459 2714 dispersa
1471 2642 1826 2698 suntomnia
1837 2657 1976 2698 ossa
1988 2658 2141 2699 mea.

564 2731 881 2788 Silentium
895 2732 1401 2802 facite.I.Factum
1421 2737 1508 2786 est
1521 2747 1623 2788 cor
1639 2747 1822 2787 meum
1849 2737 2144 2804 tamquam

493 2835 630 2876 cera
649 2819 987 2892 liquescens
1011 2821 1071 2876 in
1099 2819 1298 2876 medio
1321 2821 1541 2876 ventris
1587 2821 1730 2876 mei.
1777 2819 1844 2880 II.
1903 2823 2147 2879 Exaruit

492 2908 643 2965 sicut
668 2912 818 2965 testa
847 2909 1031 2965 virtus
1055 2925 1190 2966 mea
1214 2927 1227 2976 ;
1247 2908 1519 2980 etlingua
1540 2925 1676 2966 mea
1700 2909 2144 2967 adheesitfauci-

494 2995 611 3052 bus
643 2999 820 3052 meis:
854 3002 911 3053 et
937 2999 998 3053 in
1021 2998 1329 3071 pulverem
1351 2999 1557 3054 mortis
1586 2995 1884 3054 deduxisti
1906 3016 2022 3055 me.
2049 3003 2138 3055 III.

492 3087 788 3150 Quoniam
831 3087 1352 3142 circumdederunt
1407 3102 1505 3142 me
1558 3103 1739 3144 canes
1757 3087 1967 3144 multi:
2005 3105 2141 3146 con-

491 3172 696 3230 cilium
727 3175 1186 3246 malignantium
1215 3174 1446 3231 obsedit
1483 3191 1606 3232 me.

557 3280 876 3337 Silentium
897 3283 1102 3350 facile.
1134 3281 1175 3336 Ι.
1205 3281 1506 3337 Foderunt
1525 3298 1742 3338 manus
1765 3298 1932 3340 meas
1948 3288 2004 3341 et
2030 3300 2139 3358 pe-

487 3369 594 3426 des
625 3385 826 3429 meos:
860 3369 1390 3426 dinumeraverunt
1443 3371 1648 3428 omnia
1675 3387 1815 3428 ossa
1853 3388 2006 3429 mea.
2057 3377 2128 3428 II.

489 3459 607 3531 Ipsi
633 3476 775 3516 vero
797 3476 906 3516 con
917 3460 1346 3526 sideraverunt,
1372 3465 1426 3516 et
1451 3467 1890 3533 conspexerunt
1905 3478 2004 3520 me
2024 3481 2035 3518 :
2054 3464 2136 3520 di-

487 3548 754 3604 viserunt
768 3549 880 3605 sibi
894 3549 1248 3606 vestimenta
1262 3565 1398 3606 mea
1419 3566 1432 3615 ;
1452 3553 1698 3623 etsuper
1713 3556 1942 3607 vestem
1954 3568 2135 3608 meam

489 3636 780 3694 miserunt
802 3643 1041 3696 sortem.
1074 3638 1160 3694 lll.
1183 3641 1267 3695 Tu
1297 3644 1496 3694 autem
1517 3639 1768 3696 Domine
1791 3656 1864 3696 ne
1895 3640 2134 3712 elonga-

489 3726 639 3781 veris
665 3727 952 3783 auxilium
975 3732 1147 3784 tuum
1176 3744 1212 3784 a
1242 3744 1364 3785 me:
1395 3728 1472 3785 ad
1485 3728 1894 3786 defensionem
1911 3747 2132 3797 meam,

490 3813 645 3870 Deus
672 3832 863 3881 meus,
913 3817 1160 3889 respice.

554 3913 1312 3987 Silentiumfacite.l.Eripe
1328 3930 1364 3972 a
1380 3914 1608 3974 framea
1629 3916 1894 3974 animam
1912 3933 2130 3976 meam:

484 4005 541 4058 et
568 4002 643 4058 de
658 4019 844 4060 manu
866 4003 1034 4060 canis
1052 4005 1290 4060 unicam
1316 4008 1615 4062 meam.II.
1646 4006 1852 4063 Libera
1878 4024 1992 4073 me.
2026 4010 2130 4065 Do-

480 4090 666 4158 mine,
695 4091 770 4148 de
787 4108 888 4149 ore
913 4092 1102 4148 leonis
1123 4112 1136 4152 ε
1161 4098 1218 4149 et
1237 4109 1274 4150 a
1302 4093 1586 4150 cornibus
1631 4095 2134 4152 unicorniumhu-

481 4179 796 4237 militatem
820 4197 1041 4238 meam.
1067 4183 1156 4237 III.
1191 4182 1452 4240 Narrabo
1478 4199 1701 4239 nomen
1740 4189 1910 4240 tuum
1946 4185 2133 4242 fratri-

478 4269 594 4325 bus
613 4270 762 4326 meis
787 4289 799 4324 :
824 4271 885 4326 in
910 4271 1109 4328 medio
1136 4272 1410 4328 Ecclesiae
1431 4272 1694 4329 laudabo
1728 4277 1804 4343 te,
1861 4275 2129 4330 Domine.

548 4375 859 4434 Silentium
876 4378 1082 4448 facite.
1112 4379 1695 4435 Preces.Pmnitentes
1708 4383 1895 4444 orate,
1915 4380 2129 4438 ﬂectite

481 4477 679 4534 genua
711 4466 852 4523 Deo.
882 4467 1276 4538 Deprecemur
1289 4466 1608 4522 Dominum
1628 4469 1814 4523 Deum
1836 4474 2126 4536 nostrum,

485 4559 552 4610 ut
572 4554 1006 4626 indulgentiam
1019 4555 1423 4623 criminum,et
1435 4555 1848 4612 remissionem
1864 4564 2131 4629 peccato-

480 4658 617 4699 rum
643 4645 1056 4702 nobisdonare
1078 4645 1372 4714 dignetur.
1406 4644 1619 4717 Erigite
1656 4653 1992 4711 vos:orate,
2025 4648 2128 4704 ﬂe-

481 4733 616 4790 ctite
643 4751 842 4805 genua
864 4735 1005 4791 Deo.
1031 4736 1426 4807 Deprecamur
1446 4735 1769 4792 Dominum
1781 4737 1966 4794 Deum
1993 4753 2129 4794 nos-

481 4826 659 4890 trum,
691 4829 753 4881 ut
777 4824 968 4898 lapsis
1023 4840 1276 4881 manum
1314 4825 1620 4898 porrigat;
1661 4831 1718 4882 et
1758 4827 2123 4898 prmsidium,

477 4913 643 4985 quod
675 4913 754 4969 ab
781 4929 850 4970 eo
873 4914 1206 4987 inquiritur,
1237 4914 1556 4972 clementer
1575 4915 1890 4987 impertiat.
1916 4917 2126 4988 Erigite

473 5017 582 5058 vos
602 5017 616 5058 :
635 5006 816 5066 orate,
847 5003 1058 5060 ﬂectite
1076 5019 1274 5074 genua
1299 5007 1436 5060 Deo.
1472 5005 1874 5077 Deprecamur
1931 5004 2127 5060 Domi-

473 5106 624 5149 num
644 5093 830 5149 Deum
845 5098 1215 5157 nostrum.ut
1228 5094 1674 5150 reminiscentes
1688 5093 1840 5150 mala
1852 5109 1987 5166 qum
2003 5109 2130 5165 ges‘

475 5181 682 5251 simus,
709 5184 767 5239 et
785 5181 1067 5255 deinceps
1087 5182 1341 5239 vitemus
1362 5183 1605 5239 insidias
1625 5183 1882 5249 inimici;
1902 5188 2129 5256 utquos

473 5272 752 5330 diabolus
781 5273 1170 5346 persuasione
1201 5290 1310 5330 sua
1330 5273 1408 5329 ab
1437 5273 1649 5330 altario
1670 5275 1774 5330 Dei
1814 5274 2131 5331 subtraxe-

473 5367 586 5430 rat,
614 5369 868 5436 patrona
885 5368 1122 5420 revocet
1179 5361 1388 5418 effusio
1443 5361 1872 5434 lacrymarum.
1914 5363 2128 5436 Erigita

475 5467 582 5510 vos
607 5470 622 5519 ;
653 5453 950 5526 completa
996 5452 1264 5510 oratione
1293 5455 1517 5507 nostra.
1574 5455 1793 5510 Omnes
1822 5454 1952 5526 pari
1982 5467 2128 5510 voce

483 5541 662 5614 365
686 5542 1124 5614 indulgentiam
1154 5557 1193 5599 a
1213 5540 1468 5600 Domino
1495 5541 1890 5613 postulamus.

2250 469 2533 537 gentiam.
2567 480 2923 523 o.o.o.o.o.o.
2945 479 3055 521 ο.ο.
3081 462 3329 520 o.o.Hoc
3349 468 3592 524 trecentis
3620 475 3806 536 vicibus.

2325 567 2388 624 ﬁ.
2425 558 2508 611 Tu
2533 556 2735 612 Pastor
2761 555 2939 621 bone,
2984 552 3252 609 animam
3303 555 3458 609 tuam
3507 571 3602 627 pro
3649 564 3810 624 ovibus

2252 645 2530 716 posuisti.
2561 647 2645 701 Tu
2670 648 2873 716 pastor
2894 643 3074 699 bone.
3101 643 3414 712 Repetatur
3441 643 3607 703 tribus
3621 649 3804 713 vicibus.

2323 734 2557 792 Preces.
2589 733 3019 790 Prosternimus
3047 745 3256 804 preces
3287 733 3418 786 ante
3438 732 3627 792 faciem
3654 743 3813 802 tuam:

2323 782 2350 790 -
2379 782 2392 788 -
2415 782 2557 792 η---
2589 782 3017 790 -------_-__-
3049 782 3252 804 r---"
3291 782 3415 786 η--
3438 782 3627 792 ----ν...
3657 782 3813 802 .......,

2253 823 2469 878 exaudi
2492 823 2760 895 ;placare
2779 845 2790 878 :
2806 821 3048 890 indulge
3074 819 3398 884 Domine,et
3411 821 3813 888 misererenobis.
3945 782 3947 892 ‘

2331 909 2466 966 Post
2497 913 2620 969 hare
2646 912 2785 968 dicit
2813 912 3112 966 Diaconus
3143 908 3297 964 hanc
3324 919 3545 978 precem
3576 915 3818 988 :Deprece-

2331 956 2355 964 -
2381 956 2464 966 νυ-
2497 956 2614 969 ,νων
2646 956 2784 968 νην..
2813 956 3109 966 -.παπ--
3143 956 3290 964 ηπ.--
3324 956 3380 978 Γ.
3405 956 3545 967 ην...
3576 956 3672 971 ,νυ
3709 956 3818 976 ,υπ-

2253 1022 2390 1063 mur
2414 1003 2757 1064 Dominum,
2789 1003 2853 1055 ut
2881 997 3297 1055 remissionem
3319 956 3818 1078 peccamrumretpa.
3947 956 3949 1054 1

2255 1111 2385 1152 cem
2415 1093 2590 1150 nobis
2618 1089 2912 1162 propitius
2941 1087 3167 1144 donare
3215 1085 3504 1155 dignetur.
3949 1132 3951 1164 χ

2325 1182 2554 1240 Deinde
2583 1180 2726 1234 dicit
2758 1176 3234 1233 Archidiaconus
3266 1175 3374 1232 has
3387 1181 3823 1254 preceszTedepre.

2257 1289 2485 1337 camur,
2508 1269 2776 1326 Domine.
2813 1271 2870 1322 P.
2910 1265 3372 1335 Indulgentiam.
3402 1265 3462 1324 ῒ.
3516 1271 3752 1328 Procedat
3774 1275 3826 1328 ab

2256 1361 2558 1418 Altissimo
2580 1358 2641 1412 P.
2680 1355 3068 1425 Indulgentia.
3097 1354 3160 1413 ὴν.
3190 1356 3501 1412 Succurrat
3528 1359 3675 1414 nobis
3701 1363 3830 1418 mise

2257 1453 2335 1506 ris
2373 1445 2843 1513 P.1ndulgentia.
2882 1443 2950 1504 ῒ.
2988 1442 3208 1498 Delicta
3264 1448 3471 1513 purget
3512 1447 3746 1503 omnibus
3782 1453 3826 1505 P.

2257 1533 3038 1607 Indulgentia.W.Prmstetur
3051 1530 3479 1604 paenitentibus
3497 1532 3551 1587 P.
3583 1534 3832 1608 Indulgen-

2259 1627 2424 1686 tiaJV.
2447 1629 2700 1681 Patrona
2718 1619 3155 1690 sitlugentibus
3184 1619 3245 1672 P.
3291 1617 3650 1690 Indulgentia.
3677 1623 3726 1681 ἴ.
3753 1627 3830 1678 Er-

2181 1726 2226 1783 Β
2256 1721 2455 1773 rantes
2476 1713 2593 1768 ﬁde
2619 1707 3345 1781 corrigatP.lndulgentia.
3371 1706 3432 1767 ν.
3455 1709 3655 1780 Lapsos
3667 1726 3833 1782 pecca.

2258 1805 2331 1862 tis
2360 1805 2546 1873 erigat
2569 1805 2626 1856 Ρ.
2652 1798 3042 1868 Indulgentia.
3072 1798 3133 1857 7V.
3163 1799 3236 1852 Te
3262 1795 3653 1868 deprecamur,
3685 1800 3834 1855 Domi-

2259 1910 2353 1958 ne,
2380 1896 2438 1948 P.
2469 1888 2936 1961 Indngentiam.
2975 1886 3118 1942 Post
3146 1887 3266 1943 hac
3297 1886 3444 1942 dicit
3477 1888 3735 1944 Diaconus
3755 1896 3833 1944 etc.

2333 1983 2555 2038 Oratio.
2592 1977 2897 2047 Unigenite
2920 1975 3102 2030 Filius
3124 1975 3225 2030 Dei
3275 1975 3487 2038 Patris,
3536 1977 3684 2046 cujus
3735 1993 3836 2033 caro

2259 2071 2522 2144 pretiosa
2544 2085 2580 2124 a
2608 2066 2830 2123 Iudaeis
2860 2064 3204 2134 damnatur,
3235 2063 3316 2120 ab
3338 2063 3579 2135 ingratis
3598 2065 3837 2122 inluditur.

2261 2166 2317 2217 et
2343 2155 2750 2228 cruciﬁgenda
2773 2154 3076 2211 latronum
3108 2153 3467 2225 corporibus
3508 2159 3838 2226 comparatur,

2260 2266 2330 2305 ex
2357 2249 2528 2319 cujus
2555 2247 2740 2302 latere
2761 2243 3024 2314 sanguis,
3061 2246 3117 2298 et
3155 2257 3321 2314 aqua
3351 2242 3650 2315 proﬂuxit;
3677 2248 3723 2298 et
3744 2259 3842 2299 san-

2259 2338 2502 2408 guinem
2528 2350 2650 2391 non
2688 2333 2870 2389 miror
2908 2348 2982 2388 ex
3034 2345 3232 2396 carne,
3279 2347 3508 2404 aquam
3557 2345 3690 2396 vero,
3718 2347 3842 2387 exeo

2255 2425 2423 2500 quod
2449 2423 2735 2493 intelligo,
2766 2437 2888 2477 non
2913 2420 3210 2478 mirabor!
3239 2420 3353 2478 Illa
3404 2424 3490 2476 est
3507 2421 3650 2476 enim
3688 2421 3844 2492 utique

2257 2530 2580 2587 aqua,quae
2604 2529 2715 2568 nos
2744 2509 3055 2583 quondam
3078 2524 3184 2582 per
3213 2508 3412 2565 Adam
3434 2513 3678 2565 mortuos
3699 2508 3844 2562 viviti-

2255 2596 3164 2670 cavitregeneratos,procedens
3183 2612 3251 2652 ex
3271 2596 3841 2653 mortuo.Clementiam

2255 2707 2395 2761 ergo
2418 2695 2584 2746 tuam
2616 2703 2991 2760 quaesumus,
3023 2690 3088 2742 ut
3113 2685 3282 2741 sicuti
3311 2701 3427 2758 pro
3442 2700 3630 2741 amore
3659 2681 3840 2753 generis

2253 2778 2504 2836 humani
2527 2792 2648 2833 non
2668 2775 3026 2844 dedignatus
3054 2790 3118 2830 es
3147 2789 3469 2831 assumere
3508 2778 3722 2830 mortem
3760 2786 3844 2825 no-

2256 2868 2553 2938 stram,ita
2583 2865 3106 2934 etiam,resurgens
3131 2880 3168 2920 a
3196 2864 3476 2928 mortuis,
3508 2863 3737 2919 obtinere
3765 2875 3848 2915 nos

2253 2958 2439 3014 facias
2468 2957 2541 3012 de
2569 2955 2936 3027 triumphato
2966 2953 3135 3010 hoste
3164 2954 3504 3010 victoriam.
3537 2965 3597 3024 ﬁ.
3622 2956 3794 3008 Amen.

2179 3081 2223 3136 ο
2323 3049 2430 3103 Per
2460 3044 2934 3102 misericordiam
2968 3049 3157 3110 tuam,
3185 3047 3346 3101 Deus
3377 3050 3593 3110 noster,
3621 3041 3710 3114 qui
3735 3039 3850 3096 vivis

2252 3153 2389 3192 cum
2434 3138 2550 3191 Deo
2577 3136 2766 3199 Patre,
2799 3139 2857 3190 et
2883 3148 3101 3203 regnas
3125 3149 3264 3190 cum
3342 3133 3558 3206 Spiritu
3593 3133 3776 3188 Sancto
3805 3129 3846 3182 in

2250 3226 2470 3282 saecula
2499 3223 2881 3280 saeculorum.
2920 3227 3106 3278 Amen
3122 3265 3134 3276 .

2320 3316 2449 3382 Qua
2479 3315 2739 3383 expleta,
2782 3314 3082 3368 exclamat
3134 3312 3440 3370 Diaconus
3469 3309 3850 3380 Indulgentiam

2244 3405 2516 3461 ducentis
2555 3403 2778 3459 vicibus
2803 3417 2912 3458 c.c.
2943 3401 3386 3472 Indulgentia.
3415 3417 3469 3459 ο.
3494 3417 3552 3460 o.
3588 3416 3637 3457 ο.
3667 3412 3776 3456 ο.ο.
3803 3411 3844 3451 ο.

2244 3509 2298 3550 o.
2323 3510 2371 3548 ο.
2397 3509 2450 3549 o.
2474 3508 2527 3548 ο.
2554 3493 2677 3547 Hoc
2707 3491 2977 3546 ducentis
2997 3489 3244 3546 vicibus.

2315 3593 2376 3653 ἢ.
2406 3583 2719 3652 Tu,Pastor
2740 3579 2921 3648 bone,
2949 3578 3216 3635 animam
3237 3583 3414 3636 tuam
3439 3594 3547 3651 pro
3559 3576 3752 3634 ovibus
3773 3587 3849 3646 po-

2244 3669 2432 3726 suisti.
2464 3671 2547 3725 Tu
2569 3671 2779 3724 Pastor
2807 3667 2986 3734 bone,
3036 3667 3364 3739 Repetatur
3392 3669 3621 3724 duabus
3655 3663 3849 3721 vicibus.

2311 3761 2546 3815 Preces.
2581 3758 2964 3814 Precavimus
2991 3756 3099 3812 tibi
3137 3757 3316 3824 Deus,
3364 3757 3700 3814 recedentes
3725 3756 3852 3809 ate:

2240 3848 2415 3906 nobis
2443 3847 2715 3904 confusio
2742 3851 2848 3912 est,
2879 3845 2981 3902 tibi
3007 3845 3346 3912 clementia,
3402 3853 3459 3903 et
3485 3843 3802 3919 pr0pitiatio.

2312 3939 2546 3994 Preces.
2580 3938 2980 4008 Deprecamur
2999 3936 3345 4003 Dominum,
3392 3940 3459 3992 ut
3502 3932 3855 3991 remissionem

2241 4030 2697 4099 peccatorum,et
2717 4041 2922 4096 pacem
2938 4023 3097 4078 nobis
3114 4024 3390 4097 propitius
3411 4026 3614 4080 donare
3628 4022 3856 4093 dignetur.

2312 4117 2628 4172 Preces.Te
2658 4130 2985 4186 precamur,
3033 4113 3301 4180 Domine,
3333 4115 3393 4168 P.
3427 4109 3849 4184 Indulgentiam.

2240 4204 2300 4265 Y.
2336 4207 2451 4260 Nos
2490 4204 2639 4258 Patri
2662 4203 3019 4258 reconciliet.
3067 4202 3131 4257 P.
3159 4203 3567 4273 Indulgentia.
3601 4200 3660 4260 ἵ.
3691 4193 3858 4254 Christi

2241 4293 2551 4350 conﬁrmet
2575 4290 3668 4363 gratia.P.Indulgentia.V.Conformet
3680 4288 3857 4342 Sancto

2243 4381 2970 4455 Spiritui.P.Indulgentia.
3000 4380 3062 4441 ἴ.
3085 4381 3342 4451 Pestem,
3376 4387 3436 4438 et
3454 4381 3673 4437 famem
3692 4375 3861 4434 abluat

2241 4473 2304 4528 P.
2339 4471 2731 4541 Indulgentia.
2761 4469 2822 4530 ἢν.
2857 4470 3143 4527 Medelam
3161 4471 3336 4541 aegris
3365 4470 3656 4526 conferat.
3691 4468 3746 4522 P.
3790 4467 3860 4517 In-

2239 4559 2566 4630 dulgentia.
2598 4559 2657 4619 ir.
2694 4558 2971 4631 Captivos
3004 4557 3216 4615 reddat
3233 4559 3467 4632 patriae.
3494 4558 3556 4612 P.
3592 4552 3860 4623 Indulgen-

2240 4650 2340 4707 tia.
2371 4649 2432 4710 ἲν.
2467 4650 2628 4705 Vices
2690 4665 2896 4705 aerum
2947 4653 3243 4721 temperet.
3271 4651 3329 4704 P.
3385 4645 3768 4718 Indulgentia.
3801 4640 3853 4696 ς’.

2237 4741 2310 4796 'I‘e
2331 4738 2746 4811 deprecamur,
2772 4738 3042 4794 Domine.
3077 4739 3139 4793 P.
3167 4737 3632 4807 Indulgentiam.

2312 4829 2537 4884 Oratio.
2573 4826 2878 4896 Unigenite
2927 4826 3108 4882 Filius
3131 4826 3230 4882 Dei
3261 4827 3478 4891 Patris,
3521 4825 3624 4898 qui
3671 4823 3860 4878 tantam

2237 4916 2579 4974 redditurus
2613 4915 2889 4988 gratiam,
2920 4916 2978 4970 in
3007 4915 3172 4971 terris
3196 4915 3487 4985 dignatus
3533 4929 3598 4970 es
3621 4909 3786 4972 nasci,
3812 4907 3862 4960 ut

2236 5023 2350 5064 nos
2379 5006 2642 5062 elevares
2675 5005 2752 5060 ad
2778 5004 2961 5060 caelos
2985 5005 3118 5078 :qui
3133 5004 3266 5060 ideo
3291 5005 3355 5060 in
3385 5004 3554 5075 ligno
3576 5000 3863 5059 Crucisma-

2236 5112 2352 5152 nus
2383 5095 2656 5168 proprias
2686 5093 3091 5162 extendisti,ut
3120 5109 3232 5150 nos
3263 5093 3342 5148 ad
3357 5093 3591 5166 lignum
3607 5090 3730 5146 vitae
3754 5098 3862 5160 pro-

2237 5185 2415 5257 pitius
2435 5199 2743 5240 revocares
2773 5199 2786 5250 ;
2809 5183 3018 5256 dequo
3037 5183 3222 5239 Adam
3247 5187 3496 5254 gustare
3520 5196 3640 5237 non
3661 5175 3860 5235 meruit.

2235 5278 2446 5344 postea
2475 5288 2660 5344 quam
2692 5273 2917 5328 crimen
2946 5265 3862 5344 praevaricationisincurrit.Crux

2236 5376 2377 5431 ergo
2403 5365 2704 5430 tua,Deus,
2734 5361 2864 5416 vita:
2885 5360 3066 5417 arbor
3091 5364 3179 5417 est
3201 5383 3212 5417 :
3235 5361 3294 5416 in
3325 5365 3622 5416 aeternum
3642 5351 3864 5411 vivificet

2235 5464 2680 5522 quemcumque
2710 5466 2782 5506 ex
2813 5465 2882 5506 ea
2905 5447 3452 5521 gustaverit.Tuam
3474 5457 3616 5518 ergo
3643 5445 3861 5500 clemen-

2234 5543 2381 5604 tiam
2396 5538 2678 5611 petimus,
2713 5543 2777 5596 ut
2823 5538 3176 5598 auferantur
3231 5536 3312 5595 ab
3344 5538 3541 5596 oculis
3565 5533 3677 5593 tuis
3725 5526 3861 5588 mala
