4036 6158
212 222 298 284 613
1566 220 1895 281 SABBATO
1934 223 2232 291 SANCTO.

3499 250 3606 309 6M

212 354 397 447 nostra
416 349 735 447 praeterita
760 365 774 415 ;
801 348 1036 447 et‘bona
1058 349 1257 409 futura
1278 353 1638 447 nascantur:
1661 350 1843 422 hujus
1885 352 1931 407 A
1962 356 2261 427 pietatem,
2290 367 2346 421 et
2377 365 2671 424 sinceram
2690 367 3032 438 claritatem,
3062 388 3132 431 ac
3157 375 3432 445 gratiam,
3466 375 3608 447 stig-

211 439 399 499 mundi
416 439 520 495 lux
534 437 723 494 inﬁda
737 437 1107 512 negligatur;
1125 444 1184 496 et
1194 440 1535 513 perennitas
1554 445 1667 497 tua;
1689 455 1727 497 a
1746 455 1849 497 no—

209 531 286 588 bis
310 528 653 586 aeternitatis
680 527 1036 601 requiratur.
1067 541 1138 601 11.
1167 529 1377 587 Amen.

269 624 366 676 Per
401 616 901 684 misericordiam,
935 622 1043 674 etc.

1961 452 2123 538 mata
2170 454 2464 522 passionis
2496 460 2609 511 tuae
2641 456 2797 513 Deus
2845 464 3062 526 noster,
3126 462 3299 520 Filius
3344 465 3607 538 Dei;qui

1961 536 2105 623 vivis
2136 555 2272 597 cum
2306 545 2421 599 Deo
2450 546 2639 609 Patre,
2671 550 2728 602 et
2754 562 2967 617 regnas
2995 565 3134 606 cum
3161 553 3374 623 Spiritu
3393 536 3606 611 Sancto

1961 622 2023 680 in
2044 628 2318 687 Trinitate
2336 648 2491 689 unus
2516 633 2694 705 Deus,
2724 651 3086 707 permanens
3109 639 3171 695 in
3196 622 3413 699 sucula
3428 657 3608 699 amou-

273 712 397 765 Post
438 709 564 764 haec
592 708 948 763 decantatur
983 708 1077 764 hic
1103 710 1364 779 psalmus
1418 708 1681 764 Miserere
1734 707 1852 763 mei
1958 711 2174 773 lorum.
2205 730 2265 790 Βί.
2296 725 2505 779 Amen.

214 802 377 863 Deus,
410 801 525 853 etc.
574 812 708 852 cum
737 796 1087 865 Antiphona
1108 813 1216 854 sua
1240 796 1313 853 ab
1351 797 1637 868 Episcopo
1670 797 1850 866 impo-

204 892 332 947 sita.
368 887 723 958 Antiphona.
756 889 934 943 Parce
962 890 1115 943 Deus
1143 889 1303 961 quia.
1329 890 1599 944 Psalmus
1630 904 1679 943 L.

267 979 427 1043 Post,
456 976 610 1032 dicto
637 976 892 1044 psalmo,
927 991 1049 1032 una
1089 992 1221 1032 cum
1262 975 1458 1033 Gloria
1495 976 1664 1040 Patri,
1707 974 1847 1030 dicit

197 1068 486 1124 Diaconus
501 1065 1279 1135 tertio,indulgentiam,non
1294 1066 1601 1136 plusquam
1622 1070 1849 1120 centum

195 1155 524 1213 vicibus.Et
537 1155 696 1210 dixit
707 1155 1033 1225 Episcopus
1047 1155 1157 1210 hoc
1172 1170 1527 1226 reSponsum:
1545 1156 1625 1209 Tu
1643 1154 1849 1209 Pastor

190 1246 365 1302 bone.
393 1245 473 1298 Et
500 1245 659 1299 dixit
680 1244 983 1298 Diaconus
1016 1259 1153 1299 voce
1186 1260 1197 1298 :
1222 1259 1327 1312 per
1353 1244 1618 1312 singulos
1649 1249 1845 1297 autem

188 1335 514 1393 versiculos
534 1334 757 1403 psalmi
786 1332 1051 1388 Miserere
1072 1333 1187 1389 mei
1203 1335 1353 1388 Deus
1375 1330 1845 1398 secundum,etc.

189 1425 295 1492 Qui
324 1423 438 1479 das
469 1427 608 1495 post
636 1428 874 1495 peccata
899 1419 1355 1493 indulgentiam.

256 1514 300 1568 Α
313 1512 628 1582 ntiphona.
650 1511 830 1566 Parce
846 1513 1021 1579 Deus,
1042 1511 1184 1584 quia
1197 1509 1532 1582 sprevimus
1549 1514 1848 1581 praecepta

184 1601 429 1673 tua,Qui
455 1599 569 1657 das
601 1604 733 1673 post
755 1598 1764 1672 peccataindulgentiam.Psalmus
1794 1615 1844 1654 L.

2032 805 2318 864 Dominus
2349 811 2439 867 sit.

2528 917 2778 958 SABBATO
2810 918 3034 961 SANCTO.

2551 991 2646 1047 Ad
2706 994 3011 1064 Vesperas.

2028 1074 2258 1132 Lauda.
2295 1076 2500 1134 Dicant
2531 1081 2635 1151 qui
2672 1082 2963 1155 redempti
2989 1085 3126 1139 sunt
3153 1098 3190 1141 a
3219 1083 3472 1141 Domino
3499 1103 3512 1145 :
3542 1088 3609 1141 In

1958 1164 2268 1227 aeternum,
2297 1166 2359 1221 P.
2400 1168 2558 1232 Quos
2588 1168 2840 1226 redemit
2879 1172 2953 1227 de
2998 1186 3188 1227 manu
3225 1172 3451 1228 inimici
3485 1189 3498 1228 :
3544 1176 3609 1229 In

1957 1255 2265 1320 aeternum,
2301 1260 2354 1309 et
2378 1256 2437 1310 in
2463 1257 2750 1313 saeculum
2783 1260 3001 1315 saeculi.
3025 1260 3088 1321 ἲν.
3107 1261 3365 1333 Populus
3388 1262 3493 1333 qui
3522 1277 3610 1318 se-

1955 1340 2139 1397 debat
2183 1343 2241 1398 in
2274 1345 2532 1401 tenebris
2562 1352 2617 1403 et
2656 1348 2717 1404 in
2746 1348 2963 1407 umbra
3014 1350 3243 1417 mortis,
3283 1351 3517 1408 vinctos
3546 1351 3608 1408 in

1957 1430 2355 1499 mendicitate,
2389 1438 2446 1490 et
2470 1434 2645 1492 ferro.

2028 1520 2098 1574 P.
2131 1522 2291 1587 Quos
2324 1524 2593 1581 redemit.
2618 1525 2678 1586 72'.
2711 1527 2860 1593 Quia
2885 1527 3163 1586 contrivit
3183 1534 3386 1601 portas
3417 1544 3605 1598 areas,

1960 1611 2016 1664 et
2039 1614 2232 1665 vectes
2260 1611 2481 1668 ferreos
2504 1614 2810 1685 confregit.
2845 1618 2916 1672 P.
2951 1618 3136 1683 Quos.

182 1692 459 1747 Miserere
490 1687 611 1745 mei
640 1690 814 1752 Dens,
845 1688 1177 1745 secundum
1209 1704 1492 1758 magnam
1522 1688 1847 1744 miSCFiCOP-
1884 1704 1929 1760 B
2034 1698 2952 1761 0ratio.DominusnosterJesus
2972 1705 3238 1762 Christus
3256 1705 3602 1776 Filiustuus,

186 1782 352 1837 diam
381 1786 573 1835 tuam.
606 1780 674 1834 Et
695 1777 1026 1834 secundum
1048 1777 1488 1833 multitudinem
1512 1777 1846 1833 misericor-

188 1870 326 1934 diae,
350 1873 457 1924 etc.
491 1868 626 1923 Post
658 1866 975 1938 quemlibet
1000 1881 1227 1923 versum
1248 1871 1576 1935 repetatur,
1606 1866 1718 1930 Qui
1738 1865 1847 1923 das

190 1963 328 2031 post
358 1962 603 2029 peccata
632 1954 1085 2025 indulgentiam.

255 2048 414 2108 Post,
446 2045 605 2101 dicto
634 2044 877 2114 psalmo,
920 2060 1042 2100 una
1073 2060 1205 2100 cum
1255 2042 1455 2099 Gloria
1496 2043 1670 2108 Patri,
1699 2043 1844 2099 dicit

182 2136 496 2192 Diaconus
522 2135 697 2191 tertio
718 2134 1186 2205 Indulgentiam,
1217 2148 1334 2189 non
1349 2133 1485 2202 plus
1516 2148 1693 2205 quam
1717 2148 1845 2189 cen-

184 2233 302 2281 tum
356 2224 588 2280 vicibus
613 2241 664 2279 o.
694 2240 742 2277 ο.
771 2240 823 2279 o.
854 2240 903 2277 ο.
930 2238 982 2278 o.
1011 2238 1063 2278 ο.
1099 2238 1229 2279 0.0.
1266 2238 1315 2277 o.
1350 2237 1402 2277 o.
1439 2222 1565 2278 Hoc
1612 2228 1844 2278 centum

181 2314 430 2372 vicibus.
464 2313 938 2383 Rcsponsorium.
982 2314 1066 2367 Tu
1096 2312 1305 2367 Pastor
1332 2310 1511 2366 bone.

247 2402 485 2459 Deinde
514 2402 968 2471 Diaconus,voce
992 2417 1006 2455 :
1026 2398 1295 2457 Miserere
1312 2398 1484 2455 nobis
1514 2398 1845 2471 Deus,quia

181 2494 388 2551 omnia
418 2496 608 2565 potes.
626 2492 709 2545 Tu
720 2491 879 2545 enim
894 2488 1240 2545 dissimulas
1261 2494 1507 2561 peccata
1526 2488 1843 2544 hominum

182 2586 428 2656 propter
450 2580 883 2654 paenitentiam.
919 2579 1095 2651 336
1126 2579 1352 2635 Deinde
1382 2580 1675 2634 Diaconus
1698 2578 1845 2633 dicit

184 2673 338 2730 hanc
349 2669 1013 2742 precem.Deprecemur
1030 2668 1435 2735 Dominum,ut
1450 2668 1843 2723 remissionem

183 2766 595 2836 peccatorum,
638 2764 693 2815 et
716 2776 923 2831 pacem
956 2757 1128 2813 nobis
1151 2758 1377 2813 donare
1411 2756 1707 2827 dignetur.

250 2854 490 2908 Preces.
515 2850 587 2905 Te
618 2865 957 2922 precamur,
984 2846 1254 2917 Domine,
1290 2850 1353 2901 P.
1388 2844 1842 2915 lndulgentiam.

182 2939 243 3001 ἲν.
275 2942 577 2998 Restituat
616 2938 900 2995 Paradiso
924 2940 1003 2995 P.
1033 2937 1425 3007 Indulgentia.
1468 2935 1529 2997 it.
1583 2936 1846 2993 Claustra

1958 1786 2062 1859 qui
2087 1786 2248 1842 solus
2277 1789 2461 1846 verbo
2482 1791 2708 1848 virtutis
2731 1798 2945 1850 cuncta
2961 1794 3304 1861 moderans,
3322 1799 3379 1851 et
3402 1795 3606 1853 omnia

1957 1875 2155 1930 Crucis
2173 1876 2452 1946 stigmata
2474 1884 2737 1951 portans,
2760 1888 2958 1939 vectes
2974 1882 3195 1939 ferreos
3213 1885 3565 1941 comminuit
3587 1898 3602 1952 ;

1955 1968 2384 2039 portarumque
2402 1984 2712 2026 aerearum
2729 1971 2989 2028 claustra
3000 1972 3273 2044 perfregit
3295 1974 3382 2040 ;in
3405 1973 3608 2030 tartari

1954 2052 2254 2125 profunda
2285 2056 2629 2124 descendit;
2657 2059 3005 2116 sedentibus
3037 2062 3098 2116 in
3131 2060 3349 2118 umbra
3374 2061 3603 2128 mortis,

1952 2141 2171 2212 ignotas
2196 2143 2345 2200 lucis
2366 2145 2633 2202 claritate
2655 2148 3023 2221 resplenduit
3047 2165 3061 2215 ;
3091 2154 3147 2207 et
3165 2149 3257 2206 sol
3271 2150 3514 2221 justitiaa
3533 2150 3608 2206 de

1952 2230 2201 2297 tumulo,
2228 2248 2477 2304 corpore
2499 2234 2800 2305 suscitato,
2814 2237 3164 2310 procedens,
3184 2237 3369 2294 radiis
3389 2238 3511 2294 suis
3529 2242 3609 2295 te-

1952 2319 2170 2376 nebras
2198 2326 2430 2378 nostras
2456 2323 2804 2381 mirabiliter
2826 2326 3119 2384 inlustret.
3152 2338 3215 2399 131.
3238 2331 3449 2385 Amen.

2026 2410 2130 2465 Per
2159 2411 2653 2486 misericordiam,
2686 2419 2798 2473 etc.

2026 2499 2250 2556 Lauda.
2283 2500 2551 2557 Alleluia.
2573 2505 2692 2573 Ego
2711 2520 2845 2559 sum
2866 2504 3117 2577 primus,
3139 2509 3195 2562 et
3216 2521 3326 2576 ego
3346 2504 3609 2563 novissi-

1954 2603 2092 2643 mus
2126 2606 2138 2642 :
2173 2593 2229 2643 et
2257 2588 2342 2644 fui
2373 2596 2661 2654 mortuus,
2705 2594 2763 2647 P.
2820 2595 2887 2648 Et
2916 2609 3051 2649 ecce
3083 2610 3215 2649 sum
3242 2594 3447 2651 vivens
3496 2612 3509 2650 :
3547 2594 3610 2651 in

1955 2674 2173 2731 saecula
2194 2675 2569 2742 saeculorum,
2600 2677 2865 2735 Alleluia.
2903 2680 2966 2741 ἡ.
2998 2682 3221 2752 Dignus
3254 2697 3334 2748 es,
3355 2683 3605 2739 Domine

1957 2766 2109 2819 Deus
2142 2770 2337 2820 noster
2365 2766 2631 2838 accipere
2662 2767 2905 2839 librum,
2924 2772 2980 2823 et
3006 2768 3232 2825 solvere
3257 2771 3428 2839 signa
3448 2771 3602 2843 ejus,

1954 2852 2242 2925 quoniam
2270 2854 2502 2909 occisus
2550 2871 2635 2919 es,
2667 2859 2722 2910 et
2763 2856 3063 2913 redemisti
3095 2872 3205 2914 nos
3238 2861 3354 2913 Deo
3378 2856 3440 2913 in
3467 2873 3603 2915 san-

1955 2941 2134 3013 guine
2164 2945 2266 2998 tuo
2291 2958 2362 2997 ex
2389 2943 2553 2998 omni
2586 2942 2761 3015 tribu,
2800 2950 2856 3002 et
2879 2943 3103 3016 lingua.
3128 2945 3193 3002 P.
3246 2947 3311 3003 Et
3339 2962 3493 3005 ecce.
3522 2947 3597 3011 ῒ.

186 3031 485 3088 Cuslorum
534 3029 764 3101 aperiat
818 3029 895 3084 P.
950 3026 1344 3097 Indulgentia.
1406 3024 1470 3088 Ψ.
1524 3028 1846 3081 Removeat
1884 3055 1926 3112 ο
1956 3031 2169 3099 Gloria,
2193 3037 2301 3087 etc,
2327 3032 2383 3086 P.
2419 3035 2483 3087 Et
2511 3048 2666 3089 ecce.

185 3119 568 3194 supplicium.
602 3119 680 3175 P.
704 3115 1092 3186 Indulgentia.
1123 3113 1188 3175 1’.
1212 3117 1526 3185 Extinguat
1556 3114 1844 3185 gehennae

182 3208 531 3265 incendium
563 3206 627 3261 P.
658 3202 1050 3275 Indulgentia.
1082 3202 1144 3265 ἲν.
1186 3202 1487 3259 Defunctis
1525 3204 1706 3259 donet
1756 3218 1845 3259 re-

182 3300 383 3373 quiem
422 3298 488 3353 P.
524 3293 911 3365 Indulgentia.
938 3292 1007 3353 if.
1050 3295 1269 3349 Locum
1316 3293 1529 3366 quietis
1583 3292 1845 3349 conferat

182 3390 236 3443 P.
271 3386 671 3457 Indulgentia.
704 3382 767 3444 V.
801 3382 1033 3439 Sanctis
1065 3387 1372 3438 consortes
1402 3380 1598 3437 faciat.
1657 3380 1722 3439 P.
1754 3383 1845 3436 ln-

180 3474 521 3548 dulgentia.
562 3471 626 3533 17.
673 3475 746 3529 Te
775 3488 1110 3546 precamur,
1133 3470 1400 3537 Domine,
1436 3470 1498 3530 7t.
1532 3468 1845 3540 Indulgen-

186 3566 352 3623 tiam.

253 3654 490 3711 Oratio.
516 3648 829 3721 Unigenite
864 3648 1041 3705 Filius
1074 3648 1173 3704 Dei
1207 3648 1417 3713 Patris,
1453 3648 1525 3703 de
1557 3665 1678 3723 quo
1710 3654 1845 3705 ante

176 3749 299 3801 tam
322 3745 679 3800 innumeros
710 3756 901 3796 annos
925 3738 1220 3810 Propheta
1243 3737 1509 3794 cantavit
1533 3738 1695 3792 hunc
1714 3752 1845 3793 ver-

176 3851 318 3890 sum
354 3852 366 3889 :
399 3834 463 3886 In
496 3830 699 3886 medio
738 3829 995 3884 duorum
1028 3827 1381 3883 animalium
1431 3826 1842 3899 cognosceris;

173 3923 459 3993 cognitus
493 3920 673 3994 plane
727 3934 788 3973 es
815 3933 934 3973 non
964 3916 1158 3972 solum
1198 3917 1348 3972 inter
1398 3915 1551 3971 duos
1588 3916 1845 3972 latrones

168 4012 458 4085 pendens
492 4011 551 4065 in
583 4009 766 4079 ligno,
797 4005 890 4062 vel
943 4006 1203 4061 duorum
1227 4008 1735 4061 Testamentorum
1785 4004 1843 4060 in

175 4103 387 4158 medio
413 4116 426 4165 ;
450 4116 656 4157 verum
680 4096 1020 4167 etiamfuga
1042 4096 1203 4162 solis,
1222 4110 1442 4151 occasu
1456 4093 1847 4160 diei,concus-

180 4192 365 4246 sione
389 4196 672 4245 terrarum
700 4204 711 4243 :
751 4189 834 4242 Tu
862 4185 1085 4241 Christe
1110 4183 1475 4240 descendisti
1502 4180 1577 4238 ad
1606 4182 1843 4254 inferos,

175 4285 241 4336 et
268 4280 486 4334 Sancta
512 4276 830 4351 sepulchra
860 4274 1155 4330 laxarunt.
1185 4274 1465 4328 Pietatem
1498 4287 1639 4343 ergo
1679 4276 1844 4329 tuam

2028 3121 2255 3177 Lauda.
2297 3119 2564 3178 Alleluia.
2616 3120 2878 3192 Angelus
2909 3123 3143 3179 Domini
3185 3119 3496 3181 descendit
3533 3124 3608 3182 de

1954 3209 2128 3277 coelo,
2188 3212 2245 3264 P.
2299 3212 2365 3264 Et
2396 3210 2707 3275 accedens,
2763 3211 3010 3267 revolvit
3051 3213 3312 3285 lapidem
3342 3213 3420 3269 ab
3458 3213 3609 3270 ostio

1953 3299 2352 3354 monumenti.
2369 3298 2636 3365 Alleluia,
2657 3298 2911 3355 alleluia.
2932 3297 2994 3359 ἲν.
3022 3300 3301 3372 Lapidem
3321 3317 3504 3374 quem
3521 3317 3607 3358 re-

1954 3386 2361 3460 probaverunt
2407 3386 2795 3450 eediticantes,
2844 3386 2940 3441 hic
2986 3385 3177 3443 factus
3207 3390 3292 3443 est
3340 3387 3403 3444 in
3430 3393 3611 3461 caput

1956 3474 2179 3545 anguli.
2206 3477 2269 3531 P.
2313 3477 2377 3531 Et
2414 3474 2728 3531 accedens.
2758 3473 2821 3537 it.
2856 3474 3066 3547 Gloria,
3096 3480 3154 3533 et
3197 3475 3411 3534 honor.
3464 3479 3521 3532 P.
3550 3480 3614 3536 Et

1955 3565 2266 3622 accedens.

2027 3652 2317 3708 Dominus
2348 3652 2421 3708 sit
2445 3668 2698 3724 semper.
2728 3651 2789 3715 ἡ.
2823 3651 2889 3709 Et
2912 3669 3063 3709 cum.

2025 3742 2256 3797 Lauda.
2300 3744 2435 3796 Erat
2460 3746 2737 3813 aspectus
2766 3742 2895 3813 ejus
2917 3742 3065 3798 sicut
3094 3740 3311 3813 fulgur,
3344 3746 3401 3800 et
3438 3743 3610 3801 vesti-

1955 3834 2158 3887 menta
2180 3830 2307 3900 ejus
2324 3828 2584 3885 candida
2609 3829 2788 3901 quasi
2810 3829 2911 3886 nix
2937 3846 2951 3896 ;
2978 3836 3034 3887 et
3054 3829 3204 3888 dixit
3224 3831 3605 3893 mulieribus:

1956 3918 2139 3977 Nolite
2170 3918 2374 3973 timere
2408 3934 2420 3972 :
2462 3916 2525 3979 ἵ.
2573 3917 2945 3975 Conﬁtemini
2988 3918 3264 3989 Domino,
3315 3922 3606 3995 quoniam

1954 4008 2154 4065 bonus
2177 4006 2502 4080 :quoniam
2519 4008 2577 4062 in
2598 4007 2883 4063 saeculum
2904 4007 3310 4066 misericordia
3325 4010 3613 4081 ejus.P.Et

1957 4097 2273 4154 accedens.
2301 4095 2363 4156 tt.
2388 4095 2599 4164 Gloria,
2626 4096 2892 4153 ethonor
2920 4098 3094 4155 Patri.
3114 4101 3175 4154 P.
3202 4101 3270 4157 Et
3293 4098 3607 4157 accedens.

2028 4185 2316 4242 Dominus
2350 4185 2701 4257 sitsemper.
2733 4196 2796 4257 Βι.
2831 4189 2897 4243 Et
2926 4202 3086 4243 cum.

2026 4273 2260 4330 Lauda.
2294 4273 2397 4328 Hic
2425 4278 2512 4329 est
2542 4275 2717 4345 panis
2757 4290 2932 4331 verus
2955 4275 3077 4343 Dei,
3105 4275 3210 4350 qui
3240 4275 3314 4332 de
3332 4277 3482 4335 coelo
3512 4277 3612 4335 de-

164 4384 533 4442 quaesumus
555 4387 574 4438 λ
603 4363 1008 4435 utintelligere
1031 4363 1653 4435 possimus,quantum
1672 4361 1845 4417 nobis
1877 4415 1920 4442 η
1957 4361 2205 4433 scendit,
2239 4366 2298 4418 et
2328 4362 2509 4418 vitam
2538 4362 3000 4422 tribuitltlundo:
3027 4365 3133 4437 qui
3157 4365 3611 4423 manducaverit

160 4473 509 4527 resurgens
571 4452 887 4527 praestabis
928 4454 989 4507 in
1026 4467 1232 4523 regno,
1275 4450 1373 4523 qui
1420 4465 1530 4506 nos
1586 4449 1845 4506 moriens

158 4544 549 4605 resuscitasti
578 4560 717 4600 cum
740 4541 927 4615 gloria
956 4540 1029 4597 de
1056 4541 1311 4596 inferno.

246 4640 428 4693 Pater
452 4638 681 4704 noster,
708 4632 809 4705 qui
840 4648 903 4688 es
935 4631 995 4687 in
1027 4629 1212 4686 caelis.
1252 4641 1315 4700 11-.
1345 4628 1552 4685 Amen.
1585 4627 1845 4686 Sanctiﬁ-

162 4733 371 4793 cetur,
416 4728 529 4781 etc.

238 4818 432 4872 Dicat
464 4812 807 4883 Presbyter.
833 4809 992 4865 Eruti
1014 4825 1049 4865 a
1066 4807 1246 4864 malo.
1273 4806 1513 4864 stabiliti
1532 4822 1766 4879 semper
1787 4806 1847 4863 in

158 4902 483 4969 bono,tibi
501 4900 807 4957 adhaerere
825 4912 1163 4954 mereamur
1178 4898 1292 4952 Deo
1306 4900 1361 4951 et
1377 4894 1630 4951 Domino
1646 4898 1847 4951 nostro

155 4994 312 5050 Jesa
343 4992 603 5049 Christo.
624 4989 965 5057 Davveniam
987 4986 1246 5059 peccatis
1260 4985 1563 5051 nostris,et
1582 4984 1849 5056 requiem

158 5082 427 5141 famulis
457 5080 575 5139 tuis
595 5077 879 5137 omnibus
897 5075 1177 5133 ﬁdelibus
1197 5074 1765 5144 defunctis.Frange,
1795 5090 1852 5147 et

161 5177 428 5243 percute
452 5185 669 5227 omnes
692 5166 944 5223 insidias
962 5164 1185 5221 inimici
1213 5164 1400 5219 nostri
1428 5179 1440 5220 :
1469 5161 1723 5219 defende
1740 5178 1849 5217 nos

157 5262 243 5318 ab
275 5260 580 5319 omnibus
612 5255 895 5329 operibus
913 5254 1110 5325 malis,
1143 5258 1199 5309 et
1224 5250 1518 5309 conﬁrma
1541 5252 1600 5306 in
1619 5252 1847 5308 cunctis

156 5350 369 5407 bonis.
415 5350 636 5421 Accipe
674 5345 992 5417 jejunium,
1042 5343 1134 5399 vel
1179 5347 1386 5398 votum
1435 5346 1749 5412 nostrum;
1795 5344 1851 5396 et

156 5440 401 5498 exaudi
429 5438 769 5496 orationem
799 5440 1067 5491 nostram
1090 5434 1151 5489 in
1179 5433 1271 5488 his
1292 5431 1526 5504 diebus,
1558 5435 1614 5487 et
1636 5431 1690 5486 in
1719 5431 1849 5488 totis

160 5528 584 5605 temporibus.
618 5524 830 5584 Tribue
852 5522 1029 5582 nobis
1078 5538 1316 5597 pacem,
1360 5523 1417 5582 et
1447 5521 1846 5597 securitatem,

1960 4470 2033 4510 ex
2058 4467 2147 4520 eo,
2192 4456 2501 4523 permanet
2530 4451 2590 4507 in
2620 4457 2927 4509 aeternum.
2963 4455 3028 4510 Et
3064 4454 3260 4526 panis,
3290 4471 3471 4528 quem
3497 4469 3608 4525 ego

1955 4539 2135 4606 dabo,
2167 4556 2306 4596 caro
2336 4556 2473 4597 mea
2502 4544 2590 4597 est
2620 4557 2727 4614 pro
2756 4542 2967 4597 mundi
3007 4543 3148 4599 vita.
3182 4545 3246 4599 P.
3280 4545 3390 4610 Qui
3429 4543 3615 4600 credit

1954 4630 2017 4685 in
2052 4646 2166 4696 me,
2202 4646 2322 4686 non
2345 4630 2579 4697 esuriet,
2614 4647 2809 4704 neque
2831 4632 2981 4689 sitiet
3007 4632 3605 4706 umquam,AlIeiuia,

1958 4718 2218 4775 alleluia.
2261 4718 2323 4781 ἵ.
2366 4720 2513 4775 Ecce
2544 4719 2865 4793 disponam
2897 4721 3087 4790 vobis,
3135 4723 3284 4777 sicut
3318 4719 3611 4793 disposuit

1955 4808 2102 4863 mihi
2124 4808 2575 4878 Pater,regnum
2603 4828 2616 4877 ;
2639 4813 2700 4865 ut
2715 4809 3219 4875 edatis,etbibatis
3249 4824 3426 4882 super
3446 4825 3609 4866 men-

1958 4914 2086 4953 sam
2116 4913 2315 4954 meam
2338 4898 2397 4954 in
2418 4914 2605 4970 regno
2633 4914 2787 4956 meo.
2816 4902 2879 4957 P.
2917 4900 3026 4966 Qui
3052 4898 3254 4956 credit.
3300 4898 3365 4963 ἵ.
3394 4899 3608 4970 Gloria,

1958 4990 2015 5043 et
2042 4986 2255 5043 honor.
2290 4987 2347 5043 P.
2378 4986 2486 5053 Qui
2509 4988 2709 5045 credit.

2032 5076 2325 5147 Capitula.
2375 5077 2944 5135 Excellentissimam
2992 5077 3053 5134 in
3099 5077 3214 5136 hac
3268 5083 3439 5136 nocte
3470 5083 3609 5143 tuas,

1960 5164 2201 5229 Christe,
2223 5165 2684 5221 Resurrectionis
2703 5167 3065 5224 celebrantes
3088 5166 3615 5236 solemnitatem,in

1958 5269 2080 5326 qua
2112 5254 2236 5325 ipse
2258 5268 2452 5308 novus
2468 5254 2614 5324 dies,
2632 5271 2791 5312 novo
2807 5256 2881 5313 de
2905 5257 3133 5314 tumulo
3153 5262 3613 5329 surgens,veter-

1957 5357 2171 5398 nosam
2202 5342 2461 5415 antiquas
2481 5345 2670 5400 noctis
2690 5346 3355 5418 calliginem,cmlestem
3371 5360 3481 5401 con
3498 5361 3616 5402 ver-

1959 5431 2081 5488 tisti
2099 5431 2158 5487 in
2185 5430 2615 5503 claritatem,te,
2641 5435 2861 5509 quibus
2891 5450 3233 5509 possumus,
3256 5435 3614 5508 lacrymosis

1956 5520 2258 5596 rugitibus
2286 5521 2685 5599 imploramus
2704 5543 2720 5598 ;
2751 5526 2924 5602 367
2950 5528 3032 5597 ut,
3053 5524 3157 5600 qui
3173 5540 3285 5585 nos
3305 5524 3614 5587 redemisti
