4036 6158
498 203 607 260 615

1758 181 2216 251 ΒΗΕνΙΑΒΙυΜ
2255 192 2645 250 GOTHICUM.

3727 211 3801 272 616

497 326 688 401 pretio
706 325 789 382 tui
800 322 1133 396 sanguinis,
1161 322 1429 380 instituta
1447 323 1549 378 ate
1566 323 2144 395 praeceptaacceptes
2178 319 2225 372 A
2253 321 2471 374 cuncta
2495 315 2818 373 celebravit
2833 315 3229 387 ovando,ejus
3251 321 3804 392 conservarimereatm

495 420 712 472 nostra;
739 413 1044 471 orationis.
1069 412 1151 469 Sit
1170 411 1541 484 indulgentia
1562 410 1881 466 criminum
1903 425 1916 473 ;
1937 423 2144 464 conce-

495 503 670 562 datur
697 504 876 561 etiam
897 502 1150 559 cmlestis
1183 501 1386 572 gloriae
1416 515 1659 555 summa
1683 499 1988 554 virtutum.
2027 498 2140 552 Me-

495 598 718 660 mento,
750 592 1017 658 Domine,
1049 591 1192 665 quia
1222 595 1377 647 terra
1397 605 1641 656 sumus;
1685 592 1742 643 et
1771 587 1968 658 accipe
1997 601 2140 641 con-

495 682 790 740 tritionem
813 681 1003 739 nostri
1033 680 1310 753 spiritus;
1334 682 1416 745 ut,
1441 677 1543 750 qui
1569 675 1768 732 carnis
1797 673 2139 731 inﬁrmitate

492 771 571 827 ad
610 775 829 828 terram
895 768 1344 842 prosternimur,
1404 765 1481 823 ad
1533 765 1714 822 caelos
1752 763 2138 834 castigatione

492 859 782 933 spirituali
804 858 1046 931 jejuniis
1083 857 1488 914 sublevemur.
1548 857 1614 910 Et
1652 854 1796 926 quia
1835 869 1906 909 ex
1935 857 2138 908 nostro

489 953 579 1006 est
603 948 769 1021 quod
797 947 1106 1013 cadamus,
1135 962 1208 1002 ex
1237 950 1338 1002 tuo
1368 944 1462 1012 sit,
1493 948 1558 999 ut
1578 957 1916 1012 surgamus,
1941 942 2015 997 Te
2039 941 2136 1012 ju-

485 1036 681 1107 bente,
711 1035 970 1091 dicimus
1003 1051 1017 1089 :

560 1124 731 1180 Pater
753 1127 972 1178 noster.
1001 1124 1068 1178 Et
1091 1136 1166 1178 ne
1203 1136 1338 1178 nos.
1369 1119 1620 1177 Liberati
1648 1134 1686 1176 a
1707 1118 1888 1176 malo.
1931 1117 2137 1185 Quare

483 1212 592 1282 fol.
624 1215 676 1267 2.

556 1299 868 1356 Humiliate
893 1315 1000 1355 vos
1023 1297 1452 1355 benedictioni.

557 1388 850 1445 Dominus
884 1388 958 1443 sit
980 1402 1236 1458 semper.
1261 1398 1324 1457 13;.
1358 1387 1425 1441 Et
1452 1400 1610 1442 cum.

553 1475 1191 1533 Benedictio.Christus
1208 1474 1417 1530 Domin
1425 1490 1513 1544 us,
1521 1473 1618 1544 qui
1630 1472 1897 1528 ascendit
1907 1473 2129 1544 patibu-

479 1563 608 1621 lum
621 1564 961 1632 Crucis,sua
975 1579 1080 1620 vos
1098 1562 1508 1635 redemptione
1525 1565 1582 1618 et
1597 1562 1880 1633 passione
1897 1577 2128 1618 conser-

477 1657 576 1709 vet
596 1669 633 1710 a
651 1651 845 1709 malis.
875 1663 939 1723 1}.
971 1656 1181 1707 Amen.
1220 1651 1445 1723 Detque
1461 1649 1634 1706 vobis
1653 1666 1778 1706 suae
1795 1647 2127 1706 dulcedinis

480 1742 772 1815 sapientia
795 1741 1085 1807 renovari,
1118 1739 1222 1812 qui
1244 1755 1306 1795 se
1337 1754 1545 1796 amaro
1565 1739 1835 1811 permisit
1848 1737 2000 1794 fellis
2026 1754 2129 1811 po-

477 1830 612 1888 culo
637 1830 966 1904 propinari.
995 1839 1059 1902 Βι.
1092 1829 1301 1886 Amen.
1332 1831 1420 1897 Ut,
1443 1828 1612 1900 cujus
1638 1827 1847 1884 laudes
1872 1827 2129 1885 Ecclesia

2253 422 2479 476 magno
2505 405 2704 461 Crucis
2735 405 2968 462 vexillo.
2996 416 3058 468 ﬁ.
3107 406 3318 462 Amen.

2321 523 2430 579 Per
2459 521 2933 578 misericordiam
2959 519 3152 594 ipsius
3185 521 3286 577 Dei
3311 523 3500 590 nostri,
3532 530 3626 584 etc.

2320 629 2545 685 Lauda.
2575 629 2837 684 Alleluia.
2856 630 3108 684 Locutus
3133 632 3221 684 est
3241 629 3489 699 Angelus
3505 633 3807 698 Dominimu.

2245 715 2500 783 lieribus,
2548 717 2749 774 dicens
2777 737 2794 772 :
2814 717 2880 775 P.
2908 717 3207 790 Scio,quia
3226 717 3554 777 cruciﬁxum
3569 726 3807 796 quaeritis:

2247 807 2521 872 surrexit,
2555 807 2704 862 sicut
2735 805 2904 861 dixit.
2955 807 3173 870 Venite,
3205 811 3262 862 et
3291 806 3476 865 videte
3505 810 3595 866 ubi
3635 816 3808 885 positus

2245 900 2371 952 erat
2401 894 3024 954 Dominus.v.Cantate
3049 893 3300 951 Domino
3319 897 3592 954 canticum
3607 916 3808 961 novum:

2245 984 2389 1056 quia
2413 983 2711 1041 mirabilia
2736 983 2888 1039 fecit.
2909 985 2978 1040 P.
3007 983 3305 1056 Scio,quia
3329 985 3812 1062 cruciﬁxumquari-

2245 1074 2337 1130 tis.
2364 1071 2426 1133 tt.
2482 1072 2695 1136 Gloria,
2737 1076 2793 1129 et
2851 1071 3045 1129 honor
3105 1072 3276 1144 Patri,
3311 1077 3368 1129 et
3409 1073 3556 1131 Filio.
3610 1079 3658 1132 P.
3701 1079 3810 1145 Scio,

2243 1161 2405 1234 quia.

2313 1269 2534 1327 Oratio.
2563 1267 2842 1341 Expletis,
2872 1268 3140 1336 Domine,
3169 1269 3231 1324 in
3250 1269 3366 1325 hac
3387 1275 3576 1327 sancta
3597 1271 3811 1330 solemni-

2240 1362 2360 1416 tate
2387 1363 2606 1414 nostrae
2624 1357 2921 1414 servitutis
2936 1357 3166 1424 ofﬁciis,
3196 1357 3816 1435 gratias'tibi,laudesque

2238 1446 2567 1516 referimus,
2591 1446 2753 1502 dono
2773 1449 2888 1502 tuae
2907 1445 3303 1502 miserationis
3325 1445 3509 1517 adjuti
3529 1467 3543 1515 ;
3563 1454 3812 1519 precantes

2239 1540 2312 1602 te,
2343 1537 2520 1606 Deus,
2540 1540 2605 1590 ut
2626 1551 2662 1591 a
2686 1535 2946 1606 peccatis
2965 1550 3076 1591 nos
3093 1533 3332 1604 abluas,
3361 1540 3414 1590 et
3433 1535 3492 1590 in
3513 1535 3614 1592 tuis
3626 1551 3816 1610 semper

2237 1623 2518 1680 laudibus
2549 1623 2812 1679 exultare
2848 1624 3167 1680 concedas.
3201 1634 3264 1695 ἢ.
3301 1627 3504 1680 Amen.

2165 1691 2209 1744 Β
2310 1712 2420 1768 Per
2449 1711 2921 1768 misericordiam
2951 1715 3137 1780 tuam,
3165 1691 3274 1768 etc.

2307 1829 2373 1882 ln
2399 1827 2642 1884 nomine
2673 1827 2925 1884 Domini.

1097 2141 1187 2214 IN
1241 2139 1760 2213 LIETATlONE
1810 2141 1990 2212 DIEI
2044 2141 2414 2215 PASCH/E
2465 2137 3245 2215 RESURRECTIONIS.

931 2343 1110 2416 369
1145 2343 1232 2399 Ad
1272 2343 1656 2400 Matutinum.

539 2433 898 2504 Antiphona.
925 2432 1048 2501 Ego
1078 2430 1336 2487 dormivi
1361 2447 1374 2486 :
1399 2436 1456 2487 et
1477 2431 1793 2500 resurrexi,
1825 2431 2114 2504 quoniam

469 2525 756 2582 Dominus
785 2521 1089 2578 suscitavit
1126 2535 1241 2576 me.
1277 2520 1538 2575 Psalmus
1562 2535 1638 2576 in.

537 2615 755 2672 Oratio.
785 2609 1034 2667 Domine
1062 2610 1200 2664 Jesu
1227 2608 1472 2674 Christe,
1495 2609 1597 2680 qui
1615 2624 1724 2680 pro
1741 2608 1916 2664 nobis
1939 2625 2110 2682 sopo-

460 2721 588 2763 rem
601 2701 807 2759 mortis
819 2698 954 2755 ideo
969 2696 1277 2769 suscepisti
1288 2711 1381 2766 ,ne
1394 2711 1507 2752 nos
1535 2695 1794 2768 amplius
1811 2696 2112 2753 obdormi-

459 2809 662 2852 remus
679 2792 742 2847 in
771 2793 1025 2845 mortem
1050 2804 1064 2854 ;
1087 2785 1340 2851 dona,ut
1355 2785 1456 2858 qui
1478 2789 1531 2840 te
1554 2784 1838 2840 moriente
1855 2785 2112 2842 renasci-

459 2899 614 2948 mur,
639 2885 696 2937 te
720 2878 900 2935 etiam
923 2874 1255 2931 viviﬁcante
1277 2891 1313 2930 a
1333 2879 1715 2946 peccatorum
1737 2873 1887 2929 lecto
1905 2891 2108 2945 surga-

461 2952 636 3034 musf:
656 2984 765 3024 nec
782 2965 934 3022 ultra
951 2964 1080 3035 jam
1097 2962 1426 3019 obruamur
1441 2978 1621 3034 poena
1633 2963 1984 3034 peccati,qui
2001 2979 2109 3019 nos

2227 2345 2450 2402 habere
2481 2366 2493 2406 :
2522 2351 2587 2402 ut
2604 2345 2710 2418 qui
2734 2345 2794 2400 in
2819 2343 3078 2408 Galilaea,
3103 2343 3164 2399 in
3185 2341 3689 2412 transmigratione
3706 2340 3818 2396 scili-

2226 2440 2317 2490 cet
2341 2433 2828 2506 incorruptionis,
2871 2432 3251 2489 manifestum
3287 2436 3346 2488 te
3370 2432 3431 2487 in
3447 2446 3611 2487 carne
3631 2427 3818 2485 voluisti

2225 2523 2530 2580 ostendere
2543 2522 2965 2596 discipulorum
2981 2519 3598 2594 aspectibus,digneris
3614 2519 3760 2575 etiam
3773 2517 3817 2572 in

2223 2612 2391 2668 nobis
2415 2629 2705 2686 apparere
2735 2611 3049 2668 virtutibus
3077 2609 3472 2667 manifestus:
3515 2614 3629 2665 uta
3659 2622 3816 2663 corru-

2223 2701 2413 2772 ptione
2426 2702 2484 2756 in
2499 2701 2982 2773 incorruptionem
2997 2699 3561 2772 transmigrationem
3572 2698 3809 2761 facientes,

2221 2795 2452 2847 aeterni?
2485 2791 2638 2846 illius
2672 2794 2726 2847 et
2776 2805 2932 2845 verm
2978 2788 3527 2858 transmigrationis
3571 2784 3814 2860 possidere

2221 2879 2444 2949 gaudia
2470 2895 2806 2935 mereamur
2835 2879 2961 2934 sine
2985 2877 3105 2934 ﬁne
3133 2875 3342 2934 felices
3371 2889 3436 2948 ἢ.
3468 2882 3658 2933 Amen.

2291 2967 2400 3022 Per
2425 2966 2918 3024 misericordiam.

458 3059 804 3128 redemptos
855 3050 1308 3122 congaudemus
1364 3049 1552 3122 pretio
1595 3049 1749 3106 sacri
1797 3051 2108 3122 sanguinis
2143 3065 2184 3122 α
2290 3056 2636 3127 Antiphona
2667 3061 2718 3113 3.
2751 3055 3030 3112 Tulerunt
3057 3055 3390 3111 Dominum
3421 3070 3634 3120 meum,
3660 3054 3727 3121 et,
3745 3047 3826 3105 ubi

459 3147 564 3205 tui.
596 3155 662 3217 ﬁ.
687 3149 895 3199 Amen.

527 3237 637 3290 Per
664 3227 1130 3289 misericordiam
1174 3231 1357 3282 tuam.

523 3322 862 3393 Antiphona
893 3319 943 3374 1.
980 3315 1242 3374 Surrexit
1283 3314 1572 3370 Dominus
1612 3331 1649 3372 a
1685 3320 2098 3383 monumento,

451 3414 515 3470 P.
542 3417 609 3470 Et
629 3415 834 3484 portas
862 3407 1191 3464 inferorum
1231 3403 1538 3476 confregit.
1581 3402 1641 3464 il.
1670 3403 1868 3461 Tollite
1901 3410 2101 3472 portas

447 3501 742 3575 principes
767 3502 1014 3562 vestras,
1044 3491 1431 3550 etelevamini
1455 3497 1643 3565 portae
1674 3494 1980 3552 aaternalcs
2009 3514 2021 3551 :
2047 3501 2102 3551 et

444 3587 712 3646 introibit
735 3602 839 3642 rex
867 3583 1090 3655 gloriae.
1123 3581 1182 3635 P.
1217 3583 1283 3637 Et
1313 3584 1516 3653 portas
1552 3580 1616 3642 tr.
1649 3582 1863 3652 Gloria,
1905 3588 1960 3639 et
1991 3583 2098 3640 ho-

442 3693 555 3735 nor
579 3676 756 3733 Patri.
787 3675 852 3729 P.
886 3675 953 3728 Et
985 3675 1207 3744 portas.

519 3765 753 3824 Oratio.
783 3761 1026 3828 Christe,
1046 3775 1184 3815 vera
1199 3758 1530 3830 redemptio
1550 3758 1781 3831 mundi,
1804 3761 2098 3833 qui,revo-

442 3856 568 3913 luto
609 3870 716 3927 per
744 3848 1034 3921 Angelum
1053 3846 1250 3921 lapide
1273 3846 1350 3903 ab
1371 3848 1524 3903 ostio
1543 3849 2098 3916 monumenti,mira

443 3939 898 4002 resurrectionis
924 3937 1188 4011 potentia
1209 3935 1602 4009 triumphasti,
1622 3953 1750 3993 cum
1768 3954 1945 3995 sexus
1967 3956 2094 3996 mu~

439 4035 654 4092 lierum
666 4029 972 4093 inﬁrmior,
997 4027 1096 4100 qui
1111 4031 1163 4082 te
1178 4026 1407 4082 ardenti
1419 4025 1712 4083 desiderio
1727 4029 2090 4101 perquisivit,

439 4124 603 4198 prior
623 4120 848 4179 caeteris
875 4123 927 4176 te
944 4119 1373 4187 resurgentem,
1397 4114 1619 4185 Angelo
1645 4117 2092 4184 nuntiante,au-

435 4213 562 4270 dire
592 4207 958 4284 promeruit;
983 4205 1061 4262 da
1077 4203 1275 4272 nobis,
1310 4207 1374 4260 ut
1393 4202 1726 4273 fragilitatis
1745 4210 1962 4262 nostrae
1983 4213 2094 4264 tor-

432 4318 578 4378 pore
598 4293 1219 4365 secluso,indesinenti
1233 4291 1531 4349 servitutis
1545 4296 1660 4350 tua;
1681 4294 1983 4366 potiamur
2000 4313 2088 4354 so-

429 4391 608 4463 latio;
639 4395 703 4447 ut
731 4394 786 4446 te
817 4385 1121 4445 ardentius
1152 4381 1487 4452 diligentes,
1511 4380 1630 4437 oris
1661 4384 1844 4439 nostri
1870 4387 2088 4444 ostium

429 4481 597 4540 nulla
625 4480 686 4536 in
712 4474 1052 4535 conﬁtendo
1101 4471 1204 4528 tibi
1235 4471 1468 4526 immoti
1491 4468 1712 4543 lapidis
1735 4471 1951 4530 duritia
1975 4475 2088 4533 ob-

429 4574 713 4635 struente,
741 4573 962 4623 aeterno
988 4575 1328 4618 mereamur
1371 4557 1668 4615 consolari
1697 4555 1772 4616 de
1814 4577 2079 4620 munere.

429 4673 492 4732 1y.
525 4664 734 4716 Amen.
766 4657 892 4710 Per.

498 4747 841 4818 Antiphona
871 4747 922 4798 2.
955 4737 1132 4804 Vade,
1162 4736 1587 4806 Maria,nuntia
1613 4736 1893 4795 fratribus
1912 4740 2078 4807 meis,

427 4839 493 4894 P.
525 4837 674 4904 Quia
693 4829 1009 4896 resurrexi,
1027 4825 1302 4884 sicutillis
1331 4825 1454 4882 dixi
1479 4831 1646 4882 :eant
1666 4827 1727 4882 in
1754 4827 2075 4901 Galilaeam,

423 4926 511 4984 ibi
539 4941 637 4983 me
658 4923 963 4980 videbunt.
994 4918 1053 4980 ii.
1078 4919 1233 4973 Deus
1256 4913 1508 4972 deorum
1532 4917 1820 4971 Dominus
1843 4916 2077 4975 locutus

423 5020 513 5074 est
538 5032 553 5072 :
585 5019 644 5072 et
679 5011 914 5069 vocavit
936 5013 1176 5075 terram,
1211 5022 1244 5062 a
1272 5003 1412 5061 solis
1434 5007 1566 5061 ortu
1593 5020 1783 5077 usque
1809 5003 1888 5060 ad
1909 5021 2076 5062 occa-

421 5122 560 5164 sum
593 5120 606 5161 :
633 5120 706 5161 ex
740 5101 880 5160 Sion
905 5098 1134 5172 species
1151 5095 1380 5152 decoris
1399 5091 1554 5166 ejus.
1580 5093 1643 5150 P.
1670 5093 1836 5160 Quia.
1861 5092 1927 5154 tr.
1945 5094 2075 5152 Glo-

417 5197 528 5256 ria.
560 5196 623 5253 P.
649 5192 820 5260 Quia.

491 5286 709 5344 Oratio.
751 5279 995 5344 Christe,
1030 5275 1131 5332 Dei
1160 5272 1357 5344 Filius,
1393 5287 1573 5344 quem
1603 5287 1720 5328 vox
1746 5273 2017 5344 angelica
2038 5291 2075 5331 a

419 5375 669 5436 mortuis
697 5369 1093 5430 resurrexisse
1116 5362 1406 5437 praedixit,
1435 5365 1491 5416 et
1509 5362 1788 5418 euntibus
1812 5363 2073 5437 discipu-

417 5469 512 5538 lis,
536 5465 721 5538 quite
759 5462 822 5518 in
851 5457 1153 5517 Galilaeam
1193 5450 1376 5509 visuri
1414 5454 1629 5521 essent,
1675 5449 1962 5524 innotuit;
1993 5452 2073 5508 da

418 5554 598 5617 nobis
626 5551 874 5626 plenum
885 5545 1176 5620 gaudium
1188 5541 1263 5600 de
1274 5545 1378 5602 tua
1393 5554 1633 5614 semper
1641 5541 2071 5600 resurrectione

2217 3151 2716 3216 posuerunteum,
2749 3144 2972 3200 nescio.
3007 3147 3063 3199 P.
3083 3143 3209 3200 Noli
3238 3143 3411 3214 ﬂere,
3435 3143 3638 3209 Maria;
3675 3153 3828 3195 resur-

2214 3234 2360 3290 rexit
2390 3235 2678 3290 Dominus
2695 3250 2830 3290 cum
2851 3232 3056 3304 gloria,
3083 3238 3138 3288 et
3166 3231 3454 3303 regnabit
3475 3248 3511 3288 a
3539 3231 3650 3286 ﬁne
3671 3239 3825 3298 usque

2211 3322 2272 3377 in
2303 3321 2484 3379 ﬁnem
2505 3322 2741 3379 fortiter.
2773 3321 2835 3382 ἡ.
2858 3321 3084 3378 Etenim
3119 3321 3416 3377 Dominus
3444 3319 3606 3376 dabit
3635 3312 3829 3372 benedi‘

2211 3410 2465 3467 ctionem
2482 3430 2500 3483 ;
2517 3416 2573 3468 et
2598 3416 2754 3466 terra
2772 3416 2976 3467 nostra
2987 3408 3150 3466 dabit
3168 3408 3440 3466 fructum
3463 3404 3711 3464 suum.P.
3728 3398 3828 3458 Noli

2207 3499 2368 3556 ﬂere.
2401 3499 2462 3560 ἢν.
2489 3499 2700 3564 Gloria,
2735 3504 2792 3555 et
2818 3498 3012 3554 honor
3043 3497 3216 3554 Patri.
3265 3501 3327 3554 Ρ.
3357 3497 3484 3554 Noli
3508 3490 3826 3560 ﬂere,Maria,

2281 3590 2495 3646 Oratio.
2528 3588 2840 3646 Sublatum
2859 3587 3250 3655 te,Domine,e
3273 3587 3597 3660 sepulchro
3612 3583 3827 3640 fructuo-

2207 3693 2275 3735 sa
2294 3677 2452 3734 illius
2474 3679 2664 3734 Mariae
2688 3677 2994 3750 inquisitio
3010 3675 3258 3733 ﬂetuum
3287 3676 3588 3732 eﬁusione
3617 3683 3832 3740 conque-

2206 3767 2377 3834 ritur,
2400 3783 2536 3840 quae
2577 3767 2782 3839 utique
2808 3767 2945 3838 igne
2972 3765 3051 3821 tui
3108 3764 3404 3822 desiderii
3457 3761 3826 3820 cremabatur;

2207 3857 2564 3922 Quaesumus
2595 3871 2758 3926 ergo,
2791 3861 2855 3911 ut
2889 3855 3254 3911 desiderium
3290 3855 3527 3912 amoris
3561 3851 3638 3908 lui
3669 3844 3832 3904 simili-

2204 3949 2290 4000 ter
2316 3946 2375 4001 in
2406 3945 2584 4001 nobis
2603 3945 2896 4001 accendas
2930 3963 2942 4000 :
2981 3949 3114 4000 utet
3138 3943 3200 3999 in
3233 3941 3644 4016 perquirendo
3663 3935 3828 3992 valen-

2205 4032 2402 4100 tiores,
2437 4038 2492 4090 et
2519 4034 2577 4088 in
2608 4030 2968 4089 inveniendo
3000 4037 3053 4088 te
3085 4048 3440 4089 mereamur
3468 4027 3715 4088 sineﬁne
3730 4036 3832 4081 esse

2203 4122 2417 4180 felices.
2460 4133 2522 4194 ﬁ.
2553 4129 2762 4180 Amen.

2272 4211 2399 4268 Per.

2271 4313 2332 4371 Ir.
2371 4299 2574 4357 Stabat
2599 4299 2778 4356 Maria
2807 4298 2885 4355 ad
2916 4304 3393 4355 monumentum
3427 4298 3575 4356 foris
3605 4295 3828 4370 plorans.

2200 4392 2351 4445 Dum
2378 4405 2514 4462 ergo
2537 4388 2722 4454 ﬂeret,
2745 4389 3053 4461 prospexit
3071 4387 3171 4444 ubi
3200 4389 3482 4460 positum
3505 4390 3630 4443 erat
3652 4394 3832 4454 corpus

2195 4481 2349 4535 Jesu.
2375 4478 2528 4534 Vidit
2556 4477 2710 4533 duos
2740 4476 2997 4548 Angelos
3027 4477 3088 4533 in
3133 4476 3292 4533 albis
3328 4477 3632 4533 sedentes.
3678 4474 3741 4528 P.
3783 4470 3834 4522 Et

2195 4583 2486 4624 conversa
2521 4572 2847 4623 retrorsum
2879 4565 3025 4622 vidit
3053 4568 3255 4621 Jesum
3290 4571 3597 4632 stantem;
3628 4568 3681 4619 et
3707 4556 3832 4614 venit

2193 4656 2558 4713 annuntians
2581 4653 2892 4727 discipulis
2918 4671 2928 4710 :
2951 4655 3100 4720 Quia
3123 4654 3248 4710 vidi
3267 4655 3630 4717 Dominum,
3655 4657 3706 4706 et
3731 4649 3831 4704 haec

2191 4746 2338 4802 dixit
2362 4744 2526 4801 mihi.
2569 4743 2629 4804 it.
2658 4743 2807 4800 Dixit
2839 4746 3006 4800 Jesus
3038 4743 3227 4800 Marias
3261 4761 3275 4798 :
3309 4743 3543 4811 Mulier,
3576 4738 3714 4815 quid
3732 4734 3832 4808 plo-

2190 4851 2288 4890 ras
2309 4834 2335 4888 ?
2359 4849 2540 4906 quem
2571 4832 2790 4905 quaeris
2809 4832 2836 4890 ?
2857 4833 2922 4890 P.
2952 4835 3015 4887 Et
3041 4848 3363 4888 conversa.

2792 4922 2866 4978 In
2889 4921 3209 4978 Laudibus.

2257 5010 2342 5066 Ad
2359 5008 3063 5081 Canticum.Antip/zona.
3103 5011 3211 5066 Iste
3227 5012 3397 5067 Deus
3412 5005 3836 5078 meus,ethono-

2185 5097 2435 5156 riﬁcabo
2462 5115 2600 5156 eum
2631 5099 2824 5158 :Deus
2863 5098 3046 5171 patris
3080 5097 3215 5163 mei,
3263 5103 3326 5155 et
3375 5096 3662 5156 exaltabo
3699 5104 3831 5148 eum.

2543 5189 2860 5245 Canticum
2901 5187 3128 5243 Exaudi
3156 5186 3340 5258 (Cap.
3375 5190 3508 5262 xv).

2256 5279 2577 5334 Cantemus
2602 5277 2858 5333 Domino
2893 5293 2905 5332 :
2936 5277 3188 5348 gloriose
3223 5277 3398 5333 enim
3428 5273 3833 5333 honoriﬁcatus

2182 5370 2291 5434 est,
2314 5368 2331 5383 '
2354 5381 2578 5439 equum
2599 5372 2654 5424 et
2685 5382 3063 5424 ascensorem
3089 5361 3215 5439 proj
3229 5367 3356 5423 ecit
3407 5367 3472 5423 in
3504 5379 3690 5422 mare.

2253 5453 2508 5526 Adjutor
2536 5459 2592 5512 et
2621 5459 2919 5528 protector
2942 5455 3090 5512 mihi
3110 5453 3217 5512 fuit
3253 5453 3566 5512 Dominus
3589 5452 3676 5508 'in
3703 5444 3834 5502 salu-
