  <div class='ocr_page' id='page_1' title='image "/cluster/home/n/w/nwhite01/storage/ocr_20150623/86/hvd.32044054758909/314.png"; bbox 0 0 4036 6158; ppageno 0'>
   <div class='ocr_carea' id='block_1_1' title="bbox 149 237 241 293">
    <p class='ocr_par' dir='ltr' id='par_1_1' title="bbox 149 237 241 293">
     <span class='ocr_line' id='line_1_1' title="bbox 149 237 241 293; baseline -0.043 0"><span class='ocrx_word' id='word_1_1' title='bbox 149 237 241 293; x_wconf 87' lang='grc'>617</span> 
     </span>
    </p>
   </div>
   <div class='ocr_carea' id='block_1_2' title="bbox 1295 238 2372 310">
    <p class='ocr_par' dir='ltr' id='par_1_2' title="bbox 1295 238 2372 310">
     <span class='ocr_line' id='line_1_2' title="bbox 1295 238 2372 310; baseline 0.015 -18"><span class='ocrx_word' id='word_1_2' title='bbox 1295 238 1366 293; x_wconf 90' lang='grc' dir='ltr'>ΙΝ</span> <span class='ocrx_word' id='word_1_3' title='bbox 1405 238 1823 297; x_wconf 70' lang='lat' dir='ltr'>LETATIONE</span> <span class='ocrx_word' id='word_1_4' title='bbox 1858 239 2003 298; x_wconf 88' lang='lat' dir='ltr'>DIEI</span> <span class='ocrx_word' id='word_1_5' title='bbox 2046 242 2372 310; x_wconf 72' lang='lat' dir='ltr'>PASCH/E.</span> 
     </span>
    </p>
   </div>
   <div class='ocr_carea' id='block_1_3' title="bbox 3435 262 3543 319">
    <p class='ocr_par' dir='ltr' id='par_1_3' title="bbox 3435 262 3543 319">
     <span class='ocr_line' id='line_1_3' title="bbox 3435 262 3543 319; baseline 0.009 -1"><span class='ocrx_word' id='word_1_6' title='bbox 3435 262 3543 319; x_wconf 84' lang='grc'>618</span> 
     </span>
    </p>
   </div>
   <div class='ocr_carea' id='block_1_4' title="bbox 211 358 3545 459">
    <p class='ocr_par' dir='ltr' id='par_1_4' title="bbox 211 358 3545 459">
     <span class='ocr_line' id='line_1_4' title="bbox 211 358 3545 459; baseline 0.009 -45"><span class='ocrx_word' id='word_1_7' title='bbox 211 358 301 415; x_wconf 81' lang='lat' dir='ltr'>Hie</span> <span class='ocrx_word' id='word_1_8' title='bbox 321 360 475 458; x_wconf 77' lang='lat' dir='ltr'>Deus</span> <span class='ocrx_word' id='word_1_9' title='bbox 506 373 697 459; x_wconf 73' lang='lat' dir='ltr'>meus,</span> <span class='ocrx_word' id='word_1_10' title='bbox 720 361 780 459; x_wconf 77' lang='lat' dir='ltr'>et</span> <span class='ocrx_word' id='word_1_11' title='bbox 801 359 1213 418; x_wconf 88' lang='lat' dir='ltr'>honoriﬁcabo</span> <span class='ocrx_word' id='word_1_12' title='bbox 1240 376 1375 418; x_wconf 90' lang='lat' dir='ltr'>eum</span> <span class='ocrx_word' id='word_1_13' title='bbox 1413 384 1426 423; x_wconf 91' lang='lat'>:</span> <span class='ocrx_word' id='word_1_14' title='bbox 1459 364 1477 382; x_wconf 88' lang='lat'>&#39;</span> <span class='ocrx_word' id='word_1_15' title='bbox 1500 364 1657 420; x_wconf 85' lang='lat' dir='ltr'>Deus</span> <span class='ocrx_word' id='word_1_16' title='bbox 1678 380 1784 437; x_wconf 84' lang='lat' dir='ltr'>pa-</span> <span class='ocrx_word' id='word_1_17' title='bbox 1819 365 1865 422; x_wconf 87' lang='lat' dir='ltr'><strong>A</strong></span> <span class='ocrx_word' id='word_1_18' title='bbox 1895 380 1966 436; x_wconf 92' lang='lat' dir='ltr'>ge</span> <span class='ocrx_word' id='word_1_19' title='bbox 1994 367 2263 437; x_wconf 86' lang='lat' dir='ltr'>Domine,</span> <span class='ocrx_word' id='word_1_20' title='bbox 2280 369 2554 428; x_wconf 86' lang='lat' dir='ltr'>salvame</span> <span class='ocrx_word' id='word_1_21' title='bbox 2580 372 2736 429; x_wconf 84' lang='lat' dir='ltr'>Deus</span> <span class='ocrx_word' id='word_1_22' title='bbox 2759 388 2949 443; x_wconf 88' lang='lat' dir='ltr'>meus,</span> <span class='ocrx_word' id='word_1_23' title='bbox 2975 378 3037 434; x_wconf 90' lang='lat' dir='ltr'>P.</span> <span class='ocrx_word' id='word_1_24' title='bbox 3055 378 3250 439; x_wconf 82' lang='lat' dir='ltr'>Gloria</span> <span class='ocrx_word' id='word_1_25' title='bbox 3270 397 3428 443; x_wconf 88' lang='lat' dir='ltr'>mea.</span> <span class='ocrx_word' id='word_1_26' title='bbox 3449 386 3545 459; x_wconf 66' lang='lat' dir='ltr'>At}</span> 
     </span>
    </p>
   </div>
   <div class='ocr_carea' id='block_1_5' title="bbox 139 446 991 512">
    <p class='ocr_par' dir='ltr' id='par_1_5' title="bbox 139 446 991 512">
     <span class='ocr_line' id='line_1_5' title="bbox 139 446 991 512; baseline -0.001 -8"><span class='ocrx_word' id='word_1_27' title='bbox 139 448 208 504; x_wconf 90' lang='lat' dir='ltr'>ris</span> <span class='ocrx_word' id='word_1_28' title='bbox 254 446 396 512; x_wconf 87' lang='lat' dir='ltr'>mei,</span> <span class='ocrx_word' id='word_1_29' title='bbox 429 452 485 502; x_wconf 90' lang='lat' dir='ltr'>et</span> <span class='ocrx_word' id='word_1_30' title='bbox 520 446 798 503; x_wconf 81' lang='lat' dir='ltr'>exaltabo</span> <span class='ocrx_word' id='word_1_31' title='bbox 825 464 991 503; x_wconf 89' lang='lat' dir='ltr'>eum.</span> 
     </span>
    </p>
   </div>
   <div class='ocr_carea' id='block_1_6' title="bbox 210 536 1783 605">
    <p class='ocr_par' dir='ltr' id='par_1_6' title="bbox 210 536 1783 605">
     <span class='ocr_line' id='line_1_6' title="bbox 210 536 1783 605; baseline 0.003 -13"><span class='ocrx_word' id='word_1_32' title='bbox 210 536 486 593; x_wconf 72' lang='lat' dir='ltr'>Dominus</span> <span class='ocrx_word' id='word_1_33' title='bbox 505 540 817 591; x_wconf 85' lang='lat' dir='ltr'>conterens</span> <span class='ocrx_word' id='word_1_34' title='bbox 834 536 1010 605; x_wconf 91' lang='lat' dir='ltr'>bella,</span> <span class='ocrx_word' id='word_1_35' title='bbox 1025 538 1047 560; x_wconf 71' lang='lat'>‘</span> <span class='ocrx_word' id='word_1_36' title='bbox 1063 540 1350 595; x_wconf 87' lang='lat' dir='ltr'>Dominus</span> <span class='ocrx_word' id='word_1_37' title='bbox 1370 555 1590 597; x_wconf 86' lang='lat' dir='ltr'>nomen</span> <span class='ocrx_word' id='word_1_38' title='bbox 1606 546 1693 597; x_wconf 88' lang='lat' dir='ltr'>est</span> <span class='ocrx_word' id='word_1_39' title='bbox 1711 541 1783 597; x_wconf 86' lang='lat' dir='ltr'>ei.</span> 
     </span>
    </p>
   </div>
   <div class='ocr_carea' id='block_1_7' title="bbox 217 624 1787 702">
    <p class='ocr_par' dir='ltr' id='par_1_7' title="bbox 217 624 1787 702">
     <span class='ocr_line' id='line_1_7' title="bbox 217 624 1787 702; baseline 0.003 -21"><span class='ocrx_word' id='word_1_40' title='bbox 217 628 423 682; x_wconf 88' lang='lat' dir='ltr'>Currus</span> <span class='ocrx_word' id='word_1_41' title='bbox 450 624 786 681; x_wconf 78' lang='lat' dir='ltr'>Pharaonis</span> <span class='ocrx_word' id='word_1_42' title='bbox 817 629 873 681; x_wconf 92' lang='lat' dir='ltr'>et</span> <span class='ocrx_word' id='word_1_43' title='bbox 893 626 1216 683; x_wconf 84' lang='lat' dir='ltr'>exercitum</span> <span class='ocrx_word' id='word_1_44' title='bbox 1268 629 1395 700; x_wconf 87' lang='lat' dir='ltr'>ejus</span> <span class='ocrx_word' id='word_1_45' title='bbox 1423 632 1438 648; x_wconf 91' lang='lat'><strong>&#39;</strong></span> <span class='ocrx_word' id='word_1_46' title='bbox 1460 629 1708 702; x_wconf 86' lang='lat' dir='ltr'>projecit</span> <span class='ocrx_word' id='word_1_47' title='bbox 1726 631 1787 686; x_wconf 90' lang='lat' dir='ltr'>in</span> 
     </span>
    </p>
   </div>
   <div class='ocr_carea' id='block_1_8' title="bbox 150 730 347 771">
    <p class='ocr_par' dir='ltr' id='par_1_8' title="bbox 150 730 347 771">
     <span class='ocr_line' id='line_1_8' title="bbox 150 730 347 771; baseline -0.015 0"><span class='ocrx_word' id='word_1_48' title='bbox 150 730 304 771; x_wconf 89' lang='lat' dir='ltr'>mare</span> <span class='ocrx_word' id='word_1_49' title='bbox 334 732 347 768; x_wconf 72' lang='grc' dir='ltr'>ἒ</span> 
     </span>
    </p>
   </div>
   <div class='ocr_carea' id='block_1_9' title="bbox 222 803 1785 877">
    <p class='ocr_par' dir='ltr' id='par_1_9' title="bbox 222 803 1785 877">
     <span class='ocr_line' id='line_1_9' title="bbox 222 803 1785 877; baseline 0.001 -14"><span class='ocrx_word' id='word_1_50' title='bbox 222 804 389 877; x_wconf 80' lang='lat' dir='ltr'>37o</span> <span class='ocrx_word' id='word_1_51' title='bbox 428 803 658 860; x_wconf 87' lang='lat' dir='ltr'>Electos</span> <span class='ocrx_word' id='word_1_52' title='bbox 705 818 1055 862; x_wconf 89' lang='lat' dir='ltr'>ascensores</span> <span class='ocrx_word' id='word_1_53' title='bbox 1077 806 1286 864; x_wconf 87' lang='lat' dir='ltr'>sternit</span> <span class='ocrx_word' id='word_1_54' title='bbox 1312 823 1327 865; x_wconf 88' lang='lat'><strong>:</strong></span> <span class='ocrx_word' id='word_1_55' title='bbox 1361 809 1377 825; x_wconf 89' lang='lat'>&#39;</span> <span class='ocrx_word' id='word_1_56' title='bbox 1407 811 1680 867; x_wconf 89' lang='lat' dir='ltr'>stratores</span> <span class='ocrx_word' id='word_1_57' title='bbox 1702 809 1785 866; x_wconf 91' lang='lat' dir='ltr'>di-</span> 
     </span>
    </p>
   </div>
   <div class='ocr_carea' id='block_1_10' title="bbox 145 892 835 951">
    <p class='ocr_par' dir='ltr' id='par_1_10' title="bbox 145 892 835 951">
     <span class='ocr_line' id='line_1_10' title="bbox 145 892 835 951; baseline 0.003 -2"><span class='ocrx_word' id='word_1_58' title='bbox 145 894 338 949; x_wconf 89' lang='lat' dir='ltr'>mersit</span> <span class='ocrx_word' id='word_1_59' title='bbox 365 894 422 948; x_wconf 89' lang='lat' dir='ltr'>in</span> <span class='ocrx_word' id='word_1_60' title='bbox 448 892 633 950; x_wconf 92' lang='lat' dir='ltr'>rubro</span> <span class='ocrx_word' id='word_1_61' title='bbox 661 893 835 951; x_wconf 88' lang='lat' dir='ltr'>mari.</span> 
     </span>
    </p>
   </div>
   <div class='ocr_carea' id='block_1_11' title="bbox 207 982 1788 1060">
    <p class='ocr_par' dir='ltr' id='par_1_11' title="bbox 207 982 1788 1060">
     <span class='ocr_line' id='line_1_11' title="bbox 207 982 1788 1060; baseline 0.004 -22"><span class='ocrx_word' id='word_1_62' title='bbox 207 982 569 1055; x_wconf 89' lang='lat' dir='ltr'>Pelagusque</span> <span class='ocrx_word' id='word_1_63' title='bbox 596 984 829 1055; x_wconf 88' lang='lat' dir='ltr'>operuit</span> <span class='ocrx_word' id='word_1_64' title='bbox 855 999 980 1051; x_wconf 91' lang='lat' dir='ltr'>eos,</span> <span class='ocrx_word' id='word_1_65' title='bbox 1015 985 1035 1007; x_wconf 79' lang='lat'>&#39;</span> <span class='ocrx_word' id='word_1_66' title='bbox 1056 984 1296 1042; x_wconf 92' lang='lat' dir='ltr'>dimersi</span> <span class='ocrx_word' id='word_1_67' title='bbox 1313 989 1450 1043; x_wconf 81' lang='lat' dir='ltr'>sunt</span> <span class='ocrx_word' id='word_1_68' title='bbox 1470 986 1529 1043; x_wconf 92' lang='lat' dir='ltr'>in</span> <span class='ocrx_word' id='word_1_69' title='bbox 1552 987 1788 1060; x_wconf 88' lang='lat' dir='ltr'>profun-</span> 
     </span>
    </p>
   </div>
   <div class='ocr_carea' id='block_1_12' title="bbox 140 1069 825 1142">
    <p class='ocr_par' dir='ltr' id='par_1_12' title="bbox 140 1069 825 1142">
     <span class='ocr_line' id='line_1_12' title="bbox 140 1069 825 1142; baseline -0.001 -16"><span class='ocrx_word' id='word_1_70' title='bbox 140 1070 278 1126; x_wconf 91' lang='lat' dir='ltr'>dum</span> <span class='ocrx_word' id='word_1_71' title='bbox 306 1075 622 1142; x_wconf 82' lang='lat' dir='ltr'>tamquam</span> <span class='ocrx_word' id='word_1_72' title='bbox 652 1069 825 1142; x_wconf 86' lang='lat' dir='ltr'>lapis.</span> 
     </span>
    </p>
   </div>
   <div class='ocr_carea' id='block_1_13' title="bbox 198 1159 1780 1231">
    <p class='ocr_par' dir='ltr' id='par_1_13' title="bbox 198 1159 1780 1231">
     <span class='ocr_line' id='line_1_13' title="bbox 198 1159 1780 1231; baseline 0.003 -18"><span class='ocrx_word' id='word_1_73' title='bbox 198 1161 440 1214; x_wconf 83' lang='lat' dir='ltr'>Dextera</span> <span class='ocrx_word' id='word_1_74' title='bbox 470 1163 591 1224; x_wconf 91' lang='lat' dir='ltr'>tua,</span> <span class='ocrx_word' id='word_1_75' title='bbox 621 1159 890 1223; x_wconf 88' lang='lat' dir='ltr'>Domine,</span> <span class='ocrx_word' id='word_1_76' title='bbox 925 1159 1253 1231; x_wconf 85' lang='lat' dir='ltr'>gloriﬁcata</span> <span class='ocrx_word' id='word_1_77' title='bbox 1293 1166 1384 1219; x_wconf 92' lang='lat' dir='ltr'>est</span> <span class='ocrx_word' id='word_1_78' title='bbox 1412 1163 1473 1220; x_wconf 91' lang='lat' dir='ltr'>in</span> <span class='ocrx_word' id='word_1_79' title='bbox 1518 1163 1731 1220; x_wconf 86' lang='lat' dir='ltr'>virtute</span> <span class='ocrx_word' id='word_1_80' title='bbox 1768 1183 1780 1217; x_wconf 91' lang='lat'>:</span> 
     </span>
    </p>
   </div>
   <div class='ocr_carea' id='block_1_14' title="bbox 133 1246 1781 1324">
    <p class='ocr_par' dir='ltr' id='par_1_14' title="bbox 133 1246 1781 1324">
     <span class='ocr_line' id='line_1_14' title="bbox 133 1246 1781 1324; baseline 0.003 -21"><span class='ocrx_word' id='word_1_81' title='bbox 133 1246 360 1303; x_wconf 82' lang='lat' dir='ltr'>dextera</span> <span class='ocrx_word' id='word_1_82' title='bbox 375 1263 592 1302; x_wconf 87' lang='lat' dir='ltr'>manus</span> <span class='ocrx_word' id='word_1_83' title='bbox 605 1253 723 1303; x_wconf 76' lang='lat' dir='ltr'>tuae</span> <span class='ocrx_word' id='word_1_84' title='bbox 750 1249 1351 1318; x_wconf 87' lang='lat' dir='ltr'>confregitinimicos.</span> <span class='ocrx_word' id='word_1_85' title='bbox 1371 1253 1391 1274; x_wconf 84' lang='lat'><strong><em>&quot;</em></strong></span> <span class='ocrx_word' id='word_1_86' title='bbox 1420 1255 1621 1324; x_wconf 72' lang='lat' dir='ltr'>Etprae</span> <span class='ocrx_word' id='word_1_87' title='bbox 1636 1253 1781 1308; x_wconf 81' lang='lat' dir='ltr'>mul-</span> 
     </span>
    </p>
   </div>
   <div class='ocr_carea' id='block_1_15' title="bbox 135 1335 1671 1407">
    <p class='ocr_par' dir='ltr' id='par_1_15' title="bbox 135 1335 1671 1407">
     <span class='ocr_line' id='line_1_15' title="bbox 135 1335 1671 1407; baseline 0.001 -16"><span class='ocrx_word' id='word_1_88' title='bbox 135 1336 371 1392; x_wconf 89' lang='lat' dir='ltr'>titudine</span> <span class='ocrx_word' id='word_1_89' title='bbox 399 1335 735 1407; x_wconf 85' lang='lat' dir='ltr'>majestatis</span> <span class='ocrx_word' id='word_1_90' title='bbox 757 1340 873 1392; x_wconf 75' lang='lat' dir='ltr'>tuae</span> <span class='ocrx_word' id='word_1_91' title='bbox 896 1338 1223 1395; x_wconf 82' lang='lat' dir='ltr'>contrivisti</span> <span class='ocrx_word' id='word_1_92' title='bbox 1246 1340 1623 1397; x_wconf 86' lang='lat' dir='ltr'>adversarios</span> <span class='ocrx_word' id='word_1_93' title='bbox 1659 1359 1671 1393; x_wconf 91' lang='lat'><strong>:</strong></span> 
     </span>
    </p>
   </div>
   <div class='ocr_carea' id='block_1_16' title="bbox 201 1424 1779 1501">
    <p class='ocr_par' dir='ltr' id='par_1_16' title="bbox 201 1424 1779 1501">
     <span class='ocr_line' id='line_1_16' title="bbox 201 1424 1779 1501; baseline 0.004 -23"><span class='ocrx_word' id='word_1_94' title='bbox 201 1424 393 1479; x_wconf 79' lang='lat' dir='ltr'>Misisti</span> <span class='ocrx_word' id='word_1_95' title='bbox 414 1425 566 1480; x_wconf 88' lang='lat' dir='ltr'>iram</span> <span class='ocrx_word' id='word_1_96' title='bbox 590 1429 780 1492; x_wconf 90' lang='lat' dir='ltr'>tuam,</span> <span class='ocrx_word' id='word_1_97' title='bbox 808 1430 862 1480; x_wconf 91' lang='lat' dir='ltr'>et</span> <span class='ocrx_word' id='word_1_98' title='bbox 886 1428 1259 1483; x_wconf 89' lang='lat' dir='ltr'>comediteos</span> <span class='ocrx_word' id='word_1_99' title='bbox 1279 1433 1569 1500; x_wconf 86' lang='lat' dir='ltr'>tanquam</span> <span class='ocrx_word' id='word_1_100' title='bbox 1590 1429 1779 1501; x_wconf 87' lang='lat' dir='ltr'>stipu-</span> 
     </span>
    </p>
   </div>
   <div class='ocr_carea' id='block_1_17' title="bbox 130 1510 1778 1584">
    <p class='ocr_par' dir='ltr' id='par_1_17' title="bbox 130 1510 1778 1584">
     <span class='ocr_line' id='line_1_17' title="bbox 130 1510 1778 1584; baseline 0.003 -17"><span class='ocrx_word' id='word_1_101' title='bbox 130 1510 266 1567; x_wconf 87' lang='lat' dir='ltr'>lam.</span> <span class='ocrx_word' id='word_1_102' title='bbox 302 1514 324 1538; x_wconf 79' lang='lat'>&#39;</span> <span class='ocrx_word' id='word_1_103' title='bbox 357 1514 423 1567; x_wconf 89' lang='lat' dir='ltr'>Et</span> <span class='ocrx_word' id='word_1_104' title='bbox 454 1526 562 1583; x_wconf 91' lang='lat' dir='ltr'>per</span> <span class='ocrx_word' id='word_1_105' title='bbox 593 1513 869 1584; x_wconf 86' lang='lat' dir='ltr'>spiritum</span> <span class='ocrx_word' id='word_1_106' title='bbox 921 1513 1249 1571; x_wconf 68' lang='lat' dir='ltr'>iracundize</span> <span class='ocrx_word' id='word_1_107' title='bbox 1282 1520 1398 1571; x_wconf 76' lang='lat' dir='ltr'>tuae</span> <span class='ocrx_word' id='word_1_108' title='bbox 1436 1516 1632 1573; x_wconf 90' lang='lat' dir='ltr'>divisa</span> <span class='ocrx_word' id='word_1_109' title='bbox 1686 1519 1778 1572; x_wconf 88' lang='lat' dir='ltr'>est</span> 
     </span>
    </p>
   </div>
   <div class='ocr_carea' id='block_1_18' title="bbox 130 1615 321 1672">
    <p class='ocr_par' dir='ltr' id='par_1_18' title="bbox 130 1615 321 1672">
     <span class='ocr_line' id='line_1_18' title="bbox 130 1615 321 1672; baseline -0.01 -16"><span class='ocrx_word' id='word_1_110' title='bbox 130 1615 321 1672; x_wconf 89' lang='lat' dir='ltr'>aqua:</span> 
     </span>
    </p>
   </div>
   <div class='ocr_carea' id='block_1_19' title="bbox 1893 455 2092 514">
    <p class='ocr_par' dir='ltr' id='par_1_19' title="bbox 1893 455 2092 514">
     <span class='ocr_line' id='line_1_19' title="bbox 1893 455 2092 514; baseline 0.02 -4"><span class='ocrx_word' id='word_1_111' title='bbox 1893 455 2092 514; x_wconf 88' lang='lat' dir='ltr'>leluia.</span> 
     </span>
    </p>
   </div>
   <div class='ocr_carea' id='block_1_20' title="bbox 1966 546 3541 623">
    <p class='ocr_par' dir='ltr' id='par_1_20' title="bbox 1966 546 3541 623">
     <span class='ocr_line' id='line_1_20' title="bbox 1966 546 3541 623; baseline 0.012 -24"><span class='ocrx_word' id='word_1_112' title='bbox 1966 547 2194 601; x_wconf 85' lang='lat' dir='ltr'>Lauda.</span> <span class='ocrx_word' id='word_1_113' title='bbox 2214 546 2457 603; x_wconf 87' lang='lat' dir='ltr'>Alleluia</span> <span class='ocrx_word' id='word_1_114' title='bbox 2483 565 2494 604; x_wconf 91' lang='lat'><strong>:</strong></span> <span class='ocrx_word' id='word_1_115' title='bbox 2520 550 2779 607; x_wconf 89' lang='lat' dir='ltr'>Laudate</span> <span class='ocrx_word' id='word_1_116' title='bbox 2804 553 3121 612; x_wconf 89' lang='lat' dir='ltr'>Dominum</span> <span class='ocrx_word' id='word_1_117' title='bbox 3137 558 3209 614; x_wconf 83' lang='lat' dir='ltr'>de</span> <span class='ocrx_word' id='word_1_118' title='bbox 3223 560 3385 617; x_wconf 67' lang='lat' dir='ltr'>caelis</span> <span class='ocrx_word' id='word_1_119' title='bbox 3415 563 3541 623; x_wconf 83' lang='lat' dir='ltr'>:Al-</span> 
     </span>
    </p>
   </div>
   <div class='ocr_carea' id='block_1_21' title="bbox 1894 631 2909 698">
    <p class='ocr_par' dir='ltr' id='par_1_21' title="bbox 1894 631 2909 698">
     <span class='ocr_line' id='line_1_21' title="bbox 1894 631 2909 698; baseline 0.011 -11"><span class='ocrx_word' id='word_1_120' title='bbox 1894 631 2074 690; x_wconf 91' lang='lat' dir='ltr'>leluia</span> <span class='ocrx_word' id='word_1_121' title='bbox 2098 634 2350 692; x_wconf 88' lang='lat' dir='ltr'>alleluia.</span> <span class='ocrx_word' id='word_1_122' title='bbox 2388 638 2655 695; x_wconf 80' lang='lat' dir='ltr'>Psalmus</span> <span class='ocrx_word' id='word_1_123' title='bbox 2685 644 2909 698; x_wconf 66' lang='lat' dir='ltr'>cxcvni.</span> 
     </span>
    </p>
   </div>
   <div class='ocr_carea' id='block_1_22' title="bbox 1896 724 3541 809">
    <p class='ocr_par' dir='ltr' id='par_1_22' title="bbox 1896 724 3541 809">
     <span class='ocr_line' id='line_1_22' title="bbox 1896 724 3541 809; baseline 0.013 -31"><span class='ocrx_word' id='word_1_124' title='bbox 1896 724 2258 792; x_wconf 79' lang='lat' dir='ltr'>Principium</span> <span class='ocrx_word' id='word_1_125' title='bbox 2289 727 2669 800; x_wconf 69' lang='lat' dir='ltr'>Apocalypst‘s</span> <span class='ocrx_word' id='word_1_126' title='bbox 2712 732 2953 788; x_wconf 78' lang='lat' dir='ltr'>Joannis</span> <span class='ocrx_word' id='word_1_127' title='bbox 2995 734 3256 804; x_wconf 80' lang='lat' dir='ltr'>Apostoli</span> <span class='ocrx_word' id='word_1_128' title='bbox 3282 739 3447 809; x_wconf 77' lang='lat' dir='ltr'>(Cap.</span> <span class='ocrx_word' id='word_1_129' title='bbox 3476 743 3541 809; x_wconf 88' lang='grc' dir='ltr'>ι).</span> 
     </span>
    </p>
   </div>
   <div class='ocr_carea' id='block_1_23' title="bbox 1968 813 2441 883">
    <p class='ocr_par' dir='ltr' id='par_1_23' title="bbox 1968 813 2441 883">
     <span class='ocr_line' id='line_1_23' title="bbox 1968 813 2441 883; baseline 0.002 -15"><span class='ocrx_word' id='word_1_130' title='bbox 1968 822 2032 880; x_wconf 56' lang='lat' dir='ltr'>Bx.</span> <span class='ocrx_word' id='word_1_131' title='bbox 2060 813 2179 868; x_wconf 90' lang='lat' dir='ltr'>Deo</span> <span class='ocrx_word' id='word_1_132' title='bbox 2204 815 2441 883; x_wconf 80' lang='lat' dir='ltr'>gratias.</span> 
     </span>
    </p>
   </div>
   <div class='ocr_carea' id='block_1_24' title="bbox 1966 902 3544 983">
    <p class='ocr_par' dir='ltr' id='par_1_24' title="bbox 1966 902 3544 983">
     <span class='ocr_line' id='line_1_24' title="bbox 1966 902 3544 983; baseline 0.012 -28"><span class='ocrx_word' id='word_1_133' title='bbox 1966 902 2359 975; x_wconf 76' lang='lat' dir='ltr'>Apocalypsis</span> <span class='ocrx_word' id='word_1_134' title='bbox 2396 904 2533 962; x_wconf 81' lang='lat' dir='ltr'>Jesu</span> <span class='ocrx_word' id='word_1_135' title='bbox 2565 907 2793 974; x_wconf 83' lang='lat' dir='ltr'>Christi,</span> <span class='ocrx_word' id='word_1_136' title='bbox 2824 925 3009 983; x_wconf 89' lang='lat' dir='ltr'>quam</span> <span class='ocrx_word' id='word_1_137' title='bbox 3046 911 3211 970; x_wconf 83' lang='lat' dir='ltr'>dedit</span> <span class='ocrx_word' id='word_1_138' title='bbox 3254 914 3337 972; x_wconf 89' lang='lat' dir='ltr'>illi</span> <span class='ocrx_word' id='word_1_139' title='bbox 3387 916 3544 975; x_wconf 79' lang='lat' dir='ltr'>Deus</span> 
     </span>
    </p>
   </div>
   <div class='ocr_carea' id='block_1_25' title="bbox 1894 989 3550 1072">
    <p class='ocr_par' dir='ltr' id='par_1_25' title="bbox 1894 989 3550 1072">
     <span class='ocr_line' id='line_1_25' title="bbox 1894 989 3550 1072; baseline 0.013 -29"><span class='ocrx_word' id='word_1_140' title='bbox 1894 989 2097 1061; x_wconf 89' lang='lat' dir='ltr'>palam</span> <span class='ocrx_word' id='word_1_141' title='bbox 2114 990 2306 1048; x_wconf 85' lang='lat' dir='ltr'>facere</span> <span class='ocrx_word' id='word_1_142' title='bbox 2327 993 2513 1049; x_wconf 88' lang='lat' dir='ltr'>servis</span> <span class='ocrx_word' id='word_1_143' title='bbox 2532 997 2679 1058; x_wconf 89' lang='lat' dir='ltr'>suis,</span> <span class='ocrx_word' id='word_1_144' title='bbox 2728 1014 2862 1069; x_wconf 80' lang='lat' dir='ltr'>quae</span> <span class='ocrx_word' id='word_1_145' title='bbox 2892 1005 3126 1072; x_wconf 86' lang='lat' dir='ltr'>oportet</span> <span class='ocrx_word' id='word_1_146' title='bbox 3159 1002 3286 1060; x_wconf 87' lang='lat' dir='ltr'>ﬁeri</span> <span class='ocrx_word' id='word_1_147' title='bbox 3311 1004 3426 1063; x_wconf 91' lang='lat' dir='ltr'>cito</span> <span class='ocrx_word' id='word_1_148' title='bbox 3450 1024 3465 1067; x_wconf 90' lang='lat'>:</span> <span class='ocrx_word' id='word_1_149' title='bbox 3488 1010 3550 1065; x_wconf 81' lang='lat' dir='ltr'>et</span> 
     </span>
    </p>
   </div>
   <div class='ocr_carea' id='block_1_26' title="bbox 1893 1078 3545 1158">
    <p class='ocr_par' dir='ltr' id='par_1_26' title="bbox 1893 1078 3545 1158">
     <span class='ocr_line' id='line_1_26' title="bbox 1893 1078 3545 1158; baseline 0.013 -27"><span class='ocrx_word' id='word_1_150' title='bbox 1893 1078 2268 1148; x_wconf 86' lang='lat' dir='ltr'>signiﬁcavit,</span> <span class='ocrx_word' id='word_1_151' title='bbox 2302 1081 2539 1137; x_wconf 89' lang='lat' dir='ltr'>mittens</span> <span class='ocrx_word' id='word_1_152' title='bbox 2568 1099 2674 1155; x_wconf 89' lang='lat' dir='ltr'>per</span> <span class='ocrx_word' id='word_1_153' title='bbox 2703 1086 2994 1158; x_wconf 85' lang='lat' dir='ltr'>Angelum</span> <span class='ocrx_word' id='word_1_154' title='bbox 3025 1105 3205 1146; x_wconf 89' lang='lat' dir='ltr'>suum</span> <span class='ocrx_word' id='word_1_155' title='bbox 3237 1108 3406 1150; x_wconf 89' lang='lat' dir='ltr'>servo</span> <span class='ocrx_word' id='word_1_156' title='bbox 3433 1110 3545 1154; x_wconf 89' lang='lat' dir='ltr'>suo</span> 
     </span>
    </p>
   </div>
   <div class='ocr_carea' id='block_1_27' title="bbox 1890 1166 3545 1247">
    <p class='ocr_par' dir='ltr' id='par_1_27' title="bbox 1890 1166 3545 1247">
     <span class='ocr_line' id='line_1_27' title="bbox 1890 1166 3545 1247; baseline 0.012 -26"><span class='ocrx_word' id='word_1_157' title='bbox 1890 1166 2126 1231; x_wconf 83' lang='lat' dir='ltr'>Joanni,</span> <span class='ocrx_word' id='word_1_158' title='bbox 2153 1168 2258 1240; x_wconf 88' lang='lat' dir='ltr'>qui</span> <span class='ocrx_word' id='word_1_159' title='bbox 2303 1170 2704 1228; x_wconf 91' lang='lat' dir='ltr'>testimonium</span> <span class='ocrx_word' id='word_1_160' title='bbox 2754 1175 3054 1247; x_wconf 86' lang='lat' dir='ltr'>perhibuit</span> <span class='ocrx_word' id='word_1_161' title='bbox 3089 1180 3275 1237; x_wconf 88' lang='lat' dir='ltr'>verbo</span> <span class='ocrx_word' id='word_1_162' title='bbox 3309 1181 3433 1247; x_wconf 85' lang='lat' dir='ltr'>Dei,</span> <span class='ocrx_word' id='word_1_163' title='bbox 3487 1188 3545 1241; x_wconf 90' lang='lat' dir='ltr'>et</span> 
     </span>
    </p>
   </div>
   <div class='ocr_carea' id='block_1_28' title="bbox 1890 1254 3537 1339">
    <p class='ocr_par' dir='ltr' id='par_1_28' title="bbox 1890 1254 3537 1339">
     <span class='ocr_line' id='line_1_28' title="bbox 1890 1254 3537 1339; baseline 0.012 -29"><span class='ocrx_word' id='word_1_164' title='bbox 1890 1254 2297 1312; x_wconf 89' lang='lat' dir='ltr'>testimonium</span> <span class='ocrx_word' id='word_1_165' title='bbox 2312 1259 2454 1314; x_wconf 89' lang='lat' dir='ltr'>Jesu</span> <span class='ocrx_word' id='word_1_166' title='bbox 2473 1260 2702 1325; x_wconf 86' lang='lat' dir='ltr'>Christi,</span> <span class='ocrx_word' id='word_1_167' title='bbox 2723 1279 3111 1338; x_wconf 74' lang='lat' dir='ltr'>quaecumque</span> <span class='ocrx_word' id='word_1_168' title='bbox 3122 1268 3288 1325; x_wconf 89' lang='lat' dir='ltr'>vidit.</span> <span class='ocrx_word' id='word_1_169' title='bbox 3307 1272 3537 1339; x_wconf 88' lang='lat' dir='ltr'>Beatus,</span> 
     </span>
    </p>
   </div>
   <div class='ocr_carea' id='block_1_29' title="bbox 1888 1344 3537 1429">
    <p class='ocr_par' dir='ltr' id='par_1_29' title="bbox 1888 1344 3537 1429">
     <span class='ocr_line' id='line_1_29' title="bbox 1888 1344 3537 1429; baseline 0.013 -32"><span class='ocrx_word' id='word_1_170' title='bbox 1888 1344 1990 1415; x_wconf 88' lang='lat' dir='ltr'>qui</span> <span class='ocrx_word' id='word_1_171' title='bbox 2009 1344 2232 1414; x_wconf 89' lang='lat' dir='ltr'>legit,et</span> <span class='ocrx_word' id='word_1_172' title='bbox 2257 1347 2360 1418; x_wconf 87' lang='lat' dir='ltr'>qui</span> <span class='ocrx_word' id='word_1_173' title='bbox 2383 1363 2459 1403; x_wconf 91' lang='lat' dir='ltr'>au</span> <span class='ocrx_word' id='word_1_174' title='bbox 2474 1348 2563 1404; x_wconf 91' lang='lat' dir='ltr'>dit</span> <span class='ocrx_word' id='word_1_175' title='bbox 2588 1354 2767 1407; x_wconf 89' lang='lat' dir='ltr'>verba</span> <span class='ocrx_word' id='word_1_176' title='bbox 2784 1355 3195 1425; x_wconf 63' lang='lat' dir='ltr'>prophetim,et</span> <span class='ocrx_word' id='word_1_177' title='bbox 3220 1365 3416 1416; x_wconf 87' lang='lat' dir='ltr'>servat</span> <span class='ocrx_word' id='word_1_178' title='bbox 3441 1377 3537 1429; x_wconf 86' lang='lat' dir='ltr'>ea,</span> 
     </span>
    </p>
   </div>
   <div class='ocr_carea' id='block_1_30' title="bbox 1886 1433 3529 1519">
    <p class='ocr_par' dir='ltr' id='par_1_30' title="bbox 1886 1433 3529 1519">
     <span class='ocr_line' id='line_1_30' title="bbox 1886 1433 3529 1519; baseline 0.012 -33"><span class='ocrx_word' id='word_1_179' title='bbox 1886 1448 2020 1503; x_wconf 77' lang='lat' dir='ltr'>quae</span> <span class='ocrx_word' id='word_1_180' title='bbox 2050 1433 2108 1488; x_wconf 89' lang='lat' dir='ltr'>in</span> <span class='ocrx_word' id='word_1_181' title='bbox 2138 1450 2209 1489; x_wconf 90' lang='lat' dir='ltr'>ea</span> <span class='ocrx_word' id='word_1_182' title='bbox 2238 1436 2459 1507; x_wconf 89' lang='lat' dir='ltr'>scripta</span> <span class='ocrx_word' id='word_1_183' title='bbox 2489 1443 2629 1493; x_wconf 89' lang='lat' dir='ltr'>sunt</span> <span class='ocrx_word' id='word_1_184' title='bbox 2660 1455 2676 1496; x_wconf 90' lang='lat'><strong>:</strong></span> <span class='ocrx_word' id='word_1_185' title='bbox 2710 1443 2947 1511; x_wconf 88' lang='lat' dir='ltr'>tempus</span> <span class='ocrx_word' id='word_1_186' title='bbox 2998 1443 3157 1499; x_wconf 89' lang='lat' dir='ltr'>enim</span> <span class='ocrx_word' id='word_1_187' title='bbox 3202 1462 3390 1519; x_wconf 88' lang='lat' dir='ltr'>prope</span> <span class='ocrx_word' id='word_1_188' title='bbox 3417 1454 3529 1506; x_wconf 89' lang='lat' dir='ltr'>est.</span> 
     </span>
    </p>
   </div>
   <div class='ocr_carea' id='block_1_31' title="bbox 1884 1522 3539 1600">
    <p class='ocr_par' dir='ltr' id='par_1_31' title="bbox 1884 1522 3539 1600">
     <span class='ocr_line' id='line_1_31' title="bbox 1884 1522 3539 1600; baseline 0.011 -26"><span class='ocrx_word' id='word_1_189' title='bbox 1884 1522 2145 1576; x_wconf 89' lang='lat' dir='ltr'>Joannes</span> <span class='ocrx_word' id='word_1_190' title='bbox 2173 1528 2399 1594; x_wconf 88' lang='lat' dir='ltr'>septem</span> <span class='ocrx_word' id='word_1_191' title='bbox 2430 1525 2722 1594; x_wconf 88' lang='lat' dir='ltr'>Ecclesiis,</span> <span class='ocrx_word' id='word_1_192' title='bbox 2753 1543 2886 1600; x_wconf 71' lang='lat' dir='ltr'>quae</span> <span class='ocrx_word' id='word_1_193' title='bbox 2914 1535 3052 1586; x_wconf 88' lang='lat' dir='ltr'>sunt</span> <span class='ocrx_word' id='word_1_194' title='bbox 3075 1532 3135 1587; x_wconf 90' lang='lat' dir='ltr'>in</span> <span class='ocrx_word' id='word_1_195' title='bbox 3154 1533 3310 1590; x_wconf 87' lang='lat' dir='ltr'>Asia.</span> <span class='ocrx_word' id='word_1_196' title='bbox 3342 1536 3539 1593; x_wconf 87' lang='lat' dir='ltr'>Gratia</span> 
     </span>
    </p>
   </div>
   <div class='ocr_carea' id='block_1_32' title="bbox 1882 1608 3537 1696">
    <p class='ocr_par' dir='ltr' id='par_1_32' title="bbox 1882 1608 3537 1696">
     <span class='ocr_line' id='line_1_32' title="bbox 1882 1608 3537 1696; baseline 0.011 -33"><span class='ocrx_word' id='word_1_197' title='bbox 1882 1608 2056 1664; x_wconf 91' lang='lat' dir='ltr'>vobis</span> <span class='ocrx_word' id='word_1_198' title='bbox 2086 1615 2143 1665; x_wconf 90' lang='lat' dir='ltr'>et</span> <span class='ocrx_word' id='word_1_199' title='bbox 2171 1626 2288 1682; x_wconf 87' lang='lat' dir='ltr'>pax</span> <span class='ocrx_word' id='word_1_200' title='bbox 2320 1611 2398 1667; x_wconf 89' lang='lat' dir='ltr'>ab</span> <span class='ocrx_word' id='word_1_201' title='bbox 2431 1628 2521 1682; x_wconf 91' lang='lat' dir='ltr'>eo,</span> <span class='ocrx_word' id='word_1_202' title='bbox 2549 1615 2653 1686; x_wconf 92' lang='lat' dir='ltr'>qui</span> <span class='ocrx_word' id='word_1_203' title='bbox 2676 1621 2782 1681; x_wconf 91' lang='lat' dir='ltr'>est,</span> <span class='ocrx_word' id='word_1_204' title='bbox 2815 1620 2991 1691; x_wconf 91' lang='lat' dir='ltr'>etqui</span> <span class='ocrx_word' id='word_1_205' title='bbox 3018 1626 3162 1685; x_wconf 90' lang='lat' dir='ltr'>erat,</span> <span class='ocrx_word' id='word_1_206' title='bbox 3186 1626 3239 1678; x_wconf 90' lang='lat' dir='ltr'>et</span> <span class='ocrx_word' id='word_1_207' title='bbox 3259 1623 3363 1696; x_wconf 93' lang='lat' dir='ltr'>qui</span> <span class='ocrx_word' id='word_1_208' title='bbox 3391 1639 3537 1681; x_wconf 86' lang='lat' dir='ltr'>ven-</span> 
     </span>
    </p>
   </div>
   <div class='ocr_carea' id='block_1_33' title="bbox 193 1688 3539 1784">
    <p class='ocr_par' dir='ltr' id='par_1_33' title="bbox 193 1688 3539 1784">
     <span class='ocr_line' id='line_1_33' title="bbox 193 1688 3539 1784; baseline 0.008 -41"><span class='ocrx_word' id='word_1_209' title='bbox 193 1688 547 1745; x_wconf 88' lang='lat' dir='ltr'>Gelaverunt</span> <span class='ocrx_word' id='word_1_210' title='bbox 567 1692 888 1784; x_wconf 76' lang='lat' dir='ltr'>tamquam</span> <span class='ocrx_word' id='word_1_211' title='bbox 913 1706 1122 1747; x_wconf 90' lang='lat' dir='ltr'>murus</span> <span class='ocrx_word' id='word_1_212' title='bbox 1148 1706 1337 1764; x_wconf 60' lang='lat' dir='ltr'>aqua.</span> <span class='ocrx_word' id='word_1_213' title='bbox 1377 1694 1396 1714; x_wconf 80' lang='grc'><strong><em>⁶</em></strong></span> <span class='ocrx_word' id='word_1_214' title='bbox 1423 1693 1771 1764; x_wconf 85' lang='lat' dir='ltr'>gelaverunt</span> <span class='ocrx_word' id='word_1_215' title='bbox 1804 1721 1848 1775; x_wconf 79' lang='grc' dir='ltr'>Β</span> <span class='ocrx_word' id='word_1_216' title='bbox 1881 1701 2049 1752; x_wconf 91' lang='lat' dir='ltr'>turus</span> <span class='ocrx_word' id='word_1_217' title='bbox 2079 1703 2168 1754; x_wconf 90' lang='lat' dir='ltr'>est</span> <span class='ocrx_word' id='word_1_218' title='bbox 2191 1718 2206 1769; x_wconf 79' lang='lat'>;</span> <span class='ocrx_word' id='word_1_219' title='bbox 2236 1704 2291 1755; x_wconf 85' lang='lat' dir='ltr'>et</span> <span class='ocrx_word' id='word_1_220' title='bbox 2320 1716 2356 1755; x_wconf 89' lang='lat' dir='ltr'>a</span> <span class='ocrx_word' id='word_1_221' title='bbox 2392 1708 2621 1773; x_wconf 85' lang='lat' dir='ltr'>septem</span> <span class='ocrx_word' id='word_1_222' title='bbox 2654 1688 2977 1776; x_wconf 76' lang='lat' dir='ltr'>spiritibus,</span> <span class='ocrx_word' id='word_1_223' title='bbox 3007 1708 3191 1780; x_wconf 90' lang='lat' dir='ltr'>quiin</span> <span class='ocrx_word' id='word_1_224' title='bbox 3213 1688 3539 1784; x_wconf 70' lang='lat' dir='ltr'>cohspectu</span> 
     </span>
    </p>
   </div>
   <div class='ocr_carea' id='block_1_34' title="bbox 128 1776 847 1834">
    <p class='ocr_par' dir='ltr' id='par_1_34' title="bbox 128 1776 847 1834">
     <span class='ocr_line' id='line_1_34' title="bbox 128 1776 847 1834; baseline 0 -2"><span class='ocrx_word' id='word_1_225' title='bbox 128 1776 334 1834; x_wconf 85' lang='lat' dir='ltr'>ﬂuctus</span> <span class='ocrx_word' id='word_1_226' title='bbox 360 1778 419 1832; x_wconf 91' lang='lat' dir='ltr'>in</span> <span class='ocrx_word' id='word_1_227' title='bbox 446 1776 648 1833; x_wconf 88' lang='lat' dir='ltr'>medio</span> <span class='ocrx_word' id='word_1_228' title='bbox 674 1779 847 1834; x_wconf 89' lang='lat' dir='ltr'>mari.</span> 
     </span>
    </p>
   </div>
   <div class='ocr_carea' id='block_1_35' title="bbox 195 1864 1773 1944">
    <p class='ocr_par' dir='ltr' id='par_1_35' title="bbox 195 1864 1773 1944">
     <span class='ocr_line' id='line_1_35' title="bbox 195 1864 1773 1944; baseline 0.005 -24"><span class='ocrx_word' id='word_1_229' title='bbox 195 1866 344 1922; x_wconf 79' lang='lat' dir='ltr'>Dixit</span> <span class='ocrx_word' id='word_1_230' title='bbox 364 1864 677 1925; x_wconf 88' lang='lat' dir='ltr'>inimicus:</span> <span class='ocrx_word' id='word_1_231' title='bbox 706 1868 1069 1940; x_wconf 88' lang='lat' dir='ltr'>Persequens</span> <span class='ocrx_word' id='word_1_232' title='bbox 1088 1871 1616 1943; x_wconf 86' lang='lat' dir='ltr'>comprehendam,</span> <span class='ocrx_word' id='word_1_233' title='bbox 1639 1887 1773 1944; x_wconf 79' lang='lat' dir='ltr'>par-</span> 
     </span>
    </p>
   </div>
   <div class='ocr_carea' id='block_1_36' title="bbox 128 1954 1375 2028">
    <p class='ocr_par' dir='ltr' id='par_1_36' title="bbox 128 1954 1375 2028">
     <span class='ocr_line' id='line_1_36' title="bbox 128 1954 1375 2028; baseline 0.004 -18"><span class='ocrx_word' id='word_1_234' title='bbox 128 1954 279 2011; x_wconf 90' lang='lat' dir='ltr'>tibor</span> <span class='ocrx_word' id='word_1_235' title='bbox 306 1954 511 2026; x_wconf 90' lang='lat' dir='ltr'>spolia,</span> <span class='ocrx_word' id='word_1_236' title='bbox 552 1955 799 2028; x_wconf 92' lang='lat' dir='ltr'>replebo</span> <span class='ocrx_word' id='word_1_237' title='bbox 829 1959 1097 2014; x_wconf 89' lang='lat' dir='ltr'>animam</span> <span class='ocrx_word' id='word_1_238' title='bbox 1128 1975 1327 2015; x_wconf 89' lang='lat' dir='ltr'>meam</span> <span class='ocrx_word' id='word_1_239' title='bbox 1363 1978 1375 2015; x_wconf 88' lang='lat'><strong>:</strong></span> 
     </span>
    </p>
   </div>
   <div class='ocr_carea' id='block_1_37' title="bbox 189 2043 1771 2115">
    <p class='ocr_par' dir='ltr' id='par_1_37' title="bbox 189 2043 1771 2115">
     <span class='ocr_line' id='line_1_37' title="bbox 189 2043 1771 2115; baseline 0.003 -17"><span class='ocrx_word' id='word_1_240' title='bbox 189 2044 540 2100; x_wconf 82' lang='lat' dir='ltr'>lnterﬁciam</span> <span class='ocrx_word' id='word_1_241' title='bbox 566 2043 768 2115; x_wconf 87' lang='lat' dir='ltr'>gladio</span> <span class='ocrx_word' id='word_1_242' title='bbox 796 2062 955 2114; x_wconf 91' lang='lat' dir='ltr'>meo,</span> <span class='ocrx_word' id='word_1_243' title='bbox 985 2049 1003 2070; x_wconf 78' lang='grc'><strong><em>⁶</em></strong></span> <span class='ocrx_word' id='word_1_244' title='bbox 1034 2052 1092 2104; x_wconf 91' lang='lat' dir='ltr'>et</span> <span class='ocrx_word' id='word_1_245' title='bbox 1116 2047 1521 2105; x_wconf 86' lang='lat' dir='ltr'>dominabitur</span> <span class='ocrx_word' id='word_1_246' title='bbox 1553 2064 1771 2105; x_wconf 91' lang='lat' dir='ltr'>manus</span> 
     </span>
    </p>
   </div>
   <div class='ocr_carea' id='block_1_38' title="bbox 125 2149 268 2190">
    <p class='ocr_par' dir='ltr' id='par_1_38' title="bbox 125 2149 268 2190">
     <span class='ocr_line' id='line_1_38' title="bbox 125 2149 268 2190; baseline -0.021 0"><span class='ocrx_word' id='word_1_247' title='bbox 125 2149 268 2190; x_wconf 88' lang='lat' dir='ltr'>mea.</span> 
     </span>
    </p>
   </div>
   <div class='ocr_carea' id='block_1_39' title="bbox 191 2222 1769 2299">
    <p class='ocr_par' dir='ltr' id='par_1_39' title="bbox 191 2222 1769 2299">
     <span class='ocr_line' id='line_1_39' title="bbox 191 2222 1769 2299; baseline 0.001 -21"><span class='ocrx_word' id='word_1_248' title='bbox 191 2222 387 2278; x_wconf 76' lang='lat' dir='ltr'>Misisti</span> <span class='ocrx_word' id='word_1_249' title='bbox 419 2222 693 2294; x_wconf 90' lang='lat' dir='ltr'>spiritum</span> <span class='ocrx_word' id='word_1_250' title='bbox 728 2227 919 2291; x_wconf 89' lang='lat' dir='ltr'>tuum,</span> <span class='ocrx_word' id='word_1_251' title='bbox 980 2229 1034 2281; x_wconf 90' lang='lat' dir='ltr'>et</span> <span class='ocrx_word' id='word_1_252' title='bbox 1060 2227 1367 2299; x_wconf 85' lang='lat' dir='ltr'>cooperuit</span> <span class='ocrx_word' id='word_1_253' title='bbox 1418 2243 1520 2283; x_wconf 88' lang='lat' dir='ltr'>eos</span> <span class='ocrx_word' id='word_1_254' title='bbox 1565 2241 1769 2282; x_wconf 87' lang='lat' dir='ltr'>mare:</span> 
     </span>
    </p>
   </div>
   <div class='ocr_carea' id='block_1_40' title="bbox 127 2309 1771 2388">
    <p class='ocr_par' dir='ltr' id='par_1_40' title="bbox 127 2309 1771 2388">
     <span class='ocr_line' id='line_1_40' title="bbox 127 2309 1771 2388; baseline 0.001 -20"><span class='ocrx_word' id='word_1_255' title='bbox 127 2317 140 2329; x_wconf 91' lang='lat'><strong>&#39;</strong></span> <span class='ocrx_word' id='word_1_256' title='bbox 166 2309 409 2368; x_wconf 90' lang='lat' dir='ltr'>dimersi</span> <span class='ocrx_word' id='word_1_257' title='bbox 429 2316 566 2367; x_wconf 90' lang='lat' dir='ltr'>sunt</span> <span class='ocrx_word' id='word_1_258' title='bbox 586 2313 645 2367; x_wconf 88' lang='lat' dir='ltr'>in</span> <span class='ocrx_word' id='word_1_259' title='bbox 659 2313 1027 2384; x_wconf 87' lang='lat' dir='ltr'>profundum</span> <span class='ocrx_word' id='word_1_260' title='bbox 1049 2320 1358 2388; x_wconf 86' lang='lat' dir='ltr'>tamquam</span> <span class='ocrx_word' id='word_1_261' title='bbox 1382 2314 1771 2387; x_wconf 89' lang='lat' dir='ltr'>plumbumin</span> 
     </span>
    </p>
   </div>
   <div class='ocr_carea' id='block_1_41' title="bbox 130 2399 705 2473">
    <p class='ocr_par' dir='ltr' id='par_1_41' title="bbox 130 2399 705 2473">
     <span class='ocr_line' id='line_1_41' title="bbox 130 2399 705 2473; baseline -0.003 -17"><span class='ocrx_word' id='word_1_262' title='bbox 130 2417 279 2473; x_wconf 82' lang='lat' dir='ltr'>aqua</span> <span class='ocrx_word' id='word_1_263' title='bbox 304 2399 705 2457; x_wconf 85' lang='lat' dir='ltr'>validissima.</span> 
     </span>
    </p>
   </div>
   <div class='ocr_carea' id='block_1_42' title="bbox 191 2488 1769 2565">
    <p class='ocr_par' dir='ltr' id='par_1_42' title="bbox 191 2488 1769 2565">
     <span class='ocr_line' id='line_1_42' title="bbox 191 2488 1769 2565; baseline 0.003 -20"><span class='ocrx_word' id='word_1_264' title='bbox 191 2488 329 2555; x_wconf 88' lang='lat' dir='ltr'>Quis</span> <span class='ocrx_word' id='word_1_265' title='bbox 356 2488 569 2544; x_wconf 91' lang='lat' dir='ltr'>similis</span> <span class='ocrx_word' id='word_1_266' title='bbox 591 2489 693 2545; x_wconf 91' lang='lat' dir='ltr'>tibi</span> <span class='ocrx_word' id='word_1_267' title='bbox 713 2488 774 2546; x_wconf 90' lang='lat' dir='ltr'>in</span> <span class='ocrx_word' id='word_1_268' title='bbox 795 2490 907 2545; x_wconf 90' lang='lat' dir='ltr'>diis</span> <span class='ocrx_word' id='word_1_269' title='bbox 925 2492 1173 2548; x_wconf 90' lang='lat' dir='ltr'>Domine</span> <span class='ocrx_word' id='word_1_270' title='bbox 1198 2488 1225 2546; x_wconf 85' lang='lat'><strong><em>?</em></strong></span> <span class='ocrx_word' id='word_1_271' title='bbox 1251 2494 1385 2565; x_wconf 87' lang='lat' dir='ltr'>quis</span> <span class='ocrx_word' id='word_1_272' title='bbox 1407 2492 1616 2549; x_wconf 87' lang='lat' dir='ltr'>similis</span> <span class='ocrx_word' id='word_1_273' title='bbox 1644 2492 1769 2558; x_wconf 90' lang='lat' dir='ltr'>tibi,</span> 
     </span>
    </p>
   </div>
   <div class='ocr_carea' id='block_1_43' title="bbox 129 2578 1775 2653">
    <p class='ocr_par' dir='ltr' id='par_1_43' title="bbox 129 2578 1775 2653">
     <span class='ocr_line' id='line_1_43' title="bbox 129 2578 1775 2653; baseline 0.002 -18"><span class='ocrx_word' id='word_1_274' title='bbox 129 2578 489 2635; x_wconf 86' lang='lat' dir='ltr'>honoriﬁcus</span> <span class='ocrx_word' id='word_1_275' title='bbox 509 2578 570 2633; x_wconf 90' lang='lat' dir='ltr'>in</span> <span class='ocrx_word' id='word_1_276' title='bbox 593 2579 833 2648; x_wconf 87' lang='lat' dir='ltr'>sanctis,</span> <span class='ocrx_word' id='word_1_277' title='bbox 854 2579 1145 2636; x_wconf 87' lang='lat' dir='ltr'>mirabilis</span> <span class='ocrx_word' id='word_1_278' title='bbox 1162 2581 1221 2636; x_wconf 91' lang='lat' dir='ltr'>in</span> <span class='ocrx_word' id='word_1_279' title='bbox 1241 2582 1677 2653; x_wconf 90' lang='lat' dir='ltr'>majestatibus,</span> <span class='ocrx_word' id='word_1_280' title='bbox 1694 2582 1775 2638; x_wconf 82' lang='lat' dir='ltr'>fa-</span> 
     </span>
    </p>
   </div>
   <div class='ocr_carea' id='block_1_44' title="bbox 130 2665 1777 2735">
    <p class='ocr_par' dir='ltr' id='par_1_44' title="bbox 130 2665 1777 2735">
     <span class='ocr_line' id='line_1_44' title="bbox 130 2665 1777 2735; baseline 0.002 -12"><span class='ocrx_word' id='word_1_281' title='bbox 130 2666 281 2723; x_wconf 89' lang='lat' dir='ltr'>ciens</span> <span class='ocrx_word' id='word_1_282' title='bbox 303 2665 661 2735; x_wconf 86' lang='lat' dir='ltr'>magnalia?</span> <span class='ocrx_word' id='word_1_283' title='bbox 680 2669 699 2688; x_wconf 81' lang='lat'><strong><em>&quot;</em></strong></span> <span class='ocrx_word' id='word_1_284' title='bbox 722 2667 1047 2724; x_wconf 80' lang='lat' dir='ltr'>Extendisti</span> <span class='ocrx_word' id='word_1_285' title='bbox 1070 2674 1377 2727; x_wconf 83' lang='lat' dir='ltr'>dexteram</span> <span class='ocrx_word' id='word_1_286' title='bbox 1400 2674 1585 2734; x_wconf 87' lang='lat' dir='ltr'>tuam,</span> <span class='ocrx_word' id='word_1_287' title='bbox 1608 2670 1777 2727; x_wconf 77' lang='lat' dir='ltr'>etde-</span> 
     </span>
    </p>
   </div>
   <div class='ocr_carea' id='block_1_45' title="bbox 126 2757 695 2814">
    <p class='ocr_par' dir='ltr' id='par_1_45' title="bbox 126 2757 695 2814">
     <span class='ocr_line' id='line_1_45' title="bbox 126 2757 695 2814; baseline -0.004 -3"><span class='ocrx_word' id='word_1_288' title='bbox 126 2757 354 2814; x_wconf 80' lang='lat' dir='ltr'>voravit</span> <span class='ocrx_word' id='word_1_289' title='bbox 379 2773 483 2812; x_wconf 92' lang='lat' dir='ltr'>eos</span> <span class='ocrx_word' id='word_1_290' title='bbox 521 2762 695 2812; x_wconf 89' lang='lat' dir='ltr'>terra.</span> 
     </span>
    </p>
   </div>
   <div class='ocr_carea' id='block_1_46' title="bbox 191 2844 1775 2920">
    <p class='ocr_par' dir='ltr' id='par_1_46' title="bbox 191 2844 1775 2920">
     <span class='ocr_line' id='line_1_46' title="bbox 191 2844 1775 2920; baseline 0.001 -18"><span class='ocrx_word' id='word_1_291' title='bbox 191 2846 539 2902; x_wconf 86' lang='lat' dir='ltr'>Gubernasti</span> <span class='ocrx_word' id='word_1_292' title='bbox 554 2844 781 2914; x_wconf 89' lang='lat' dir='ltr'>justitia</span> <span class='ocrx_word' id='word_1_293' title='bbox 802 2850 904 2901; x_wconf 92' lang='lat' dir='ltr'>tua</span> <span class='ocrx_word' id='word_1_294' title='bbox 920 2846 1214 2919; x_wconf 89' lang='lat' dir='ltr'>populum</span> <span class='ocrx_word' id='word_1_295' title='bbox 1228 2852 1396 2903; x_wconf 90' lang='lat' dir='ltr'>tuum</span> <span class='ocrx_word' id='word_1_296' title='bbox 1414 2848 1576 2904; x_wconf 87' lang='lat' dir='ltr'>hunc</span> <span class='ocrx_word' id='word_1_297' title='bbox 1595 2864 1775 2920; x_wconf 89' lang='lat' dir='ltr'>quem</span> 
     </span>
    </p>
   </div>
   <div class='ocr_carea' id='block_1_47' title="bbox 122 2932 1777 3000">
    <p class='ocr_par' dir='ltr' id='par_1_47' title="bbox 122 2932 1777 3000">
     <span class='ocr_line' id='line_1_47' title="bbox 122 2932 1777 3000; baseline 0.002 -11"><span class='ocrx_word' id='word_1_298' title='bbox 122 2932 383 2989; x_wconf 84' lang='lat' dir='ltr'>liberasti</span> <span class='ocrx_word' id='word_1_299' title='bbox 414 2951 427 2985; x_wconf 92' lang='lat'>:</span> <span class='ocrx_word' id='word_1_300' title='bbox 461 2935 483 2955; x_wconf 74' lang='grc'><strong>’</strong></span> <span class='ocrx_word' id='word_1_301' title='bbox 510 2933 854 2989; x_wconf 90' lang='lat' dir='ltr'>consolatus</span> <span class='ocrx_word' id='word_1_302' title='bbox 886 2950 948 2989; x_wconf 91' lang='lat' dir='ltr'>es</span> <span class='ocrx_word' id='word_1_303' title='bbox 974 2935 1185 2991; x_wconf 90' lang='lat' dir='ltr'>virtute</span> <span class='ocrx_word' id='word_1_304' title='bbox 1210 2940 1328 3000; x_wconf 92' lang='lat' dir='ltr'>tua,</span> <span class='ocrx_word' id='word_1_305' title='bbox 1358 2937 1416 2991; x_wconf 91' lang='lat' dir='ltr'>in</span> <span class='ocrx_word' id='word_1_306' title='bbox 1463 2935 1777 2992; x_wconf 87' lang='lat' dir='ltr'>refectione</span> 
     </span>
    </p>
   </div>
   <div class='ocr_carea' id='block_1_48' title="bbox 121 3027 477 3079">
    <p class='ocr_par' dir='ltr' id='par_1_48' title="bbox 121 3027 477 3079">
     <span class='ocr_line' id='line_1_48' title="bbox 121 3027 477 3079; baseline -0.003 -3"><span class='ocrx_word' id='word_1_307' title='bbox 121 3028 325 3078; x_wconf 89' lang='lat' dir='ltr'>sancta</span> <span class='ocrx_word' id='word_1_308' title='bbox 353 3027 477 3079; x_wconf 89' lang='lat' dir='ltr'>tua.</span> 
     </span>
    </p>
   </div>
   <div class='ocr_carea' id='block_1_49' title="bbox 187 3111 1778 3186">
    <p class='ocr_par' dir='ltr' id='par_1_49' title="bbox 187 3111 1778 3186">
     <span class='ocr_line' id='line_1_49' title="bbox 187 3111 1778 3186; baseline 0.001 -20"><span class='ocrx_word' id='word_1_309' title='bbox 187 3111 521 3167; x_wconf 75' lang='lat' dir='ltr'>Audierant</span> <span class='ocrx_word' id='word_1_310' title='bbox 545 3115 767 3179; x_wconf 81' lang='lat' dir='ltr'>gentes,</span> <span class='ocrx_word' id='word_1_311' title='bbox 794 3112 1025 3167; x_wconf 73' lang='lat' dir='ltr'>etiratee</span> <span class='ocrx_word' id='word_1_312' title='bbox 1054 3117 1189 3167; x_wconf 85' lang='lat' dir='ltr'>sunt</span> <span class='ocrx_word' id='word_1_313' title='bbox 1217 3132 1227 3169; x_wconf 92' lang='lat'>:</span> <span class='ocrx_word' id='word_1_314' title='bbox 1264 3115 1281 3133; x_wconf 81' lang='lat'><strong>‘</strong></span> <span class='ocrx_word' id='word_1_315' title='bbox 1306 3112 1545 3169; x_wconf 91' lang='lat' dir='ltr'>dolores</span> <span class='ocrx_word' id='word_1_316' title='bbox 1568 3128 1778 3186; x_wconf 89' lang='lat' dir='ltr'>appre-</span> 
     </span>
    </p>
   </div>
   <div class='ocr_carea' id='block_1_50' title="bbox 128 3196 1301 3256">
    <p class='ocr_par' dir='ltr' id='par_1_50' title="bbox 128 3196 1301 3256">
     <span class='ocr_line' id='line_1_50' title="bbox 128 3196 1301 3256; baseline 0.001 -1"><span class='ocrx_word' id='word_1_317' title='bbox 128 3200 465 3255; x_wconf 87' lang='lat' dir='ltr'>henderunt</span> <span class='ocrx_word' id='word_1_318' title='bbox 492 3196 897 3255; x_wconf 84' lang='lat' dir='ltr'>inhabitantes</span> <span class='ocrx_word' id='word_1_319' title='bbox 928 3199 1301 3256; x_wconf 87' lang='lat' dir='ltr'>Philisthiim.</span> 
     </span>
    </p>
   </div>
   <div class='ocr_carea' id='block_1_51' title="bbox 190 3287 1781 3363">
    <p class='ocr_par' dir='ltr' id='par_1_51' title="bbox 190 3287 1781 3363">
     <span class='ocr_line' id='line_1_51' title="bbox 190 3287 1781 3363; baseline 0.002 -19"><span class='ocrx_word' id='word_1_320' title='bbox 190 3292 351 3344; x_wconf 88' lang='lat' dir='ltr'>Tunc</span> <span class='ocrx_word' id='word_1_321' title='bbox 369 3287 799 3344; x_wconf 82' lang='lat' dir='ltr'>festinaverunt</span> <span class='ocrx_word' id='word_1_322' title='bbox 816 3288 998 3344; x_wconf 89' lang='lat' dir='ltr'>duces</span> <span class='ocrx_word' id='word_1_323' title='bbox 1020 3289 1227 3359; x_wconf 80' lang='lat' dir='ltr'>Edom,</span> <span class='ocrx_word' id='word_1_324' title='bbox 1249 3296 1304 3346; x_wconf 90' lang='lat' dir='ltr'>et</span> <span class='ocrx_word' id='word_1_325' title='bbox 1318 3290 1617 3363; x_wconf 86' lang='lat' dir='ltr'>principes</span> <span class='ocrx_word' id='word_1_326' title='bbox 1629 3292 1781 3347; x_wconf 76' lang='lat' dir='ltr'>Moa-</span> 
     </span>
    </p>
   </div>
   <div class='ocr_carea' id='block_1_52' title="bbox 126 3377 1781 3449">
    <p class='ocr_par' dir='ltr' id='par_1_52' title="bbox 126 3377 1781 3449">
     <span class='ocr_line' id='line_1_52' title="bbox 126 3377 1781 3449; baseline 0.001 -15"><span class='ocrx_word' id='word_1_327' title='bbox 126 3378 405 3442; x_wconf 88' lang='lat' dir='ltr'>bitarum,</span> <span class='ocrx_word' id='word_1_328' title='bbox 441 3379 459 3399; x_wconf 83' lang='grc'>⁶</span> <span class='ocrx_word' id='word_1_329' title='bbox 493 3377 1007 3449; x_wconf 87' lang='lat' dir='ltr'>apprehenditeos</span> <span class='ocrx_word' id='word_1_330' title='bbox 1027 3380 1200 3434; x_wconf 90' lang='lat' dir='ltr'>timor</span> <span class='ocrx_word' id='word_1_331' title='bbox 1232 3379 1636 3436; x_wconf 88' lang='lat' dir='ltr'>:etﬂuxerunt</span> <span class='ocrx_word' id='word_1_332' title='bbox 1654 3396 1781 3436; x_wconf 89' lang='lat' dir='ltr'>om-</span> 
     </span>
    </p>
   </div>
   <div class='ocr_carea' id='block_1_53' title="bbox 124 3466 997 3523">
    <p class='ocr_par' dir='ltr' id='par_1_53' title="bbox 124 3466 997 3523">
     <span class='ocr_line' id='line_1_53' title="bbox 124 3466 997 3523; baseline 0 -2"><span class='ocrx_word' id='word_1_333' title='bbox 124 3484 225 3521; x_wconf 85' lang='lat' dir='ltr'>nes</span> <span class='ocrx_word' id='word_1_334' title='bbox 251 3466 662 3522; x_wconf 79' lang='lat' dir='ltr'>inhabitantes</span> <span class='ocrx_word' id='word_1_335' title='bbox 692 3466 997 3523; x_wconf 85' lang='lat' dir='ltr'>Chanaan.</span> 
     </span>
    </p>
   </div>
   <div class='ocr_carea' id='block_1_54' title="bbox 191 3555 1781 3629">
    <p class='ocr_par' dir='ltr' id='par_1_54' title="bbox 191 3555 1781 3629">
     <span class='ocr_line' id='line_1_54' title="bbox 191 3555 1781 3629; baseline 0.003 -18"><span class='ocrx_word' id='word_1_336' title='bbox 191 3556 437 3611; x_wconf 88' lang='lat' dir='ltr'>Decidat</span> <span class='ocrx_word' id='word_1_337' title='bbox 470 3572 650 3628; x_wconf 88' lang='lat' dir='ltr'>super</span> <span class='ocrx_word' id='word_1_338' title='bbox 680 3572 779 3610; x_wconf 89' lang='lat' dir='ltr'>eos</span> <span class='ocrx_word' id='word_1_339' title='bbox 808 3555 987 3613; x_wconf 88' lang='lat' dir='ltr'>timor</span> <span class='ocrx_word' id='word_1_340' title='bbox 1014 3560 1067 3612; x_wconf 91' lang='lat' dir='ltr'>et</span> <span class='ocrx_word' id='word_1_341' title='bbox 1097 3560 1338 3625; x_wconf 87' lang='lat' dir='ltr'>tremor,</span> <span class='ocrx_word' id='word_1_342' title='bbox 1374 3559 1389 3576; x_wconf 85' lang='lat'><strong>&#39;</strong></span> <span class='ocrx_word' id='word_1_343' title='bbox 1420 3574 1455 3614; x_wconf 91' lang='lat' dir='ltr'>a</span> <span class='ocrx_word' id='word_1_344' title='bbox 1485 3557 1781 3629; x_wconf 88' lang='lat' dir='ltr'>magnitu-</span> 
     </span>
    </p>
   </div>
   <div class='ocr_carea' id='block_1_55' title="bbox 121 3644 665 3701">
    <p class='ocr_par' dir='ltr' id='par_1_55' title="bbox 121 3644 665 3701">
     <span class='ocr_line' id='line_1_55' title="bbox 121 3644 665 3701; baseline 0 -1"><span class='ocrx_word' id='word_1_345' title='bbox 121 3645 258 3701; x_wconf 90' lang='lat' dir='ltr'>dine</span> <span class='ocrx_word' id='word_1_346' title='bbox 290 3644 528 3700; x_wconf 88' lang='lat' dir='ltr'>brachii</span> <span class='ocrx_word' id='word_1_347' title='bbox 558 3645 665 3700; x_wconf 92' lang='lat' dir='ltr'>tui.</span> 
     </span>
    </p>
   </div>
   <div class='ocr_carea' id='block_1_56' title="bbox 190 3731 1861 3807">
    <p class='ocr_par' dir='ltr' id='par_1_56' title="bbox 190 3731 1861 3807">
     <span class='ocr_line' id='line_1_56' title="bbox 190 3731 1861 3807; baseline 0.001 -18"><span class='ocrx_word' id='word_1_348' title='bbox 190 3734 363 3790; x_wconf 88' lang='lat' dir='ltr'>Fiant</span> <span class='ocrx_word' id='word_1_349' title='bbox 376 3739 667 3806; x_wconf 87' lang='lat' dir='ltr'>tamquam</span> <span class='ocrx_word' id='word_1_350' title='bbox 682 3731 855 3803; x_wconf 89' lang='lat' dir='ltr'>lapis,</span> <span class='ocrx_word' id='word_1_351' title='bbox 871 3733 1063 3790; x_wconf 91' lang='lat' dir='ltr'>donec</span> <span class='ocrx_word' id='word_1_352' title='bbox 1079 3737 1337 3791; x_wconf 87' lang='lat' dir='ltr'>transeat</span> <span class='ocrx_word' id='word_1_353' title='bbox 1349 3734 1608 3807; x_wconf 91' lang='lat' dir='ltr'>populus</span> <span class='ocrx_word' id='word_1_354' title='bbox 1622 3739 1779 3805; x_wconf 87' lang='lat' dir='ltr'>tuus,</span> <span class='ocrx_word' id='word_1_355' title='bbox 1860 3802 1861 3805; x_wconf 21' lang='grc' dir='ltr'><strong>η</strong></span> 
     </span>
    </p>
   </div>
   <div class='ocr_carea' id='block_1_57' title="bbox 118 3820 1775 3895">
    <p class='ocr_par' dir='ltr' id='par_1_57' title="bbox 118 3820 1775 3895">
     <span class='ocr_line' id='line_1_57' title="bbox 118 3820 1775 3895; baseline 0.001 -18"><span class='ocrx_word' id='word_1_356' title='bbox 118 3821 391 3885; x_wconf 89' lang='lat' dir='ltr'>Domine,</span> <span class='ocrx_word' id='word_1_357' title='bbox 416 3822 435 3841; x_wconf 79' lang='grc'>⁸</span> <span class='ocrx_word' id='word_1_358' title='bbox 456 3837 650 3892; x_wconf 89' lang='lat' dir='ltr'>usque</span> <span class='ocrx_word' id='word_1_359' title='bbox 673 3820 819 3877; x_wconf 87' lang='lat' dir='ltr'>dum</span> <span class='ocrx_word' id='word_1_360' title='bbox 833 3823 1479 3895; x_wconf 87' lang='lat' dir='ltr'>pertranseatpopulus</span> <span class='ocrx_word' id='word_1_361' title='bbox 1501 3823 1775 3893; x_wconf 87' lang='lat' dir='ltr'>tuusiste,</span> 
     </span>
    </p>
   </div>
   <div class='ocr_carea' id='block_1_58' title="bbox 114 3910 615 3984">
    <p class='ocr_par' dir='ltr' id='par_1_58' title="bbox 114 3910 615 3984">
     <span class='ocr_line' id='line_1_58' title="bbox 114 3910 615 3984; baseline -0.002 -19"><span class='ocrx_word' id='word_1_362' title='bbox 114 3927 300 3984; x_wconf 90' lang='lat' dir='ltr'>quem</span> <span class='ocrx_word' id='word_1_363' title='bbox 327 3910 615 3966; x_wconf 88' lang='lat' dir='ltr'>liberasti.</span> 
     </span>
    </p>
   </div>
   <div class='ocr_carea' id='block_1_59' title="bbox 184 3997 1778 4070">
    <p class='ocr_par' dir='ltr' id='par_1_59' title="bbox 184 3997 1778 4070">
     <span class='ocr_line' id='line_1_59' title="bbox 184 3997 1778 4070; baseline 0.002 -17"><span class='ocrx_word' id='word_1_364' title='bbox 184 3999 469 4065; x_wconf 88' lang='lat' dir='ltr'>Induc,et</span> <span class='ocrx_word' id='word_1_365' title='bbox 488 3998 843 4070; x_wconf 86' lang='lat' dir='ltr'>plantaeum</span> <span class='ocrx_word' id='word_1_366' title='bbox 868 3997 927 4053; x_wconf 91' lang='lat' dir='ltr'>in</span> <span class='ocrx_word' id='word_1_367' title='bbox 948 4003 1213 4055; x_wconf 90' lang='lat' dir='ltr'>montem</span> <span class='ocrx_word' id='word_1_368' title='bbox 1236 3998 1580 4055; x_wconf 85' lang='lat' dir='ltr'>hereditatis</span> <span class='ocrx_word' id='word_1_369' title='bbox 1602 4001 1734 4066; x_wconf 63' lang='lat' dir='ltr'>tua},</span> <span class='ocrx_word' id='word_1_370' title='bbox 1760 4002 1778 4023; x_wconf 82' lang='lat'>&#39;</span> 
     </span>
    </p>
   </div>
   <div class='ocr_carea' id='block_1_60' title="bbox 112 4086 1776 4159">
    <p class='ocr_par' dir='ltr' id='par_1_60' title="bbox 112 4086 1776 4159">
     <span class='ocr_line' id='line_1_60' title="bbox 112 4086 1776 4159; baseline 0.001 -18"><span class='ocrx_word' id='word_1_371' title='bbox 112 4088 175 4143; x_wconf 88' lang='lat' dir='ltr'>in</span> <span class='ocrx_word' id='word_1_372' title='bbox 187 4086 914 4157; x_wconf 79' lang='lat' dir='ltr'>praeparatahabitatione</span> <span class='ocrx_word' id='word_1_373' title='bbox 931 4092 1049 4154; x_wconf 89' lang='lat' dir='ltr'>tua,</span> <span class='ocrx_word' id='word_1_374' title='bbox 1068 4103 1253 4159; x_wconf 91' lang='lat' dir='ltr'>quam</span> <span class='ocrx_word' id='word_1_375' title='bbox 1275 4088 1628 4159; x_wconf 68' lang='lat' dir='ltr'>prmparasti</span> <span class='ocrx_word' id='word_1_376' title='bbox 1652 4088 1776 4157; x_wconf 88' lang='lat' dir='ltr'>tibi,</span> 
     </span>
    </p>
   </div>
   <div class='ocr_carea' id='block_1_61' title="bbox 118 4175 1781 4248">
    <p class='ocr_par' dir='ltr' id='par_1_61' title="bbox 118 4175 1781 4248">
     <span class='ocr_line' id='line_1_61' title="bbox 118 4175 1781 4248; baseline 0.002 -19"><span class='ocrx_word' id='word_1_377' title='bbox 118 4175 410 4240; x_wconf 85' lang='lat' dir='ltr'>Domine;</span> <span class='ocrx_word' id='word_1_378' title='bbox 442 4176 848 4232; x_wconf 87' lang='lat' dir='ltr'>sanctuarium</span> <span class='ocrx_word' id='word_1_379' title='bbox 879 4180 1072 4245; x_wconf 88' lang='lat' dir='ltr'>tuum,</span> <span class='ocrx_word' id='word_1_380' title='bbox 1100 4176 1263 4248; x_wconf 89' lang='lat' dir='ltr'>quod</span> <span class='ocrx_word' id='word_1_381' title='bbox 1290 4182 1781 4248; x_wconf 83' lang='lat' dir='ltr'>praeparaverunt</span> 
     </span>
    </p>
   </div>
   <div class='ocr_carea' id='block_1_62' title="bbox 107 4269 506 4320">
    <p class='ocr_par' dir='ltr' id='par_1_62' title="bbox 107 4269 506 4320">
     <span class='ocr_line' id='line_1_62' title="bbox 107 4269 506 4320; baseline -0.003 0"><span class='ocrx_word' id='word_1_382' title='bbox 107 4279 348 4320; x_wconf 87' lang='lat' dir='ltr'>manus</span> <span class='ocrx_word' id='word_1_383' title='bbox 380 4269 506 4320; x_wconf 77' lang='lat' dir='ltr'>tuae.</span> 
     </span>
    </p>
   </div>
   <div class='ocr_carea' id='block_1_63' title="bbox 180 4371 1780 4444">
    <p class='ocr_par' dir='ltr' id='par_1_63' title="bbox 180 4371 1780 4444">
     <span class='ocr_line' id='line_1_63' title="bbox 180 4371 1780 4444; baseline 0 -17"><span class='ocrx_word' id='word_1_384' title='bbox 180 4372 462 4439; x_wconf 88' lang='lat' dir='ltr'>Domine,</span> <span class='ocrx_word' id='word_1_385' title='bbox 486 4372 592 4444; x_wconf 90' lang='lat' dir='ltr'>qui</span> <span class='ocrx_word' id='word_1_386' title='bbox 620 4386 837 4443; x_wconf 82' lang='lat' dir='ltr'>regnas</span> <span class='ocrx_word' id='word_1_387' title='bbox 862 4371 922 4427; x_wconf 90' lang='lat' dir='ltr'>in</span> <span class='ocrx_word' id='word_1_388' title='bbox 945 4374 1255 4441; x_wconf 68' lang='lat' dir='ltr'>aeternum,</span> <span class='ocrx_word' id='word_1_389' title='bbox 1290 4377 1346 4428; x_wconf 90' lang='lat' dir='ltr'>et</span> <span class='ocrx_word' id='word_1_390' title='bbox 1392 4371 1452 4428; x_wconf 88' lang='lat' dir='ltr'>in</span> <span class='ocrx_word' id='word_1_391' title='bbox 1495 4372 1780 4428; x_wconf 68' lang='lat' dir='ltr'>saeculum</span> 
     </span>
    </p>
   </div>
   <div class='ocr_carea' id='block_1_64' title="bbox 104 4459 1783 4533">
    <p class='ocr_par' dir='ltr' id='par_1_64' title="bbox 104 4459 1783 4533">
     <span class='ocr_line' id='line_1_64' title="bbox 104 4459 1783 4533; baseline 0 -18"><span class='ocrx_word' id='word_1_392' title='bbox 104 4461 324 4533; x_wconf 60' lang='lat' dir='ltr'>saeculi</span> <span class='ocrx_word' id='word_1_393' title='bbox 350 4465 407 4516; x_wconf 90' lang='lat' dir='ltr'>et</span> <span class='ocrx_word' id='word_1_394' title='bbox 424 4460 645 4516; x_wconf 88' lang='lat' dir='ltr'>adhuc.</span> <span class='ocrx_word' id='word_1_395' title='bbox 666 4464 684 4482; x_wconf 82' lang='lat'><strong>&#39;</strong></span> <span class='ocrx_word' id='word_1_396' title='bbox 709 4460 859 4525; x_wconf 91' lang='lat' dir='ltr'>Quia</span> <span class='ocrx_word' id='word_1_397' title='bbox 880 4459 1120 4515; x_wconf 85' lang='lat' dir='ltr'>intravit</span> <span class='ocrx_word' id='word_1_398' title='bbox 1142 4461 1439 4533; x_wconf 87' lang='lat' dir='ltr'>equitatus</span> <span class='ocrx_word' id='word_1_399' title='bbox 1461 4462 1783 4518; x_wconf 87' lang='lat' dir='ltr'>Pharaonis</span> 
     </span>
    </p>
   </div>
   <div class='ocr_carea' id='block_1_65' title="bbox 102 4532 1477 4623">
    <p class='ocr_par' dir='ltr' id='par_1_65' title="bbox 102 4532 1477 4623">
     <span class='ocr_line' id='line_1_65' title="bbox 102 4532 1477 4623; baseline -0.001 -17"><span class='ocrx_word' id='word_1_400' title='bbox 102 4532 252 4607; x_wconf 67' lang='lat' dir='ltr'>cuin</span> <span class='ocrx_word' id='word_1_401' title='bbox 299 4550 615 4623; x_wconf 82' lang='lat' dir='ltr'>quadrigis</span> <span class='ocrx_word' id='word_1_402' title='bbox 644 4555 701 4606; x_wconf 89' lang='lat' dir='ltr'>et</span> <span class='ocrx_word' id='word_1_403' title='bbox 740 4551 1158 4605; x_wconf 88' lang='lat' dir='ltr'>ascensoribus</span> <span class='ocrx_word' id='word_1_404' title='bbox 1181 4532 1239 4605; x_wconf 69' lang='lat' dir='ltr'>in</span> <span class='ocrx_word' id='word_1_405' title='bbox 1272 4567 1435 4605; x_wconf 88' lang='lat' dir='ltr'>mare</span> <span class='ocrx_word' id='word_1_406' title='bbox 1465 4568 1477 4605; x_wconf 91' lang='lat'>:</span> 
     </span>
    </p>
   </div>
   <div class='ocr_carea' id='block_1_66' title="bbox 177 4656 1787 4732">
    <p class='ocr_par' dir='ltr' id='par_1_66' title="bbox 177 4656 1787 4732">
     <span class='ocr_line' id='line_1_66' title="bbox 177 4656 1787 4732; baseline 0 -18"><span class='ocrx_word' id='word_1_407' title='bbox 177 4660 253 4714; x_wconf 84' lang='lat' dir='ltr'>Et</span> <span class='ocrx_word' id='word_1_408' title='bbox 274 4657 518 4714; x_wconf 77' lang='lat' dir='ltr'>induxit</span> <span class='ocrx_word' id='word_1_409' title='bbox 540 4672 718 4727; x_wconf 88' lang='lat' dir='ltr'>super</span> <span class='ocrx_word' id='word_1_410' title='bbox 734 4672 835 4712; x_wconf 88' lang='lat' dir='ltr'>eos</span> <span class='ocrx_word' id='word_1_411' title='bbox 858 4656 1144 4712; x_wconf 90' lang='lat' dir='ltr'>Dominus</span> <span class='ocrx_word' id='word_1_412' title='bbox 1181 4672 1371 4730; x_wconf 87' lang='lat' dir='ltr'>aquas</span> <span class='ocrx_word' id='word_1_413' title='bbox 1404 4657 1622 4717; x_wconf 83' lang='lat' dir='ltr'>maris:</span> <span class='ocrx_word' id='word_1_414' title='bbox 1648 4658 1787 4732; x_wconf 73' lang='lat' dir='ltr'>&#39;ﬁlii</span> 
     </span>
    </p>
   </div>
   <div class='ocr_carea' id='block_1_67' title="bbox 98 4745 1786 4818">
    <p class='ocr_par' dir='ltr' id='par_1_67' title="bbox 98 4745 1786 4818">
     <span class='ocr_line' id='line_1_67' title="bbox 98 4745 1786 4818; baseline 0.001 -15"><span class='ocrx_word' id='word_1_415' title='bbox 98 4754 320 4805; x_wconf 88' lang='lat' dir='ltr'>autem</span> <span class='ocrx_word' id='word_1_416' title='bbox 341 4746 523 4803; x_wconf 88' lang='lat' dir='ltr'>Israel</span> <span class='ocrx_word' id='word_1_417' title='bbox 543 4745 1005 4802; x_wconf 81' lang='lat' dir='ltr'>ambulaverunt</span> <span class='ocrx_word' id='word_1_418' title='bbox 1022 4761 1129 4817; x_wconf 90' lang='lat' dir='ltr'>per</span> <span class='ocrx_word' id='word_1_419' title='bbox 1154 4745 1379 4802; x_wconf 91' lang='lat' dir='ltr'>siccum</span> <span class='ocrx_word' id='word_1_420' title='bbox 1403 4762 1509 4818; x_wconf 89' lang='lat' dir='ltr'>per</span> <span class='ocrx_word' id='word_1_421' title='bbox 1521 4748 1786 4805; x_wconf 90' lang='lat' dir='ltr'>medium</span> 
     </span>
    </p>
   </div>
   <div class='ocr_carea' id='block_1_68' title="bbox 94 4834 1428 4903">
    <p class='ocr_par' dir='ltr' id='par_1_68' title="bbox 94 4834 1428 4903">
     <span class='ocr_line' id='line_1_68' title="bbox 94 4834 1428 4903; baseline -0.003 -10"><span class='ocrx_word' id='word_1_422' title='bbox 94 4854 303 4893; x_wconf 88' lang='lat' dir='ltr'>mare.</span> <span class='ocrx_word' id='word_1_423' title='bbox 330 4837 677 4893; x_wconf 72' lang='lat' dir='ltr'>Reiteretur</span> <span class='ocrx_word' id='word_1_424' title='bbox 709 4834 1058 4903; x_wconf 78' lang='lat' dir='ltr'>Antiphona</span> <span class='ocrx_word' id='word_1_425' title='bbox 1099 4835 1217 4890; x_wconf 87' lang='lat' dir='ltr'>Iste</span> <span class='ocrx_word' id='word_1_426' title='bbox 1258 4837 1428 4891; x_wconf 87' lang='lat' dir='ltr'>Deus.</span> 
     </span>
    </p>
   </div>
   <div class='ocr_carea' id='block_1_69' title="bbox 165 4940 1787 5010">
    <p class='ocr_par' dir='ltr' id='par_1_69' title="bbox 165 4940 1787 5010">
     <span class='ocr_line' id='line_1_69' title="bbox 165 4940 1787 5010; baseline -0.002 -10"><span class='ocrx_word' id='word_1_427' title='bbox 165 4945 278 5000; x_wconf 77' lang='lat' dir='ltr'>Ad</span> <span class='ocrx_word' id='word_1_428' title='bbox 298 4942 687 5000; x_wconf 72' lang='lat' dir='ltr'>Benedictus.</span> <span class='ocrx_word' id='word_1_429' title='bbox 703 4940 1079 5010; x_wconf 78' lang='lat' dir='ltr'>Antiphona.</span> <span class='ocrx_word' id='word_1_430' title='bbox 1095 4941 1218 4996; x_wconf 87' lang='lat' dir='ltr'>Tibi</span> <span class='ocrx_word' id='word_1_431' title='bbox 1236 4941 1348 4996; x_wconf 90' lang='lat' dir='ltr'>soli</span> <span class='ocrx_word' id='word_1_432' title='bbox 1364 4942 1482 4996; x_wconf 89' lang='lat' dir='ltr'>Deo</span> <span class='ocrx_word' id='word_1_433' title='bbox 1505 4946 1560 4996; x_wconf 92' lang='lat' dir='ltr'>et</span> <span class='ocrx_word' id='word_1_434' title='bbox 1576 4942 1787 5010; x_wconf 85' lang='lat' dir='ltr'>gloria,</span> 
     </span>
    </p>
   </div>
   <div class='ocr_carea' id='block_1_70' title="bbox 84 5028 1785 5103">
    <p class='ocr_par' dir='ltr' id='par_1_70' title="bbox 84 5028 1785 5103">
     <span class='ocr_line' id='line_1_70' title="bbox 84 5028 1785 5103; baseline -0.002 -14"><span class='ocrx_word' id='word_1_435' title='bbox 84 5038 148 5089; x_wconf 93' lang='lat' dir='ltr'>et</span> <span class='ocrx_word' id='word_1_436' title='bbox 179 5033 415 5103; x_wconf 81' lang='lat' dir='ltr'>virtus,</span> <span class='ocrx_word' id='word_1_437' title='bbox 453 5036 511 5087; x_wconf 91' lang='lat' dir='ltr'>et</span> <span class='ocrx_word' id='word_1_438' title='bbox 536 5036 803 5103; x_wconf 87' lang='lat' dir='ltr'>potestas</span> <span class='ocrx_word' id='word_1_439' title='bbox 832 5030 890 5084; x_wconf 89' lang='lat' dir='ltr'>in</span> <span class='ocrx_word' id='word_1_440' title='bbox 916 5029 1134 5085; x_wconf 61' lang='lat' dir='ltr'>saecula</span> <span class='ocrx_word' id='word_1_441' title='bbox 1170 5028 1548 5085; x_wconf 73' lang='lat' dir='ltr'>saeculorum.</span> <span class='ocrx_word' id='word_1_442' title='bbox 1580 5033 1785 5100; x_wconf 55' lang='lat' dir='ltr'>Amen,</span> 
     </span>
    </p>
   </div>
   <div class='ocr_carea' id='block_1_71' title="bbox 171 5136 1790 5207">
    <p class='ocr_par' dir='ltr' id='par_1_71' title="bbox 171 5136 1790 5207">
     <span class='ocr_line' id='line_1_71' title="bbox 171 5136 1790 5207; baseline -0.004 -9"><span class='ocrx_word' id='word_1_443' title='bbox 171 5142 541 5198; x_wconf 82' lang='lat' dir='ltr'>Canticum.</span> <span class='ocrx_word' id='word_1_444' title='bbox 561 5137 909 5192; x_wconf 84' lang='lat' dir='ltr'>Benedictus</span> <span class='ocrx_word' id='word_1_445' title='bbox 922 5152 985 5191; x_wconf 91' lang='lat' dir='ltr'>es</span> <span class='ocrx_word' id='word_1_446' title='bbox 1006 5136 1255 5192; x_wconf 92' lang='lat' dir='ltr'>Domine</span> <span class='ocrx_word' id='word_1_447' title='bbox 1268 5137 1423 5192; x_wconf 89' lang='lat' dir='ltr'>Deus</span> <span class='ocrx_word' id='word_1_448' title='bbox 1440 5140 1675 5207; x_wconf 80' lang='lat' dir='ltr'>patrum</span> <span class='ocrx_word' id='word_1_449' title='bbox 1689 5152 1790 5192; x_wconf 92' lang='lat' dir='ltr'>no-</span> 
     </span>
    </p>
   </div>
   <div class='ocr_carea' id='block_1_72' title="bbox 87 5226 924 5298">
    <p class='ocr_par' dir='ltr' id='par_1_72' title="bbox 87 5226 924 5298">
     <span class='ocr_line' id='line_1_72' title="bbox 87 5226 924 5298; baseline -0.01 -11"><span class='ocrx_word' id='word_1_450' title='bbox 87 5237 407 5287; x_wconf 84' lang='lat' dir='ltr'>strorum.</span> <span class='ocrx_word' id='word_1_451' title='bbox 446 5229 706 5298; x_wconf 76' lang='lat' dir='ltr'>Hequire</span> <span class='ocrx_word' id='word_1_452' title='bbox 724 5226 839 5296; x_wconf 83' lang='lat' dir='ltr'>fol.</span> <span class='ocrx_word' id='word_1_453' title='bbox 874 5228 924 5280; x_wconf 88' lang='lat'>6.</span> 
     </span>
    </p>
   </div>
   <div class='ocr_carea' id='block_1_73' title="bbox 161 5330 1789 5405">
    <p class='ocr_par' dir='ltr' id='par_1_73' title="bbox 161 5330 1789 5405">
     <span class='ocr_line' id='line_1_73' title="bbox 161 5330 1789 5405; baseline -0.004 -12"><span class='ocrx_word' id='word_1_454' title='bbox 161 5338 373 5393; x_wconf 85' lang='lat' dir='ltr'>Sono.</span> <span class='ocrx_word' id='word_1_455' title='bbox 410 5337 531 5405; x_wconf 82' lang='lat' dir='ltr'>Ego</span> <span class='ocrx_word' id='word_1_456' title='bbox 551 5330 831 5397; x_wconf 89' lang='lat' dir='ltr'>dormivi,</span> <span class='ocrx_word' id='word_1_457' title='bbox 854 5334 909 5387; x_wconf 91' lang='lat' dir='ltr'>et</span> <span class='ocrx_word' id='word_1_458' title='bbox 930 5330 1127 5404; x_wconf 87' lang='lat' dir='ltr'>quievi</span> <span class='ocrx_word' id='word_1_459' title='bbox 1166 5349 1178 5387; x_wconf 91' lang='lat'>:</span> <span class='ocrx_word' id='word_1_460' title='bbox 1222 5335 1278 5386; x_wconf 90' lang='lat' dir='ltr'>et</span> <span class='ocrx_word' id='word_1_461' title='bbox 1309 5332 1789 5405; x_wconf 84' lang='lat' dir='ltr'>resurrexi,quo-</span> 
     </span>
    </p>
   </div>
   <div class='ocr_carea' id='block_1_74' title="bbox 81 5418 1786 5486">
    <p class='ocr_par' dir='ltr' id='par_1_74' title="bbox 81 5418 1786 5486">
     <span class='ocr_line' id='line_1_74' title="bbox 81 5418 1786 5486; baseline -0.002 -4"><span class='ocrx_word' id='word_1_462' title='bbox 81 5428 279 5482; x_wconf 85' lang='lat' dir='ltr'>niam</span> <span class='ocrx_word' id='word_1_463' title='bbox 300 5424 598 5481; x_wconf 87' lang='lat' dir='ltr'>Dominus</span> <span class='ocrx_word' id='word_1_464' title='bbox 616 5418 927 5476; x_wconf 90' lang='lat' dir='ltr'>suscitavit</span> <span class='ocrx_word' id='word_1_465' title='bbox 941 5436 1055 5486; x_wconf 90' lang='lat' dir='ltr'>me,</span> <span class='ocrx_word' id='word_1_466' title='bbox 1074 5423 1131 5476; x_wconf 90' lang='lat' dir='ltr'>P.</span> <span class='ocrx_word' id='word_1_467' title='bbox 1152 5419 1344 5476; x_wconf 90' lang='lat' dir='ltr'>Gloria</span> <span class='ocrx_word' id='word_1_468' title='bbox 1358 5436 1504 5475; x_wconf 85' lang='lat' dir='ltr'>mea.</span> <span class='ocrx_word' id='word_1_469' title='bbox 1520 5420 1786 5478; x_wconf 82' lang='lat' dir='ltr'>Alleluia.</span> 
     </span>
    </p>
   </div>
   <div class='ocr_carea' id='block_1_75' title="bbox 86 5509 1791 5581">
    <p class='ocr_par' dir='ltr' id='par_1_75' title="bbox 86 5509 1791 5581">
     <span class='ocr_line' id='line_1_75' title="bbox 86 5509 1791 5581; baseline -0.004 -8"><span class='ocrx_word' id='word_1_470' title='bbox 86 5515 133 5573; x_wconf 59' lang='grc' dir='ltr'><em>Ψ</em></span> <span class='ocrx_word' id='word_1_471' title='bbox 146 5558 161 5571; x_wconf 95' lang='grc'><strong><em>.</em></strong></span> <span class='ocrx_word' id='word_1_472' title='bbox 198 5518 346 5571; x_wconf 81' lang='lat' dir='ltr'>Non</span> <span class='ocrx_word' id='word_1_473' title='bbox 373 5510 601 5569; x_wconf 88' lang='lat' dir='ltr'>timebo</span> <span class='ocrx_word' id='word_1_474' title='bbox 613 5509 799 5565; x_wconf 89' lang='lat' dir='ltr'>millia</span> <span class='ocrx_word' id='word_1_475' title='bbox 809 5510 1017 5581; x_wconf 88' lang='lat' dir='ltr'>populi</span> <span class='ocrx_word' id='word_1_476' title='bbox 1035 5509 1298 5566; x_wconf 90' lang='lat' dir='ltr'>circumd</span> <span class='ocrx_word' id='word_1_477' title='bbox 1308 5509 1460 5565; x_wconf 90' lang='lat' dir='ltr'>antis</span> <span class='ocrx_word' id='word_1_478' title='bbox 1472 5524 1569 5566; x_wconf 89' lang='lat' dir='ltr'>me</span> <span class='ocrx_word' id='word_1_479' title='bbox 1593 5525 1791 5567; x_wconf 84' lang='lat' dir='ltr'>:exur-</span> 
     </span>
    </p>
   </div>
   <div class='ocr_carea' id='block_1_76' title="bbox 380 5598 945 5656">
    <p class='ocr_par' dir='ltr' id='par_1_76' title="bbox 380 5598 945 5656">
     <span class='ocr_line' id='line_1_76' title="bbox 380 5598 945 5656; baseline -0.005 0"><span class='ocrx_word' id='word_1_480' title='bbox 380 5602 620 5656; x_wconf 75' lang='grc' dir='ltr'>ΡΑτειοι..</span> <span class='ocrx_word' id='word_1_481' title='bbox 655 5598 945 5654; x_wconf 83' lang='lat' dir='ltr'>LXXXVI.</span> 
     </span>
    </p>
   </div>
   <div class='ocr_carea' id='block_1_77' title="bbox 1814 4432 1861 4486">
    <p class='ocr_par' dir='ltr' id='par_1_77' title="bbox 1814 4432 1861 4486">
     <span class='ocr_line' id='line_1_77' title="bbox 1814 4432 1861 4486; baseline 0 -2"><span class='ocrx_word' id='word_1_482' title='bbox 1814 4432 1861 4486; x_wconf 90' lang='lat' dir='ltr'>D</span> 
     </span>
    </p>
   </div>
   <div class='ocr_carea' id='block_1_78' title="bbox 1882 1785 3538 1869">
    <p class='ocr_par' dir='ltr' id='par_1_78' title="bbox 1882 1785 3538 1869">
     <span class='ocr_line' id='line_1_78' title="bbox 1882 1785 3538 1869; baseline 0.009 -29"><span class='ocrx_word' id='word_1_483' title='bbox 1882 1785 2227 1857; x_wconf 88' lang='lat' dir='ltr'>throniejus</span> <span class='ocrx_word' id='word_1_484' title='bbox 2254 1793 2423 1854; x_wconf 89' lang='lat' dir='ltr'>sunt;</span> <span class='ocrx_word' id='word_1_485' title='bbox 2455 1794 2511 1845; x_wconf 92' lang='lat' dir='ltr'>et</span> <span class='ocrx_word' id='word_1_486' title='bbox 2560 1806 2595 1845; x_wconf 91' lang='lat' dir='ltr'>a</span> <span class='ocrx_word' id='word_1_487' title='bbox 2622 1791 2759 1847; x_wconf 88' lang='lat' dir='ltr'>Jesu</span> <span class='ocrx_word' id='word_1_488' title='bbox 2806 1793 3053 1861; x_wconf 86' lang='lat' dir='ltr'>Christo,</span> <span class='ocrx_word' id='word_1_489' title='bbox 3105 1797 3208 1869; x_wconf 88' lang='lat' dir='ltr'>qui</span> <span class='ocrx_word' id='word_1_490' title='bbox 3256 1799 3344 1854; x_wconf 86' lang='lat' dir='ltr'>est</span> <span class='ocrx_word' id='word_1_491' title='bbox 3375 1800 3538 1856; x_wconf 87' lang='lat' dir='ltr'>testis</span> 
     </span>
    </p>
   </div>
   <div class='ocr_carea' id='block_1_79' title="bbox 1882 1872 3541 1961">
    <p class='ocr_par' dir='ltr' id='par_1_79' title="bbox 1882 1872 3541 1961">
     <span class='ocr_line' id='line_1_79' title="bbox 1882 1872 3541 1961; baseline 0.011 -34"><span class='ocrx_word' id='word_1_492' title='bbox 1882 1872 2095 1939; x_wconf 87' lang='lat' dir='ltr'>ﬁdelis,</span> <span class='ocrx_word' id='word_1_493' title='bbox 2129 1877 2563 1946; x_wconf 87' lang='lat' dir='ltr'>primogenitus</span> <span class='ocrx_word' id='word_1_494' title='bbox 2607 1884 3004 1949; x_wconf 89' lang='lat' dir='ltr'>mortuorum,</span> <span class='ocrx_word' id='word_1_495' title='bbox 3047 1890 3103 1939; x_wconf 90' lang='lat' dir='ltr'>et</span> <span class='ocrx_word' id='word_1_496' title='bbox 3125 1886 3404 1961; x_wconf 89' lang='lat' dir='ltr'>princeps</span> <span class='ocrx_word' id='word_1_497' title='bbox 3452 1903 3541 1945; x_wconf 90' lang='lat' dir='ltr'>re-</span> 
     </span>
    </p>
   </div>
   <div class='ocr_carea' id='block_1_80' title="bbox 1882 1966 3543 2047">
    <p class='ocr_par' dir='ltr' id='par_1_80' title="bbox 1882 1966 3543 2047">
     <span class='ocr_line' id='line_1_80' title="bbox 1882 1966 3543 2047; baseline 0.01 -31"><span class='ocrx_word' id='word_1_498' title='bbox 1882 1978 2026 2032; x_wconf 88' lang='lat' dir='ltr'>gum</span> <span class='ocrx_word' id='word_1_499' title='bbox 2085 1968 2251 2019; x_wconf 71' lang='lat' dir='ltr'>terrae</span> <span class='ocrx_word' id='word_1_500' title='bbox 2287 1984 2297 2023; x_wconf 90' lang='lat'>:</span> <span class='ocrx_word' id='word_1_501' title='bbox 2342 1966 2443 2037; x_wconf 91' lang='lat' dir='ltr'>qui</span> <span class='ocrx_word' id='word_1_502' title='bbox 2484 1966 2686 2023; x_wconf 85' lang='lat' dir='ltr'>dilexit</span> <span class='ocrx_word' id='word_1_503' title='bbox 2716 1984 2848 2035; x_wconf 89' lang='lat' dir='ltr'>nos,</span> <span class='ocrx_word' id='word_1_504' title='bbox 2889 1976 2945 2027; x_wconf 92' lang='lat' dir='ltr'>et</span> <span class='ocrx_word' id='word_1_505' title='bbox 2966 1971 3109 2029; x_wconf 93' lang='lat' dir='ltr'>lavit</span> <span class='ocrx_word' id='word_1_506' title='bbox 3136 1990 3246 2030; x_wconf 89' lang='lat' dir='ltr'>nos</span> <span class='ocrx_word' id='word_1_507' title='bbox 3277 1991 3543 2047; x_wconf 85' lang='lat' dir='ltr'>apecca-</span> 
     </span>
    </p>
   </div>
   <div class='ocr_carea' id='block_1_81' title="bbox 1882 2049 3543 2135">
    <p class='ocr_par' dir='ltr' id='par_1_81' title="bbox 1882 2049 3543 2135">
     <span class='ocr_line' id='line_1_81' title="bbox 1882 2049 3543 2135; baseline 0.011 -32"><span class='ocrx_word' id='word_1_508' title='bbox 1882 2049 1957 2104; x_wconf 92' lang='lat' dir='ltr'>tis</span> <span class='ocrx_word' id='word_1_509' title='bbox 1983 2052 2197 2106; x_wconf 91' lang='lat' dir='ltr'>nostris</span> <span class='ocrx_word' id='word_1_510' title='bbox 2235 2052 2296 2107; x_wconf 88' lang='lat' dir='ltr'>in</span> <span class='ocrx_word' id='word_1_511' title='bbox 2324 2054 2613 2123; x_wconf 87' lang='lat' dir='ltr'>sanguine</span> <span class='ocrx_word' id='word_1_512' title='bbox 2642 2072 2772 2122; x_wconf 89' lang='lat' dir='ltr'>suo,</span> <span class='ocrx_word' id='word_1_513' title='bbox 2794 2062 2849 2113; x_wconf 91' lang='lat' dir='ltr'>et</span> <span class='ocrx_word' id='word_1_514' title='bbox 2876 2058 3018 2115; x_wconf 88' lang='lat' dir='ltr'>fecit</span> <span class='ocrx_word' id='word_1_515' title='bbox 3045 2076 3155 2115; x_wconf 92' lang='lat' dir='ltr'>nos</span> <span class='ocrx_word' id='word_1_516' title='bbox 3177 2076 3452 2135; x_wconf 88' lang='lat' dir='ltr'>regnum,</span> <span class='ocrx_word' id='word_1_517' title='bbox 3486 2069 3543 2121; x_wconf 91' lang='lat' dir='ltr'>et</span> 
     </span>
    </p>
   </div>
   <div class='ocr_carea' id='block_1_82' title="bbox 1883 2139 3532 2217">
    <p class='ocr_par' dir='ltr' id='par_1_82' title="bbox 1883 2139 3532 2217">
     <span class='ocr_line' id='line_1_82' title="bbox 1883 2139 3532 2217; baseline 0.008 -24"><span class='ocrx_word' id='word_1_518' title='bbox 1883 2139 2221 2195; x_wconf 91' lang='lat' dir='ltr'>sacerdotes</span> <span class='ocrx_word' id='word_1_519' title='bbox 2251 2141 2369 2197; x_wconf 92' lang='lat' dir='ltr'>Deo</span> <span class='ocrx_word' id='word_1_520' title='bbox 2401 2143 2549 2198; x_wconf 83' lang='lat' dir='ltr'>Patri</span> <span class='ocrx_word' id='word_1_521' title='bbox 2591 2160 2698 2199; x_wconf 91' lang='lat' dir='ltr'>suo</span> <span class='ocrx_word' id='word_1_522' title='bbox 2731 2162 2748 2199; x_wconf 91' lang='lat'><strong>:</strong></span> <span class='ocrx_word' id='word_1_523' title='bbox 2782 2146 2894 2216; x_wconf 92' lang='lat' dir='ltr'>ipsi</span> <span class='ocrx_word' id='word_1_524' title='bbox 2926 2146 3117 2217; x_wconf 87' lang='lat' dir='ltr'>gloria</span> <span class='ocrx_word' id='word_1_525' title='bbox 3173 2149 3233 2205; x_wconf 92' lang='lat' dir='ltr'>in</span> <span class='ocrx_word' id='word_1_526' title='bbox 3290 2150 3532 2209; x_wconf 66' lang='lat' dir='ltr'>smcula.</span> 
     </span>
    </p>
   </div>
   <div class='ocr_carea' id='block_1_83' title="bbox 1882 2229 3538 2310">
    <p class='ocr_par' dir='ltr' id='par_1_83' title="bbox 1882 2229 3538 2310">
     <span class='ocr_line' id='line_1_83' title="bbox 1882 2229 3538 2310; baseline 0.008 -28"><span class='ocrx_word' id='word_1_527' title='bbox 1882 2229 2028 2283; x_wconf 91' lang='lat' dir='ltr'>Ecce</span> <span class='ocrx_word' id='word_1_528' title='bbox 2050 2229 2208 2284; x_wconf 90' lang='lat' dir='ltr'>venit</span> <span class='ocrx_word' id='word_1_529' title='bbox 2225 2245 2361 2284; x_wconf 93' lang='lat' dir='ltr'>cum</span> <span class='ocrx_word' id='word_1_530' title='bbox 2386 2230 2667 2298; x_wconf 90' lang='lat' dir='ltr'>nubibus,</span> <span class='ocrx_word' id='word_1_531' title='bbox 2696 2233 2915 2290; x_wconf 90' lang='lat' dir='ltr'>etvidit</span> <span class='ocrx_word' id='word_1_532' title='bbox 2937 2250 3073 2291; x_wconf 88' lang='lat' dir='ltr'>eum</span> <span class='ocrx_word' id='word_1_533' title='bbox 3090 2237 3288 2293; x_wconf 90' lang='lat' dir='ltr'>omnis</span> <span class='ocrx_word' id='word_1_534' title='bbox 3306 2238 3538 2310; x_wconf 87' lang='lat' dir='ltr'>oculus,</span> 
     </span>
    </p>
   </div>
   <div class='ocr_carea' id='block_1_84' title="bbox 1882 2316 3538 2399">
    <p class='ocr_par' dir='ltr' id='par_1_84' title="bbox 1882 2316 3538 2399">
     <span class='ocr_line' id='line_1_84' title="bbox 1882 2316 3538 2399; baseline 0.009 -30"><span class='ocrx_word' id='word_1_535' title='bbox 1882 2320 1937 2370; x_wconf 89' lang='lat' dir='ltr'>et</span> <span class='ocrx_word' id='word_1_536' title='bbox 1957 2316 2061 2387; x_wconf 87' lang='lat' dir='ltr'>qui</span> <span class='ocrx_word' id='word_1_537' title='bbox 2089 2331 2226 2371; x_wconf 92' lang='lat' dir='ltr'>eum</span> <span class='ocrx_word' id='word_1_538' title='bbox 2258 2325 2662 2389; x_wconf 74' lang='lat' dir='ltr'>pupugerunt.</span> <span class='ocrx_word' id='word_1_539' title='bbox 2694 2323 2759 2377; x_wconf 89' lang='lat' dir='ltr'>Et</span> <span class='ocrx_word' id='word_1_540' title='bbox 2789 2321 3079 2393; x_wconf 81' lang='lat' dir='ltr'>plangent</span> <span class='ocrx_word' id='word_1_541' title='bbox 3103 2340 3164 2380; x_wconf 89' lang='lat' dir='ltr'>se</span> <span class='ocrx_word' id='word_1_542' title='bbox 3192 2341 3372 2399; x_wconf 89' lang='lat' dir='ltr'>super</span> <span class='ocrx_word' id='word_1_543' title='bbox 3400 2342 3538 2384; x_wconf 90' lang='lat' dir='ltr'>eum</span> 
     </span>
    </p>
   </div>
   <div class='ocr_carea' id='block_1_85' title="bbox 1883 2403 3536 2488">
    <p class='ocr_par' dir='ltr' id='par_1_85' title="bbox 1883 2403 3536 2488">
     <span class='ocr_line' id='line_1_85' title="bbox 1883 2403 3536 2488; baseline 0.009 -30"><span class='ocrx_word' id='word_1_544' title='bbox 1883 2419 2091 2459; x_wconf 89' lang='lat' dir='ltr'>omnes</span> <span class='ocrx_word' id='word_1_545' title='bbox 2106 2403 2296 2460; x_wconf 91' lang='lat' dir='ltr'>tribus</span> <span class='ocrx_word' id='word_1_546' title='bbox 2314 2410 2500 2463; x_wconf 70' lang='lat' dir='ltr'>terrae.</span> <span class='ocrx_word' id='word_1_547' title='bbox 2529 2410 2648 2479; x_wconf 89' lang='lat' dir='ltr'>Ego</span> <span class='ocrx_word' id='word_1_548' title='bbox 2668 2426 2799 2465; x_wconf 89' lang='lat' dir='ltr'>sum</span> <span class='ocrx_word' id='word_1_549' title='bbox 2817 2410 3028 2484; x_wconf 83' lang='lat' dir='ltr'>Alpha,</span> <span class='ocrx_word' id='word_1_550' title='bbox 3047 2418 3100 2469; x_wconf 91' lang='lat' dir='ltr'>et</span> <span class='ocrx_word' id='word_1_551' title='bbox 3114 2414 3358 2485; x_wconf 88' lang='lat' dir='ltr'>Omega,</span> <span class='ocrx_word' id='word_1_552' title='bbox 3375 2415 3536 2488; x_wconf 88' lang='lat' dir='ltr'>prin-</span> 
     </span>
    </p>
   </div>
   <div class='ocr_carea' id='block_1_86' title="bbox 1883 2492 3533 2577">
    <p class='ocr_par' dir='ltr' id='par_1_86' title="bbox 1883 2492 3533 2577">
     <span class='ocr_line' id='line_1_86' title="bbox 1883 2492 3533 2577; baseline 0.009 -30"><span class='ocrx_word' id='word_1_553' title='bbox 1883 2492 2127 2563; x_wconf 89' lang='lat' dir='ltr'>cipium,</span> <span class='ocrx_word' id='word_1_554' title='bbox 2156 2500 2211 2548; x_wconf 91' lang='lat' dir='ltr'>et</span> <span class='ocrx_word' id='word_1_555' title='bbox 2237 2494 2397 2561; x_wconf 87' lang='lat' dir='ltr'>ﬁnis,</span> <span class='ocrx_word' id='word_1_556' title='bbox 2418 2495 2559 2551; x_wconf 89' lang='lat' dir='ltr'>dicit</span> <span class='ocrx_word' id='word_1_557' title='bbox 2581 2499 2867 2554; x_wconf 88' lang='lat' dir='ltr'>Dominus</span> <span class='ocrx_word' id='word_1_558' title='bbox 2888 2500 3062 2570; x_wconf 88' lang='lat' dir='ltr'>Deus,</span> <span class='ocrx_word' id='word_1_559' title='bbox 3089 2503 3192 2574; x_wconf 89' lang='lat' dir='ltr'>qui</span> <span class='ocrx_word' id='word_1_560' title='bbox 3214 2507 3319 2567; x_wconf 89' lang='lat' dir='ltr'>est,</span> <span class='ocrx_word' id='word_1_561' title='bbox 3346 2509 3403 2560; x_wconf 88' lang='lat' dir='ltr'>et</span> <span class='ocrx_word' id='word_1_562' title='bbox 3427 2504 3533 2577; x_wconf 82' lang='lat' dir='ltr'>qui</span> 
     </span>
    </p>
   </div>
   <div class='ocr_carea' id='block_1_87' title="bbox 1883 2581 3458 2659">
    <p class='ocr_par' dir='ltr' id='par_1_87' title="bbox 1883 2581 3458 2659">
     <span class='ocr_line' id='line_1_87' title="bbox 1883 2581 3458 2659; baseline 0.008 -24"><span class='ocrx_word' id='word_1_563' title='bbox 1883 2586 2027 2649; x_wconf 89' lang='lat' dir='ltr'>erat,</span> <span class='ocrx_word' id='word_1_564' title='bbox 2060 2585 2114 2636; x_wconf 91' lang='lat' dir='ltr'>et</span> <span class='ocrx_word' id='word_1_565' title='bbox 2140 2581 2242 2653; x_wconf 91' lang='lat' dir='ltr'>qui</span> <span class='ocrx_word' id='word_1_566' title='bbox 2274 2586 2553 2639; x_wconf 86' lang='lat' dir='ltr'>venturus</span> <span class='ocrx_word' id='word_1_567' title='bbox 2585 2590 2688 2650; x_wconf 91' lang='lat' dir='ltr'>est,</span> <span class='ocrx_word' id='word_1_568' title='bbox 2723 2587 3124 2659; x_wconf 90' lang='lat' dir='ltr'>omnipotens.</span> <span class='ocrx_word' id='word_1_569' title='bbox 3156 2601 3219 2659; x_wconf 74' lang='grc' dir='ltr'>Βι.</span> <span class='ocrx_word' id='word_1_570' title='bbox 3251 2595 3458 2647; x_wconf 85' lang='lat' dir='ltr'>Amen.</span> 
     </span>
    </p>
   </div>
   <div class='ocr_carea' id='block_1_88' title="bbox 2559 2674 2850 2743">
    <p class='ocr_par' dir='ltr' id='par_1_88' title="bbox 2559 2674 2850 2743">
     <span class='ocr_line' id='line_1_88' title="bbox 2559 2674 2850 2743; baseline 0.003 -16"><span class='ocrx_word' id='word_1_571' title='bbox 2559 2674 2850 2743; x_wconf 79' lang='lat' dir='ltr'>Hymnus.</span> 
     </span>
    </p>
   </div>
   <div class='ocr_carea' id='block_1_89' title="bbox 2202 2757 2927 2817">
    <p class='ocr_par' dir='ltr' id='par_1_89' title="bbox 2202 2757 2927 2817">
     <span class='ocr_line' id='line_1_89' title="bbox 2202 2757 2927 2817; baseline 0.008 -5"><span class='ocrx_word' id='word_1_572' title='bbox 2202 2757 2303 2813; x_wconf 85' lang='lat' dir='ltr'>Hic</span> <span class='ocrx_word' id='word_1_573' title='bbox 2342 2763 2433 2814; x_wconf 90' lang='lat' dir='ltr'>est</span> <span class='ocrx_word' id='word_1_574' title='bbox 2452 2760 2578 2816; x_wconf 90' lang='lat' dir='ltr'>dies</span> <span class='ocrx_word' id='word_1_575' title='bbox 2620 2776 2795 2816; x_wconf 81' lang='lat' dir='ltr'>verus</span> <span class='ocrx_word' id='word_1_576' title='bbox 2825 2763 2927 2817; x_wconf 91' lang='lat' dir='ltr'>Dei</span> 
     </span>
    </p>
   </div>
   <div class='ocr_carea' id='block_1_90' title="bbox 2135 2846 2897 2904">
    <p class='ocr_par' dir='ltr' id='par_1_90' title="bbox 2135 2846 2897 2904">
     <span class='ocr_line' id='line_1_90' title="bbox 2135 2846 2897 2904; baseline 0.005 -4"><span class='ocrx_word' id='word_1_577' title='bbox 2135 2846 2347 2901; x_wconf 85' lang='lat' dir='ltr'>Sancto</span> <span class='ocrx_word' id='word_1_578' title='bbox 2380 2862 2629 2903; x_wconf 90' lang='lat' dir='ltr'>serenus</span> <span class='ocrx_word' id='word_1_579' title='bbox 2650 2848 2897 2904; x_wconf 88' lang='lat' dir='ltr'>lumine.</span> 
     </span>
    </p>
   </div>
   <div class='ocr_carea' id='block_1_91' title="bbox 2134 2933 2930 3007">
    <p class='ocr_par' dir='ltr' id='par_1_91' title="bbox 2134 2933 2930 3007">
     <span class='ocr_line' id='line_1_91' title="bbox 2134 2933 2930 3007; baseline 0.008 -19"><span class='ocrx_word' id='word_1_580' title='bbox 2134 2936 2262 2999; x_wconf 93' lang='lat' dir='ltr'>Quo</span> <span class='ocrx_word' id='word_1_581' title='bbox 2292 2933 2461 2991; x_wconf 89' lang='lat' dir='ltr'>diluit</span> <span class='ocrx_word' id='word_1_582' title='bbox 2486 2936 2735 3007; x_wconf 87' lang='lat' dir='ltr'>sanguis</span> <span class='ocrx_word' id='word_1_583' title='bbox 2765 2952 2930 2994; x_wconf 91' lang='lat' dir='ltr'>sacer</span> 
     </span>
    </p>
   </div>
   <div class='ocr_carea' id='block_1_92' title="bbox 2137 3022 3008 3085">
    <p class='ocr_par' dir='ltr' id='par_1_92' title="bbox 2137 3022 3008 3085">
     <span class='ocr_line' id='line_1_92' title="bbox 2137 3022 3008 3085; baseline 0.013 -11"><span class='ocrx_word' id='word_1_584' title='bbox 2137 3022 2429 3080; x_wconf 89' lang='lat' dir='ltr'>Probrosa</span> <span class='ocrx_word' id='word_1_585' title='bbox 2468 3026 2679 3082; x_wconf 88' lang='lat' dir='ltr'>mundi</span> <span class='ocrx_word' id='word_1_586' title='bbox 2711 3029 2951 3085; x_wconf 86' lang='lat' dir='ltr'>crimina</span> <span class='ocrx_word' id='word_1_587' title='bbox 2995 3046 3008 3085; x_wconf 88' lang='lat'><strong>:</strong></span> 
     </span>
    </p>
   </div>
   <div class='ocr_carea' id='block_1_93' title="bbox 2209 3112 3073 3190">
    <p class='ocr_par' dir='ltr' id='par_1_93' title="bbox 2209 3112 3073 3190">
     <span class='ocr_line' id='line_1_93' title="bbox 2209 3112 3073 3190; baseline 0.009 -24"><span class='ocrx_word' id='word_1_588' title='bbox 2209 3112 2414 3169; x_wconf 90' lang='lat' dir='ltr'>Fidem</span> <span class='ocrx_word' id='word_1_589' title='bbox 2438 3114 2765 3172; x_wconf 89' lang='lat' dir='ltr'>refundens</span> <span class='ocrx_word' id='word_1_590' title='bbox 2806 3118 3073 3190; x_wconf 89' lang='lat' dir='ltr'>perditis,</span> 
     </span>
    </p>
   </div>
   <div class='ocr_carea' id='block_1_94' title="bbox 2137 3201 3037 3274">
    <p class='ocr_par' dir='ltr' id='par_1_94' title="bbox 2137 3201 3037 3274">
     <span class='ocr_line' id='line_1_94' title="bbox 2137 3201 3037 3274; baseline 0.009 -20"><span class='ocrx_word' id='word_1_591' title='bbox 2137 3202 2462 3274; x_wconf 87' lang='lat' dir='ltr'>Coecosque</span> <span class='ocrx_word' id='word_1_592' title='bbox 2502 3201 2631 3258; x_wconf 89' lang='lat' dir='ltr'>visu</span> <span class='ocrx_word' id='word_1_593' title='bbox 2667 3203 3037 3272; x_wconf 87' lang='lat' dir='ltr'>illuminans,</span> 
     </span>
    </p>
   </div>
   <div class='ocr_carea' id='block_1_95' title="bbox 2138 3290 3031 3364">
    <p class='ocr_par' dir='ltr' id='par_1_95' title="bbox 2138 3290 3031 3364">
     <span class='ocr_line' id='line_1_95' title="bbox 2138 3290 3031 3364; baseline 0.008 -22"><span class='ocrx_word' id='word_1_594' title='bbox 2138 3290 2264 3353; x_wconf 89' lang='lat' dir='ltr'>Quo</span> <span class='ocrx_word' id='word_1_595' title='bbox 2297 3304 2406 3344; x_wconf 88' lang='lat' dir='ltr'>nos</span> <span class='ocrx_word' id='word_1_596' title='bbox 2437 3291 2602 3356; x_wconf 87' lang='lat' dir='ltr'>gravi</span> <span class='ocrx_word' id='word_1_597' title='bbox 2644 3292 2819 3348; x_wconf 84' lang='lat' dir='ltr'>solvit</span> <span class='ocrx_word' id='word_1_598' title='bbox 2850 3300 3031 3364; x_wconf 88' lang='lat' dir='ltr'>metu,</span> 
     </span>
    </p>
   </div>
   <div class='ocr_carea' id='block_1_96' title="bbox 2137 3378 2751 3436">
    <p class='ocr_par' dir='ltr' id='par_1_96' title="bbox 2137 3378 2751 3436">
     <span class='ocr_line' id='line_1_96' title="bbox 2137 3378 2751 3436; baseline 0.007 -4"><span class='ocrx_word' id='word_1_599' title='bbox 2137 3378 2403 3434; x_wconf 90' lang='lat' dir='ltr'>Latronis</span> <span class='ocrx_word' id='word_1_600' title='bbox 2435 3378 2751 3436; x_wconf 88' lang='lat' dir='ltr'>absolutio.</span> 
     </span>
    </p>
   </div>
   <div class='ocr_carea' id='block_1_97' title="bbox 2205 3465 3144 3537">
    <p class='ocr_par' dir='ltr' id='par_1_97' title="bbox 2205 3465 3144 3537">
     <span class='ocr_line' id='line_1_97' title="bbox 2205 3465 3144 3537; baseline 0.006 -18"><span class='ocrx_word' id='word_1_601' title='bbox 2205 3465 2316 3530; x_wconf 88' lang='lat' dir='ltr'>Qui</span> <span class='ocrx_word' id='word_1_602' title='bbox 2347 3467 2589 3537; x_wconf 82' lang='lat' dir='ltr'>praemio</span> <span class='ocrx_word' id='word_1_603' title='bbox 2619 3473 2861 3522; x_wconf 91' lang='lat' dir='ltr'>mutans</span> <span class='ocrx_word' id='word_1_604' title='bbox 2882 3482 3144 3536; x_wconf 88' lang='lat' dir='ltr'>crucem,</span> 
     </span>
    </p>
   </div>
   <div class='ocr_carea' id='block_1_98' title="bbox 2131 3552 3061 3626">
    <p class='ocr_par' dir='ltr' id='par_1_98' title="bbox 2131 3552 3061 3626">
     <span class='ocr_line' id='line_1_98' title="bbox 2131 3552 3061 3626; baseline 0.002 -17"><span class='ocrx_word' id='word_1_605' title='bbox 2131 3555 2264 3609; x_wconf 84' lang='lat' dir='ltr'>Jesu</span> <span class='ocrx_word' id='word_1_606' title='bbox 2294 3552 2460 3608; x_wconf 88' lang='lat' dir='ltr'>brevi</span> <span class='ocrx_word' id='word_1_607' title='bbox 2483 3554 2807 3626; x_wconf 89' lang='lat' dir='ltr'>adquisivit</span> <span class='ocrx_word' id='word_1_608' title='bbox 2833 3554 3017 3613; x_wconf 81' lang='lat' dir='ltr'>fidem</span> <span class='ocrx_word' id='word_1_609' title='bbox 3048 3574 3061 3611; x_wconf 91' lang='lat'><strong>:</strong></span> 
     </span>
    </p>
   </div>
   <div class='ocr_carea' id='block_1_99' title="bbox 2130 3640 2897 3713">
    <p class='ocr_par' dir='ltr' id='par_1_99' title="bbox 2130 3640 2897 3713">
     <span class='ocr_line' id='line_1_99' title="bbox 2130 3640 2897 3713; baseline 0.001 -16"><span class='ocrx_word' id='word_1_610' title='bbox 2130 3644 2413 3713; x_wconf 70' lang='lat' dir='ltr'>Iustoque</span> <span class='ocrx_word' id='word_1_611' title='bbox 2433 3640 2673 3698; x_wconf 86' lang='lat' dir='ltr'>brevior</span> <span class='ocrx_word' id='word_1_612' title='bbox 2702 3642 2897 3712; x_wconf 89' lang='lat' dir='ltr'>gradu</span> 
     </span>
    </p>
   </div>
   <div class='ocr_carea' id='block_1_100' title="bbox 2134 3729 2936 3801">
    <p class='ocr_par' dir='ltr' id='par_1_100' title="bbox 2134 3729 2936 3801">
     <span class='ocr_line' id='line_1_100' title="bbox 2134 3729 2936 3801; baseline 0.006 -18"><span class='ocrx_word' id='word_1_613' title='bbox 2134 3729 2405 3785; x_wconf 87' lang='lat' dir='ltr'>Pervenit</span> <span class='ocrx_word' id='word_1_614' title='bbox 2436 3729 2495 3785; x_wconf 88' lang='lat' dir='ltr'>in</span> <span class='ocrx_word' id='word_1_615' title='bbox 2526 3745 2778 3801; x_wconf 89' lang='lat' dir='ltr'>regnum</span> <span class='ocrx_word' id='word_1_616' title='bbox 2812 3731 2936 3789; x_wconf 89' lang='lat' dir='ltr'>Del.</span> 
     </span>
    </p>
   </div>
   <div class='ocr_carea' id='block_1_101' title="bbox 2206 3821 3019 3892">
    <p class='ocr_par' dir='ltr' id='par_1_101' title="bbox 2206 3821 3019 3892">
     <span class='ocr_line' id='line_1_101' title="bbox 2206 3821 3019 3892; baseline 0.004 -18"><span class='ocrx_word' id='word_1_617' title='bbox 2206 3821 2324 3875; x_wconf 85' lang='lat' dir='ltr'>Hoc</span> <span class='ocrx_word' id='word_1_618' title='bbox 2349 3836 2503 3892; x_wconf 91' lang='lat' dir='ltr'>opus</span> <span class='ocrx_word' id='word_1_619' title='bbox 2526 3825 2768 3892; x_wconf 88' lang='lat' dir='ltr'>stupent</span> <span class='ocrx_word' id='word_1_620' title='bbox 2793 3821 3019 3892; x_wconf 81' lang='lat' dir='ltr'>Angeli,</span> 
     </span>
    </p>
   </div>
   <div class='ocr_carea' id='block_1_102' title="bbox 2138 3908 2979 3982">
    <p class='ocr_par' dir='ltr' id='par_1_102' title="bbox 2138 3908 2979 3982">
     <span class='ocr_line' id='line_1_102' title="bbox 2138 3908 2979 3982; baseline 0.004 -20"><span class='ocrx_word' id='word_1_621' title='bbox 2138 3908 2374 3964; x_wconf 68' lang='lat' dir='ltr'>Ptenam</span> <span class='ocrx_word' id='word_1_622' title='bbox 2397 3908 2659 3965; x_wconf 90' lang='lat' dir='ltr'>videntes</span> <span class='ocrx_word' id='word_1_623' title='bbox 2686 3911 2979 3982; x_wconf 87' lang='lat' dir='ltr'>corporis;</span> 
     </span>
    </p>
   </div>
   <div class='ocr_carea' id='block_1_103' title="bbox 2137 3995 3121 4070">
    <p class='ocr_par' dir='ltr' id='par_1_103' title="bbox 2137 3995 3121 4070">
     <span class='ocr_line' id='line_1_103' title="bbox 2137 3995 3121 4070; baseline 0.004 -19"><span class='ocrx_word' id='word_1_624' title='bbox 2137 3995 2482 4070; x_wconf 90' lang='lat' dir='ltr'>Christoque</span> <span class='ocrx_word' id='word_1_625' title='bbox 2515 3997 2919 4054; x_wconf 69' lang='lat' dir='ltr'>adhaerentem</span> <span class='ocrx_word' id='word_1_626' title='bbox 2950 4013 3121 4055; x_wconf 90' lang='lat' dir='ltr'>reum</span> 
     </span>
    </p>
   </div>
   <div class='ocr_carea' id='block_1_104' title="bbox 2137 4084 2857 4159">
    <p class='ocr_par' dir='ltr' id='par_1_104' title="bbox 2137 4084 2857 4159">
     <span class='ocr_line' id='line_1_104' title="bbox 2137 4084 2857 4159; baseline 0.004 -20"><span class='ocrx_word' id='word_1_627' title='bbox 2137 4084 2326 4141; x_wconf 89' lang='lat' dir='ltr'>Vitam</span> <span class='ocrx_word' id='word_1_628' title='bbox 2359 4085 2598 4142; x_wconf 91' lang='lat' dir='ltr'>beatam</span> <span class='ocrx_word' id='word_1_629' title='bbox 2630 4101 2857 4159; x_wconf 89' lang='lat' dir='ltr'>capere.</span> 
     </span>
    </p>
   </div>
   <div class='ocr_carea' id='block_1_105' title="bbox 2210 4174 2879 4246">
    <p class='ocr_par' dir='ltr' id='par_1_105' title="bbox 2210 4174 2879 4246">
     <span class='ocr_line' id='line_1_105' title="bbox 2210 4174 2879 4246; baseline 0.003 -17"><span class='ocrx_word' id='word_1_630' title='bbox 2210 4175 2549 4246; x_wconf 82' lang='lat' dir='ltr'>Mysterium</span> <span class='ocrx_word' id='word_1_631' title='bbox 2577 4174 2835 4231; x_wconf 88' lang='lat' dir='ltr'>mirabile</span> <span class='ocrx_word' id='word_1_632' title='bbox 2866 4176 2879 4231; x_wconf 88' lang='lat' dir='ltr'>l</span> 
     </span>
    </p>
   </div>
   <div class='ocr_carea' id='block_1_106' title="bbox 2140 4261 2899 4329">
    <p class='ocr_par' dir='ltr' id='par_1_106' title="bbox 2140 4261 2899 4329">
     <span class='ocr_line' id='line_1_106' title="bbox 2140 4261 2899 4329; baseline 0.001 -11"><span class='ocrx_word' id='word_1_633' title='bbox 2140 4264 2209 4318; x_wconf 87' lang='lat' dir='ltr'>Ut</span> <span class='ocrx_word' id='word_1_634' title='bbox 2239 4261 2445 4318; x_wconf 88' lang='lat' dir='ltr'>abluat</span> <span class='ocrx_word' id='word_1_635' title='bbox 2476 4263 2686 4319; x_wconf 88' lang='lat' dir='ltr'>mundi</span> <span class='ocrx_word' id='word_1_636' title='bbox 2717 4263 2899 4329; x_wconf 89' lang='lat' dir='ltr'>luem,</span> 
     </span>
    </p>
   </div>
   <div class='ocr_carea' id='block_1_107' title="bbox 2139 4351 2868 4407">
    <p class='ocr_par' dir='ltr' id='par_1_107' title="bbox 2139 4351 2868 4407">
     <span class='ocr_line' id='line_1_107' title="bbox 2139 4351 2868 4407; baseline 0.004 -3"><span class='ocrx_word' id='word_1_637' title='bbox 2139 4351 2391 4407; x_wconf 85' lang='lat' dir='ltr'>Peccata</span> <span class='ocrx_word' id='word_1_638' title='bbox 2413 4351 2579 4407; x_wconf 88' lang='lat' dir='ltr'>tollat</span> <span class='ocrx_word' id='word_1_639' title='bbox 2597 4352 2868 4407; x_wconf 88' lang='lat' dir='ltr'>omnium</span> 
     </span>
    </p>
   </div>
   <div class='ocr_carea' id='block_1_108' title="bbox 2143 4440 3028 4512">
    <p class='ocr_par' dir='ltr' id='par_1_108' title="bbox 2143 4440 3028 4512">
     <span class='ocr_line' id='line_1_108' title="bbox 2143 4440 3028 4512; baseline 0.003 -19"><span class='ocrx_word' id='word_1_640' title='bbox 2143 4440 2345 4495; x_wconf 89' lang='lat' dir='ltr'>Carnis</span> <span class='ocrx_word' id='word_1_641' title='bbox 2372 4440 2511 4495; x_wconf 90' lang='lat' dir='ltr'>vitia</span> <span class='ocrx_word' id='word_1_642' title='bbox 2541 4440 2843 4496; x_wconf 87' lang='lat' dir='ltr'>mundans</span> <span class='ocrx_word' id='word_1_643' title='bbox 2869 4452 3028 4512; x_wconf 86' lang='lat' dir='ltr'>caro,</span> 
     </span>
    </p>
   </div>
   <div class='ocr_carea' id='block_1_109' title="bbox 2216 4529 3296 4603">
    <p class='ocr_par' dir='ltr' id='par_1_109' title="bbox 2216 4529 3296 4603">
     <span class='ocr_line' id='line_1_109' title="bbox 2216 4529 3296 4603; baseline -0.002 -15"><span class='ocrx_word' id='word_1_644' title='bbox 2216 4530 2387 4601; x_wconf 77' lang='lat'><strong>371</strong></span> <span class='ocrx_word' id='word_1_645' title='bbox 2428 4529 2578 4595; x_wconf 90' lang='lat' dir='ltr'>Quid</span> <span class='ocrx_word' id='word_1_646' title='bbox 2608 4529 2721 4585; x_wconf 90' lang='lat' dir='ltr'>hoc</span> <span class='ocrx_word' id='word_1_647' title='bbox 2748 4534 2939 4603; x_wconf 89' lang='lat' dir='ltr'>potest</span> <span class='ocrx_word' id='word_1_648' title='bbox 2970 4529 3296 4602; x_wconf 89' lang='lat' dir='ltr'>sublimius,</span> 
     </span>
    </p>
   </div>
   <div class='ocr_carea' id='block_1_110' title="bbox 2145 4620 2997 4692">
    <p class='ocr_par' dir='ltr' id='par_1_110' title="bbox 2145 4620 2997 4692">
     <span class='ocr_line' id='line_1_110' title="bbox 2145 4620 2997 4692; baseline -0.002 -16"><span class='ocrx_word' id='word_1_649' title='bbox 2145 4622 2212 4676; x_wconf 89' lang='lat' dir='ltr'>Ut</span> <span class='ocrx_word' id='word_1_650' title='bbox 2238 4620 2475 4690; x_wconf 89' lang='lat' dir='ltr'>culpam</span> <span class='ocrx_word' id='word_1_651' title='bbox 2508 4624 2737 4692; x_wconf 74' lang='lat' dir='ltr'>quaerat</span> <span class='ocrx_word' id='word_1_652' title='bbox 2762 4620 2997 4689; x_wconf 80' lang='lat' dir='ltr'>gratia?</span> 
     </span>
    </p>
   </div>
   <div class='ocr_carea' id='block_1_111' title="bbox 2145 4707 3011 4780">
    <p class='ocr_par' dir='ltr' id='par_1_111' title="bbox 2145 4707 3011 4780">
     <span class='ocr_line' id='line_1_111' title="bbox 2145 4707 3011 4780; baseline 0 -17"><span class='ocrx_word' id='word_1_653' title='bbox 2145 4710 2479 4780; x_wconf 84' lang='lat' dir='ltr'>Metumque</span> <span class='ocrx_word' id='word_1_654' title='bbox 2519 4707 2712 4763; x_wconf 88' lang='lat' dir='ltr'>solvat</span> <span class='ocrx_word' id='word_1_655' title='bbox 2735 4708 3011 4773; x_wconf 81' lang='lat' dir='ltr'>Charitas,</span> 
     </span>
    </p>
   </div>
   <div class='ocr_carea' id='block_1_112' title="bbox 2147 4796 3202 4868">
    <p class='ocr_par' dir='ltr' id='par_1_112' title="bbox 2147 4796 3202 4868">
     <span class='ocr_line' id='line_1_112' title="bbox 2147 4796 3202 4868; baseline -0.001 -15"><span class='ocrx_word' id='word_1_656' title='bbox 2147 4797 2492 4868; x_wconf 81' lang='lat' dir='ltr'>Reddatque</span> <span class='ocrx_word' id='word_1_657' title='bbox 2520 4812 2681 4852; x_wconf 91' lang='lat' dir='ltr'>mors</span> <span class='ocrx_word' id='word_1_658' title='bbox 2712 4796 2895 4853; x_wconf 88' lang='lat' dir='ltr'>vitam</span> <span class='ocrx_word' id='word_1_659' title='bbox 2926 4813 3146 4853; x_wconf 88' lang='lat' dir='ltr'>novam</span> <span class='ocrx_word' id='word_1_660' title='bbox 3174 4799 3202 4852; x_wconf 76' lang='lat' dir='ltr'>‘l</span> 
     </span>
    </p>
   </div>
   <div class='ocr_carea' id='block_1_113' title="bbox 2218 4886 3094 4951">
    <p class='ocr_par' dir='ltr' id='par_1_113' title="bbox 2218 4886 3094 4951">
     <span class='ocr_line' id='line_1_113' title="bbox 2218 4886 3094 4951; baseline 0 -10"><span class='ocrx_word' id='word_1_661' title='bbox 2218 4887 2464 4941; x_wconf 85' lang='lat' dir='ltr'>Hamum</span> <span class='ocrx_word' id='word_1_662' title='bbox 2509 4886 2621 4941; x_wconf 90' lang='lat' dir='ltr'>sibi</span> <span class='ocrx_word' id='word_1_663' title='bbox 2655 4901 2815 4941; x_wconf 90' lang='lat' dir='ltr'>mors</span> <span class='ocrx_word' id='word_1_664' title='bbox 2836 4887 3094 4951; x_wconf 85' lang='lat' dir='ltr'>devoret,</span> 
     </span>
    </p>
   </div>
   <div class='ocr_carea' id='block_1_114' title="bbox 2147 4973 2923 5047">
    <p class='ocr_par' dir='ltr' id='par_1_114' title="bbox 2147 4973 2923 5047">
     <span class='ocr_line' id='line_1_114' title="bbox 2147 4973 2923 5047; baseline -0.001 -17"><span class='ocrx_word' id='word_1_665' title='bbox 2147 4978 2398 5047; x_wconf 89' lang='lat' dir='ltr'>Suisque</span> <span class='ocrx_word' id='word_1_666' title='bbox 2439 4992 2499 5030; x_wconf 87' lang='lat' dir='ltr'>se</span> <span class='ocrx_word' id='word_1_667' title='bbox 2539 4973 2923 5045; x_wconf 81' lang='lat' dir='ltr'>nodisliget?</span> 
     </span>
    </p>
   </div>
   <div class='ocr_carea' id='block_1_115' title="bbox 2148 5064 2952 5129">
    <p class='ocr_par' dir='ltr' id='par_1_115' title="bbox 2148 5064 2952 5129">
     <span class='ocr_line' id='line_1_115' title="bbox 2148 5064 2952 5129; baseline 0 -9"><span class='ocrx_word' id='word_1_668' title='bbox 2148 5064 2421 5121; x_wconf 85' lang='lat' dir='ltr'>Moriatur</span> <span class='ocrx_word' id='word_1_669' title='bbox 2460 5064 2586 5119; x_wconf 87' lang='lat' dir='ltr'>Vita</span> <span class='ocrx_word' id='word_1_670' title='bbox 2616 5064 2952 5129; x_wconf 89' lang='lat' dir='ltr'>hominum,</span> 
     </span>
    </p>
   </div>
   <div class='ocr_carea' id='block_1_116' title="bbox 2152 5152 2951 5221">
    <p class='ocr_par' dir='ltr' id='par_1_116' title="bbox 2152 5152 2951 5221">
     <span class='ocr_line' id='line_1_116' title="bbox 2152 5152 2951 5221; baseline -0.005 -12"><span class='ocrx_word' id='word_1_671' title='bbox 2152 5157 2437 5221; x_wconf 80' lang='lat' dir='ltr'>Resurgat</span> <span class='ocrx_word' id='word_1_672' title='bbox 2470 5152 2603 5208; x_wconf 85' lang='lat' dir='ltr'>Vita</span> <span class='ocrx_word' id='word_1_673' title='bbox 2632 5154 2903 5209; x_wconf 89' lang='lat' dir='ltr'>omnium</span> <span class='ocrx_word' id='word_1_674' title='bbox 2925 5152 2951 5205; x_wconf 77' lang='lat'><strong>7</strong></span> 
     </span>
    </p>
   </div>
   <div class='ocr_carea' id='block_1_117' title="bbox 2222 5242 3234 5313">
    <p class='ocr_par' dir='ltr' id='par_1_117' title="bbox 2222 5242 3234 5313">
     <span class='ocr_line' id='line_1_117' title="bbox 2222 5242 3234 5313; baseline 0.004 -18"><span class='ocrx_word' id='word_1_675' title='bbox 2222 5242 2373 5295; x_wconf 87' lang='lat' dir='ltr'>Dum</span> <span class='ocrx_word' id='word_1_676' title='bbox 2408 5255 2567 5295; x_wconf 88' lang='lat' dir='ltr'>mors</span> <span class='ocrx_word' id='word_1_677' title='bbox 2591 5258 2690 5313; x_wconf 91' lang='lat' dir='ltr'>per</span> <span class='ocrx_word' id='word_1_678' title='bbox 2715 5258 2925 5297; x_wconf 91' lang='lat' dir='ltr'>omnes</span> <span class='ocrx_word' id='word_1_679' title='bbox 2956 5248 3234 5311; x_wconf 85' lang='lat' dir='ltr'>transeat,</span> 
     </span>
    </p>
   </div>
   <div class='ocr_carea' id='block_1_118' title="bbox 2150 5330 3013 5401">
    <p class='ocr_par' dir='ltr' id='par_1_118' title="bbox 2150 5330 3013 5401">
     <span class='ocr_line' id='line_1_118' title="bbox 2150 5330 3013 5401; baseline -0.005 -14"><span class='ocrx_word' id='word_1_680' title='bbox 2150 5332 2368 5387; x_wconf 85' lang='lat' dir='ltr'>Omnes</span> <span class='ocrx_word' id='word_1_681' title='bbox 2394 5336 2710 5401; x_wconf 87' lang='lat' dir='ltr'>resurgant</span> <span class='ocrx_word' id='word_1_682' title='bbox 2742 5332 2962 5386; x_wconf 88' lang='lat' dir='ltr'>mortui</span> <span class='ocrx_word' id='word_1_683' title='bbox 2985 5330 3013 5383; x_wconf 77' lang='lat'><strong>?</strong></span> 
     </span>
    </p>
   </div>
   <div class='ocr_carea' id='block_1_119' title="bbox 2150 5421 3043 5491">
    <p class='ocr_par' dir='ltr' id='par_1_119' title="bbox 2150 5421 3043 5491">
     <span class='ocr_line' id='line_1_119' title="bbox 2150 5421 3043 5491; baseline -0.001 -17"><span class='ocrx_word' id='word_1_684' title='bbox 2150 5421 2539 5491; x_wconf 85' lang='lat' dir='ltr'>Comsumpta</span> <span class='ocrx_word' id='word_1_685' title='bbox 2565 5436 2727 5476; x_wconf 91' lang='lat' dir='ltr'>mors</span> <span class='ocrx_word' id='word_1_686' title='bbox 2757 5421 2875 5475; x_wconf 78' lang='lat' dir='ltr'>ictu</span> <span class='ocrx_word' id='word_1_687' title='bbox 2912 5433 3043 5485; x_wconf 91' lang='lat' dir='ltr'>suo,</span> 
     </span>
    </p>
   </div>
   <div class='ocr_carea' id='block_1_120' title="bbox 2152 5507 3277 5650">
    <p class='ocr_par' dir='ltr' id='par_1_120' title="bbox 2152 5507 3277 5650">
     <span class='ocr_line' id='line_1_120' title="bbox 2152 5507 3277 5650; baseline -0.001 -85"><span class='ocrx_word' id='word_1_688' title='bbox 2152 5507 2378 5565; x_wconf 88' lang='lat' dir='ltr'>Perisse</span> <span class='ocrx_word' id='word_1_689' title='bbox 2406 5524 2467 5566; x_wconf 90' lang='lat' dir='ltr'>se</span> <span class='ocrx_word' id='word_1_690' title='bbox 2498 5508 2689 5566; x_wconf 88' lang='lat' dir='ltr'>solam</span> <span class='ocrx_word' id='word_1_691' title='bbox 2718 5508 2964 5581; x_wconf 87' lang='lat' dir='ltr'>gemat?</span> <span class='ocrx_word' id='word_1_692' title='bbox 3243 5596 3277 5650; x_wconf 79' lang='lat'><strong>0</strong></span> 
     </span>
     <span class='ocr_line' id='line_1_121' title="bbox 2604 5598 3241 5649; baseline 0 0"><span class='ocrx_word' id='word_1_693' title='bbox 2604 5606 2605 5609; x_wconf 79' lang='lat'>‘</span> <span class='ocrx_word' id='word_1_694' title='bbox 3208 5598 3241 5649; x_wconf 85' lang='lat'>2</span> 
     </span>
    </p>
   </div>
   <div class='ocr_carea' id='block_1_121' title="bbox 2604 5598 3241 5649">
    <p class='ocr_par' dir='ltr' id='par_1_121' title="bbox 2604 5598 3241 5649">
     <span class='ocr_line' id='line_1_122' title="bbox 2604 5598 3241 5649; baseline 0.003 -2"><span class='ocrx_word' id='word_1_695' title='bbox 2604 5606 2605 5609; x_wconf 77' lang='lat'>‘</span> <span class='ocrx_word' id='word_1_696' title='bbox 3208 5598 3241 5649; x_wconf 84' lang='lat'>2</span> 
     </span>
    </p>
   </div>
  </div>
