4036 6158
527 262 636 335 619
1692 274 1698 278 ·
1787 260 2238 331 ΒΗΕἯΑΒΙΠΜ

845 403 1222 469 οιιωειιωιιε,
1249 398 1457 458 auctor
1480 398 1771 464 omnium,

774 495 839 557 ln
867 491 981 548 hoc
1008 490 1275 547 Paschali
1303 489 1525 560 gaudio

772 578 862 636 Ab
916 578 1082 635 omni
1116 578 1324 635 mortis
1362 578 1589 649 impetu

773 670 963 727 Tuum
988 664 1238 724 defende
1266 665 1582 738 populum.

844 755 1041 813 Gloria
1071 755 1198 820 tibi,
1226 754 1499 819 Domine,

775 845 885 910 Qui
920 842 1219 899 surrexisti
1244 859 1279 899 a
1320 842 1608 908 mortuis;

780 933 923 988 Cum
956 934 1142 999 Patre,
1192 932 1408 986 Sancto
1446 929 1682 1003 Spiritu,

776 1018 841 1074 In
870 1018 1230 1090 sempiterna
1261 1016 1505 1073 saecula.

840 1112 1049 1163 Amen.

592 1194 987 1266 Supplicatz’o.
1012 1194 1261 1251 Oremus
1278 1195 1734 1269 Redemptorem
1760 1191 2179 1248 mundiDomi-

522 1301 669 1341 num
688 1290 961 1340 nostrum
979 1284 1181 1340 Jesum
1197 1285 1522 1340 Christum:
1545 1300 1682 1339 cum
1704 1282 1865 1338 omni
1882 1281 2174 1353 supplica-

527 1374 683 1429 tione
721 1389 1004 1442 rogemus
1030 1389 1043 1437 ;
1074 1378 1135 1427 ut
1160 1388 1271 1430 nos
1327 1372 1513 1441 gloria
1566 1369 2009 1425 resurrectionis
2050 1385 2175 1423 sua:

523 1463 812 1534 propitius
850 1462 1177 1531 justiticare
1237 1462 1531 1530 dignetur.
1582 1472 1643 1531 Ρι.
1700 1460 1919 1514 Praesta
1961 1466 2175 1513 aeterne

524 1549 910 1622 omnipotens
942 1550 1111 1603 Deus.

592 1639 789 1709 Kyrie,
858 1637 1081 1693 eleison
1124 1654 1138 1689 :
1180 1635 1251 1698 tr.

527 1724 770 1782 eleison.

595 1813 895 1885 Capitula.
932 1813 1153 1870 Christe
1176 1812 1277 1869 Dei
1295 1812 1487 1879 Filius,
1521 1814 1623 1887 qui
1665 1812 2020 1868 venerabilis
2051 1811 2168 1867 diei

517 1901 700 1975 hujus
733 1918 1072 1967 excursum,
1092 1908 1148 1957 et
1168 1902 1332 1973 prius
1357 1909 1466 1958 ate
1490 1901 1743 1956 conditae
1766 1902 1935 1969 lucis,
1953 1906 2009 1956 et
2035 1905 2170 1973 post

519 2006 677 2046 verre
705 1991 1279 2046 resurrectionistuaa
1304 1991 1601 2063 mysteriis
1623 1991 2001 2053 consecrasti,
2026 1988 2175 2043 dum

520 2077 806 2147 singulari
834 2079 1100 2150 trophaeo
1131 2078 1527 2150 triumphator
1551 2078 1766 2133 inferni
1798 2079 1941 2133 olim
1965 2078 2025 2132 in
2061 2077 2175 2131 hoc

519 2165 615 2221 die
636 2166 867 2222 devicto
894 2165 1136 2221 diabolo
1156 2165 1562 2237 triumphasti;
1584 2166 1663 2221 da
1690 2164 1882 2230 nobis,
1902 2170 1963 2221 ut
1985 2164 2176 2233 dese-

520 2252 777 2329 pulchro
808 2253 1082 2309 vitiorum
1113 2270 1397 2310 exeamus
1419 2254 1490 2310 ad
1516 2259 1567 2310 te
1588 2254 1792 2310 lumen
1822 2270 2048 2324 verum,
2073 2253 2177 2325 qui

526 2356 593 2399 es
618 2340 1063 2397 resurrectionis
1092 2346 1310 2397 nostrae
1332 2342 1681 2413 principium
1708 2358 1720 2398 :
1754 2346 1836 2408 ut,
1868 2342 2005 2413 quia
2032 2341 2093 2395 in
2123 2346 2177 2397 te

522 2446 691 2487 mors
721 2429 875 2486 ultra
893 2428 1058 2486 nullo
1080 2429 1263 2486 modo
1288 2430 1718 2501 dominabitur,
1743 2448 1844 2503 per
1858 2447 2050 2485 veram
2075 2432 2154 2485 Re

526 2517 910 2575 surrectionis
929 2522 1035 2573 tua;
1047 2518 1390 2590 potentiam,
1413 2535 1599 2591 quam
1621 2519 1930 2576 verissime
1947 2519 2179 2592 profite-

522 2626 680 2677 mur,
699 2613 940 2681 peccata
969 2615 1174 2665 nostra
1186 2609 1398 2665 amodo
1411 2609 1587 2666 nobis
1616 2609 1957 2665 nullatenus
1990 2608 2178 2665 domi-

522 2704 741 2755 nentur
758 2715 772 2765 ;
790 2701 856 2753 ut
873 2697 978 2769 qui
992 2699 1347 2753 matutinum
1365 2698 1724 2753 sacriﬁcium
1746 2714 1857 2771 pro
1868 2698 2042 2753 nobis
2057 2698 2177 2769 ipse

526 2785 766 2844 oblatus
793 2801 878 2850 es,
908 2786 969 2841 in
990 2786 1104 2841 hoc
1126 2785 1589 2842 Resurrectionis
1620 2791 1735 2842 tute
1767 2792 2032 2858 tempore
2054 2803 2176 2843 ma-

524 2874 713 2931 tutino
738 2873 817 2930 ab
842 2874 1009 2930 omni
1028 2889 1139 2930 nos
1176 2874 1394 2946 jubeas
1436 2875 1731 2946 purificari
1753 2875 2005 2948 piaculo.

592 2962 765 3019 Pater
792 2967 1011 3018 noster.
1046 2962 1297 3019 Liberati
1327 2979 1361 3018 a
1390 2963 1551 3020 malo
1584 2964 1699 3033 fol.
1732 2968 1790 3021 2.

594 3048 900 3106 Dominus.
926 3061 991 3119 ἢ.
1016 3052 1081 3105 Et
1099 3066 1264 3106 cum.

597 3137 826 3194 Lauda.
841 3138 1101 3194 Surrexit
1120 3138 1433 3195 Christusa
1452 3139 1975 3196 mortuis.Alleluia
1992 3141 2051 3196 P.
2067 3142 2173 3197 Per

522 3222 772 3297 gloriam
798 3224 1001 3281 Patris.
1030 3225 1297 3294 Alleluia,
1312 3225 1564 3285 alleluia.
1580 3227 1643 3290 ἡ.
1658 3229 1900 3285 Cantate
1925 3229 2169 3285 Domino

522 3312 815 3370 canticum
837 3329 1055 3369 novum
1083 3333 1096 3367 :
1124 3314 1268 3387 quia
1297 3315 1587 3373 mirabilia
1628 3318 1778 3373 fecit.
1808 3320 1866 3372 P.
1893 3319 2001 3373 Per
2048 3318 2170 3388 glo-

519 3403 698 3461 riam.
732 3401 797 3464 ῒ.
832 3401 1042 3469 Gloria,
1068 3409 1125 3459 et
1151 3404 1345 3460 honor
1365 3405 1537 3462 Patri.
1566 3408 1626 3461 P.
1653 3406 1762 3462 Per
1791 3406 2064 3478 gloriam.

594 3491 949 3549 Benedictio.
974 3491 1242 3550 Christus
1268 3493 1577 3560 Dominus,
1611 3494 1717 3567 qui
1739 3496 2027 3562 ascendit,
2060 3500 2168 3553 etc.

521 3578 627 3648 fol.
664 3582 789 3635 367.

629 3669 696 3723 In
731 3667 976 3725 nomine
1014 3667 1246 3727 Domini
1275 3668 1463 3725 nostri
1494 3670 1637 3726 Jesu
1667 3670 1898 3738 Christi,
1930 3676 2038 3728 etc.

1104 3757 1203 3813 Ad
1244 3758 1579 3828 Vesperum.

592 3843 824 3902 Lauda.
860 3842 1280 3904 Laudaverunt
1310 3851 1382 3917 te,
1412 3847 1681 3913 Domine,
1715 3864 1927 3905 omnes
1956 3849 2175 3920 Angeli

523 3928 628 3996 tul,
651 3937 707 3988 et
730 3932 1030 4005 hymnum
1055 3932 1343 4000 dixerunt,
1371 3934 1517 3991 dum
1539 3935 1854 4009 perﬁceres
1882 3937 2172 4013 fabricam

522 4020 671 4077 caeli.
702 4019 859 4076 Tuus
897 4025 984 4076 est
1013 4020 1164 4089 dies,
1197 4028 1252 4079 et
1282 4026 1385 4079 tua
1423 4028 1513 4079 est
1560 4040 1679 4080 nox
1714 4041 1727 4079 :
1760 4026 1831 4081 P.
1863 4027 1947 4081 'l‘u
1989 4025 2174 4082 fecisti

523 4105 711 4163 solem
734 4111 791 4164 et
828 4102 1064 4166 lunam.
1098 4109 1159 4170 ἴ.
1192 4111 1277 4166 Tu
1306 4110 1673 4168 conﬁrmasti
1703 4113 1764 4168 in
1816 4113 2026 4169 virtute
2074 4120 2174 4171 tua

521 4209 687 4251 mare
724 4208 738 4251 :
770 4195 857 4252 Tu
909 4195 1322 4254 contribulasti
1375 4199 1573 4271 capita
1610 4200 1942 4258 draconum
1980 4218 2161 4274 super

522 4298 742 4357 aquas.
779 4287 849 4342 P.
882 4289 965 4343 Tu
993 4286 1201 4345 fecisti.

594 4374 819 4431 Oratio.
862 4375 1131 4432 Laudant
1157 4380 1230 4448 te,
1263 4372 1531 4444 Domine,
1565 4393 1775 4435 omnes
1802 4379 2011 4451 Angeli
2042 4380 2166 4450 tui;

520 4462 668 4520 dum
694 4478 731 4519 a
760 4470 885 4520 tese
900 4469 1129 4521 creatos
1149 4471 1488 4536 agnoscunt
1518 4488 1531 4522 :
1560 4471 1617 4523 et
1642 4474 1921 4524 cunctam
1947 4475 2172 4526 creatu-
2203 4441 2248 4498 θ

519 4566 652 4611 ram
669 4551 966 4610 caelestem
983 4560 1163 4627 atque
1176 4560 1469 4611 terrenam
1481 4559 1537 4612 te
1548 4557 1826 4629 opiﬁcem
1845 4559 2172 4617 subsistere

521 4657 593 4698 ac
624 4642 865 4715 disponi
887 4658 1011 4699 non
1038 4642 1373 4713 ambigunt.
1392 4640 1561 4701 Dona
1583 4661 1724 4716 ergo
1743 4646 2040 4703 mentibus
2066 4664 2173 4706 no-

520 4730 654 4787 stris
680 4731 742 4787 in
769 4731 1051 4788 omnibus
1072 4731 1353 4804 operibus
1378 4732 1493 4790 tuis
1510 4733 1613 4790 tibi
1627 4734 1879 4805 gloriam
1903 4736 2047 4793 dare
2075 4754 2089 4804 ;
2112 4746 2171 4794 et

520 4823 575 4875 te
593 4819 779 4877 solem
795 4820 1042 4892 justitiae
1075 4827 1361 4896 perpetuo
1386 4822 1560 4879 nobis
1588 4822 1818 4894 fulgore
1847 4824 2173 4884 clarescere

516 4903 721 4963 lumen
752 4926 766 4961 :
797 4912 1095 4981 quatenus
1120 4915 1443 4967 nocturnas
1470 4910 1746 4968 tenebras
1795 4917 1897 4969 tua
1936 4930 2174 4988 semper

516 4993 830 5052 valeamus
866 4996 1321 5055 inluminatione
1349 5000 1552 5058 vitare.
1579 5011 1648 5072 ἢ.
1682 5005 1895 5059 Amen.

586 5087 692 5142 Per
731 5086 1223 5160 misericordiam,
1257 5094 1366 5146 etc.

584 5175 759 5232 Sono.
778 5174 887 5231 Ubi
903 5181 994 5232 est
1017 5193 1175 5233 mors
1197 5178 1441 5236 victoria
1468 5184 1567 5237 tua
1585 5178 1613 5236 7
1628 5180 1727 5237 ubi
1748 5185 2009 5239 estmors
2033 5198 2172 5240 acu.

513 5264 644 5322 leus
671 5272 808 5321 tuus
828 5265 856 5321 Ὺ
886 5266 1192 5323 Resurrexi
1226 5286 1237 5328 :
1272 5268 1413 5324 dicit
1437 5270 1724 5326 Dominus
1757 5290 1769 5328 :
1804 5271 2072 5329 Alleluia.
2103 5272 2165 5334 Y.

512 5354 761 5426 Propter
781 5354 1089 5412 miseriam
1117 5355 1389 5428 inopum,
1413 5362 1469 5412 et
1491 5360 1779 5428 gemitum
1800 5377 2159 5435 pauperum,

512 5457 675 5498 nunc
703 5460 1012 5516 exurgam,
1046 5443 1187 5500 dicit
1218 5445 1525 5502 Dominus.
1559 5444 1829 5508 Alleluia.

584 5531 876 5591 Dominus
909 5534 1007 5593 sit.
1046 5543 1118 5606 ﬁ.
1155 5533 1224 5590 Et
1253 5548 1415 5592 cum.

1342 1637 1585 1703 Christe,
1665 1635 1887 1692 eleison
1923 1654 1935 1688 :
1980 1636 2170 1707 Kyrie,

2212 3094 2254 3150 C

2284 264 2675 331 GOTHICUM.
3740 272 3814 343 ηδ

2215 397 2264 453 Α
2363 398 2727 467 Αηιίρήοηα.
2750 393 3010 452 Absorta
3033 395 3120 449 est
3148 408 3312 450 mors
3343 391 3402 450 in
3419 394 3643 456 victoria.
3662 404 3743 462 Ubi
3761 413 3822 465 est

2292 504 2453 544 mors
2474 485 2714 541 victoria
2728 489 2831 541 tua
2846 484 2872 538 ?
2890 484 2952 538 P.
2978 482 3086 539 Ubi
3106 485 3191 538 est
3213 497 3373 538 mors
3398 484 3607 543 aculeus
3630 493 3761 551 tuus?
3774 495 3818 557 γ.

2290 578 2524 648 PrOpter
2553 573 2856 629 miseriam
2883 571 3153 644 inopum,
3182 573 3239 626 et
3268 571 3536 641 gemitum
3559 590 3822 651 pauperum,

2287 680 2447 719 nunc
2487 678 2797 732 exurgam,
2830 659 2971 715 dicit
2990 658 3301 714 Dominus.
3330 659 3539 716 Ponam
3559 662 3611 719 in
3649 666 3823 726 salutari

2290 761 2389 808 tuo
2422 768 2434 807 :
2466 750 2823 808 ﬁducialiter
2844 764 3024 819 agam
3045 748 3106 803 in
3127 763 3218 805 eo.
3242 748 3303 802 P.
3333 747 3434 804 Ubi
3455 752 3577 807 est?
3598 752 3651 812 tr.
3670 754 3825 825 Gloria,

2286 844 2341 896 et
2370 840 2581 896 honor.
2616 838 2677 893 P.
2714 838 2819 893 Ubi
2846 838 2979 892 est?

2359 929 2642 985 Dominus
2675 928 2769 982 sit.
2811 938 2874 998 It.
2908 928 2973 982 Et
3003 941 3163 981 cum.

2358 1017 2585 1071 Lauda.
2616 1014 2931 1070 Redemisti
2957 1030 3091 1082 nos,
3126 1012 3391 1078 Domine,
3421 1016 3674 1084 sanguine
3690 1022 3766 1075 tuo
3783 1037 3831 1078 ex

2285 1105 2450 1159 omni
2470 1104 2643 1169 tribu,
2664 1109 2717 1157 et
2735 1102 2940 1175 lingua
2971 1119 2982 1157 :
3015 1102 3078 1155 P.
3113 1104 3177 1156 Et
3197 1100 3382 1156 fecisti
3407 1117 3507 1156 nos
3526 1119 3732 1173 regnum
3748 1107 3831 1165 Deo

2286 1199 2506 1248 nostro.
2524 1191 2786 1247 Alleluia.
2820 1190 2879 1251 ἓν.
2910 1191 3156 1246 Domine
3178 1190 3332 1244 Deus
3355 1190 3613 1247 virtutum
3629 1204 3835 1252 converte

2284 1296 2395 1335 n05
2424 1297 2436 1336 :
2472 1279 2789 1335 etostende
2814 1278 3021 1334 faciem
3042 1284 3228 1342 tuam,
3255 1282 3310 1331 et
3333 1276 3476 1332 salvi
3497 1282 3702 1336 erimus.
3726 1283 3771 1338 P.
3793 1287 3836 1339 Et

2286 1369 2467 1424 fecisti
2497 1386 2625 1423 nos.
2650 1367 2707 1427 ἦν.
2742 1367 2955 1436 Gloria,
2980 1371 3035 1422 et
3055 1366 3247 1421 honor
3276 1365 3448 1421 Patri.
3476 1370 3529 1423 P.
3554 1370 3609 1423 Et
3629 1368 3789 1427 fecisti.

2358 1457 2641 1528 Hymnus.
2672 1458 2768 1511 llic
2791 1462 2874 1512 est
2897 1456 3022 1509 dies
3036 1471 3233 1511 verus.
3256 1455 3631 1523 Supplicati'o.
3652 1459 3839 1515 Oremus

2286 1548 2738 1617 Bedeuiptorem
2767 1544 2996 1599 mundi.
3032 1542 3139 1599 Hic
3164 1539 3376 1607 supra.

2357 1636 2652 1704 Capitula.
2674 1636 2849 1695 Deus,
2872 1632 3044 1703 cujus
3060 1648 3245 1686 unum
3267 1631 3429 1687 hunc
3451 1648 3515 1688 ex
3528 1633 3847 1689 omnibusdu-

2212 1744 2255 1800 Β
2284 1723 2479 1778 ximus
2507 1722 2686 1786 diem,
2717 1721 2778 1775 in
2804 1737 2926 1793 quo
2957 1720 3166 1775 creatis
3190 1718 3372 1775 rebus
3397 1722 3645 1777 omnibus
3663 1721 3852 1779 voluisti

2284 1828 2411 1867 esse
2438 1818 2491 1866 et
2513 1809 2820 1882 praesentis
2860 1810 3010 1864 lucis
3044 1808 3328 1873 iudicem,
3366 1814 3419 1864 et
3453 1809 3631 1866 aeterni
3666 1809 3849 1865 luminis

2286 1905 2513 1963 testem,
2543 1906 2605 1953 ut
2632 1899 2690 1953 in
2720 1915 2789 1953 eo
2810 1902 3146 1969 resurgeret
3176 1897 3547 1953 inluminatio
3566 1902 3851 1969 temporum,

2285 1995 2461 2061 atque
2476 1992 2807 2056 resurgeret
2820 1986 3194 2041 inluminatio
3210 1986 3539 2043 animarum
3556 2002 3567 2041 :
3581 1987 3763 2058 quique
3777 1987 3853 2041 Do-

2285 2078 2518 2132 minicae
2544 2084 2601 2132 et
2626 2075 2991 2147 operationis
3008 2076 3260 2147 primus,
3284 2074 3854 2131 etresurrectionisido-

2285 2184 2433 2222 neus
2463 2166 2760 2221 revolutus
2788 2167 2848 2219 in
2878 2164 3117 2233 circulo,
3150 2170 3206 2219 et
3244 2164 3527 2220 reductus
3572 2165 3626 2219 in
3666 2161 3856 2228 calculo,

2287 2254 2591 2311 Paschalis
2615 2253 3004 2309 solemnitatis
3030 2252 3320 2324 inciperet
3342 2253 3688 2325 mysterium,
3706 2257 3750 2305 et
3761 2265 3858 2305 con-

2286 2342 2549 2399 cluderet
2565 2346 2996 2398 sacramentum
3019 2360 3030 2409 ;
3046 2342 3274 2412 respice
3297 2341 3409 2413 37
3424 2342 3473 2411 2
3489 2343 3543 2395 in
3556 2340 3656 2396 hoc
3669 2346 3861 2411 tempore

2286 2430 2654 2504 acceptabili,
2693 2437 2749 2485 et
2771 2431 2832 2486 in
2853 2430 2966 2485 hac
2997 2428 3092 2484 die
3114 2429 3328 2486 salutis
3353 2445 3527 2501 super
3551 2443 3723 2483 servos
3748 2431 3859 2488 tuos,

2287 2519 2555 2585 Domine,
2610 2536 2764 2593 quos
2802 2517 3100 2573 redemisti
3148 2516 3223 2573 de
3283 2518 3608 2590 captivitate
3645 2513 3863 2587 nequitiae

2287 2606 2577 2680 spirituali
2604 2606 2870 2678 trophaeo
2894 2605 3206 2663 Dominicae
3229 2605 3540 2678 passionis
3570 2620 3725 2675 :quos
3746 2600 3864 2670 Agui

2285 2696 2369 2751 tui
2390 2696 2682 2765 sanguine
2704 2695 2940 2759 tinctos,
2968 2710 3043 2749 ne
3068 2698 3342 2750 vastator
3370 2688 3836 2756 laederet,liberasti
3849 2705 3864 2757 3

2286 2786 2421 2840 Esto
2453 2784 2626 2839 nobis
2650 2782 2908 2855 praevius
2926 2784 2985 2838 in
3013 2782 3338 2838 solitudine
3361 2784 3496 2838 vitae
3520 2780 3692 2851 hujus,
3712 2791 3808 2849 quo
3824 2779 3869 2829 et

2285 2872 2347 2929 in
2377 2872 2471 2928 die
2504 2872 2765 2928 calorem
2795 2871 3131 2928 temtationis
3162 2878 3389 2927 nostrae
3417 2871 3584 2944 quasi
3602 2867 3760 2925 nubes
3775 2878 3873 2936 pro-

2284 2966 2490 3031 tegens
2541 2959 2884 3028 obumbres,
2922 2965 2979 3017 et
3018 2961 3078 3016 in
3101 2966 3280 3016 nocte
3317 2976 3355 3017 a
3386 2959 3633 3016 tenebris
3659 2958 3873 3029 peccato-

2283 3067 2418 3105 rum
2444 3066 2555 3105 nos
2579 3051 2752 3123 quasi
2784 3049 3065 3106 columna
3094 3049 3251 3120 ignis
3286 3049 3605 3106 inlumines
3635 3062 3648 3101 :
3672 3047 3745 3108 ut,
3768 3041 3876 3097 dum

2284 3139 2428 3195 ades
2456 3139 2534 3194 ad
2557 3138 2829 3205 salutem,
2864 3138 3159 3211 perducas
3190 3140 3271 3193 ad
3301 3138 3588 3212 requiem.

2354 3228 2527 3283 Pater
2558 3234 2775 3283 noster.
2817 3226 3069 3283 Liberati
3102 3243 3138 3283 a
3170 3226 3357 3293 malo,
3400 3232 3511 3283 etc.
3550 3225 3653 3296 fol.
3689 3226 3739 3277 2.

2354 3316 2715 3373 Benedictio.
2742 3316 3006 3372 Christus
3032 3314 3354 3387 Dominus,
3371 3315 3479 3389 qui
3491 3314 3643 3370 diem
3662 3313 3808 3367 istum
3819 3321 3880 3361 re

2283 3405 2665 3460 surrectionis
2688 3422 2813 3460 suae
2842 3405 3210 3461 consecravit
3251 3404 3567 3477 mysterio,
3597 3394 3879 3468 resurgendi

2281 3494 2453 3549 vobis
2492 3493 2757 3565 praebeat
2784 3493 3113 3549 efficaciam
3147 3509 3183 3548 a
3215 3492 3441 3549 delicto
3468 3510 3481 3558 ;
3508 3503 3571 3565 ﬁ.
3618 3494 3795 3545 Amen.
3821 3485 3880 3549 Et,

2282 3582 2384 3652 qui
2415 3581 2559 3637 olim
2588 3582 2879 3638 hodierna
2905 3582 3000 3637 die
3031 3582 3341 3637 amortuis
3372 3578 3702 3647 resurrexit,
3728 3571 3883 3630 morti-

2280 3669 2573 3726 ﬁcationis
2584 3670 2946 3726 omnimodae
2960 3670 3127 3726 vobis
3141 3670 3472 3726 conferens
3490 3670 3727 3727 donum,
3739 3672 3885 3719 resur-

2283 3772 2418 3827 gere
2435 3774 2542 3815 vos
2565 3757 2744 3814 faciat
2766 3757 3091 3814 cmlestium
3104 3757 3271 3814 dono
3294 3759 3591 3814 virtutum
3613 3773 3625 3812 :
3649 3765 3705 3825 ﬂ.
3728 3754 3881 3805 Amen-

2285 3847 2352 3901 Ut
2377 3845 2437 3901 in
2460 3862 2529 3902 eo
2562 3862 2799 3919 semper
2829 3848 3008 3903 vitam
3039 3846 3342 3911 habeatis,
3381 3849 3447 3903 in
3498 3844 3665 3915 cujus
3692 3842 3887 3900 mortem

2282 3935 2667 4008 consepultos
2699 3951 2809 3992 vos
2850 3951 2979 3991 esse
3009 3935 3310 4006 gaudetis.
3350 3947 3417 4007 ne.
3459 3936 3665 3989 Amen.

2355 4030 2457 4083 Per
2489 4025 2981 4082 misericordiam.

2352 4115 2581 4171 Lauda.
2602 4115 2880 4171 Tulerunt
2904 4114 3229 4170 Dominum
3260 4127 3505 4182 meum,
3531 4118 3587 4170 et
3605 4107 3795 4170 nescio,
3820 4101 3891 4158 ubi
3954 4116 3955 4121 ‘

2282 4208 2614 4275 posuerunt
2661 4219 2818 4259 eum.
2878 4204 2937 4258 P.
2989 4203 3115 4259 Noli
3166 4203 3342 4272 ﬂere,
3379 4204 3611 4262 Maria:
3643 4192 3893 4258 resurrexit
3954 4214 3955 4271 ι

2281 4291 2586 4347 Dominus.
2639 4292 2906 4359 Alleluia,
2943 4291 3200 4349 alleluia.
3250 4292 3318 4353 ἡ.
3382 4294 3619 4349 Etenim
3670 4286 3892 4343 Dominus
3954 4290 3955 4337 ξ

2280 4380 2448 4436 dabit
2468 4379 2945 4437 benedictionem
2974 4398 2988 4436 :
3017 4385 3074 4437 et
3096 4385 3254 4437 terra
3278 4381 3727 4439 dabitfructum
3745 4384 3890 4459 suun}-
3954 4456 3955 4459 η

2282 4472 2337 4525 Ρ.
2368 4470 2493 4525 Noli
2528 4470 2689 4535 ﬂere,
2730 4470 2926 4527 Maria.
2959 4469 3021 4532 ἡ.
3054 4468 3278 4539 Gloria,
3346 4477 3409 4529 et
3450 4472 3649 4528 honor
3676 4463 3820 4523 Patri.
3855 4458 3891 4510 Ρ·
3954 4520 3955 4535 ,

2278 4558 2404 4615 Noli
2436 4558 2596 4629 ﬂere,
2639 4558 2838 4616 Maria.
3954 4554 3955 4611 Τ

2353 4648 2579 4705 Oratio.
2612 4647 2852 4718 Christe,
2884 4651 2985 4720 qui
3015 4648 3157 4705 olim
3206 4649 3509 4719 gloriosa
3539 4646 3723 4706 noctis
3765 4637 3894 4707 huius
3954 4658 3955 4709 1

2280 4736 2609 4794 diluculum
2628 4738 3076 4795 resurrectionis
3100 4744 3215 4795 tum
3246 4740 3555 4813 mysterio
3575 4723 3891 4795 consecras“.
3954 4734 3955 4751 ‘

2280 4827 2426 4883 dum
2463 4827 2693 4899 primus
2738 4826 2864 4899 ipse
2894 4842 3239 4900 numquam
3294 4830 3658 4895 moriturus,
3709 4830 3759 4879 et
3791 4826 3897 4873 τετε

2281 4914 2555 4987 primitiae
2594 4916 3019 4972 dormientium
3046 4917 3367 4974 surrexisti
3397 4937 3415 4974 :
3444 4918 3530 4974 da
3565 4912 3753 4977 nobis,
3779 4910 3827 4961 ut
3858 4900 3898 4955 in

2280 5008 2338 5059 te
2365 5019 2749 5075 resurgamus
2769 5020 2805 5061 a
2832 5004 3004 5070 vitiis,
3046 5010 3103 5061 et
3130 5004 3301 5063 vires
3327 5020 3692 5080 reparemus
3711 4992 3899 5073 perdilﬁ

2282 5092 2549 5150 sanitatis
2583 5112 2597 5163 ;
2630 5098 2694 5150 ut
2716 5093 2777 5149 in
2803 5097 2859 5150 te
2896 5094 3283 5151 viviﬁcemur
3306 5095 3395 5151 ad
3423 5100 3649 5152 statum
3671 5101 3807 5146 vers:
3833 5094 3898 5133 δᾶ·

2277 5180 2438 5252 Iutis,
2463 5183 2565 5253 qui
2597 5198 2705 5255 pro
2734 5182 2909 5238 nobis
2942 5199 3005 5238 es
3028 5182 3445 5243 mortiﬁcatus
3475 5198 3673 5257 usque
3701 5175 3772 5238 ad
3800 5182 3898 5241 SUP‘

2278 5270 2521 5343 plicium
2553 5272 2770 5328 Crucis.
2806 5284 2871 5341 Bg.
2902 5274 3112 5328 Amen.

2347 5363 2451 5415 Per
2477 5362 2951 5417 misericordiam
2978 5366 3167 5418 tuam.

2349 5448 2636 5505 Dominus
2674 5450 2745 5505 sit
2776 5466 3033 5524 semper.
3060 5462 3123 5525 BI.
3153 5452 3228 5510 Et
3262 5468 3438 5522 cum,

2346 5537 2410 5595 In
2441 5540 2685 5598 nomine
2724 5540 2980 5600 Domini.
