4036 6158
161 315 253 370 621

519 453 762 494 SECUNDA
792 454 945 493 FERIA
972 454 1427 498 RESURRECTIONIS
1437 486 1447 495 .

732 527 828 582 Ad
854 528 1247 586 Matitunum.

232 617 590 685 Antiphona,
618 616 911 686 Psalmus,
932 622 985 672 et
1018 619 1239 682 Oratio,
1281 624 1346 674 ut
1376 621 1433 674 in
1471 621 1584 676 die.
1612 619 1816 686 Quaere

156 707 271 775 fol.
306 710 426 760 366.

230 793 604 864 Antiphone.
641 794 904 849 Surrexit
924 795 1102 860 enim,
1125 795 1271 851 sicut
1311 796 1457 853 dixit
1488 798 1767 853 Dominus
1792 814 1805 864 ;

156 886 220 940 P.
259 887 323 941 Et
355 899 486 940 ecce
516 883 935 956 praecedetvos
953 884 1012 939 in
1040 885 1341 942 Galilaeam
1372 887 1479 943 :ibi
1494 903 1631 942 eum
1647 887 1808 942 vide-

152 973 635 1032 bitis.Y.Cantate
662 973 916 1028 Domino
947 974 1247 1030 canticum
1263 991 1490 1031 novum
1510 995 1523 1027 :
1546 976 1689 1048 quia
1702 976 1805 1030 mi-

152 1061 369 1117 rabilia
395 1061 547 1116 fecit.
581 1060 644 1118 P.
677 1063 740 1117 Et
767 1077 900 1117 ecce
929 1062 1290 1132 prmcedent.
1322 1063 1666 1131 V.Gloria,et
1702 1064 1805 1120 ho-

152 1167 261 1206 nor
290 1149 470 1214 Patri,
495 1155 610 1205 etc.
647 1151 702 1204 P.
740 1152 803 1206 Et
841 1166 1000 1206 ecce.

223 1239 449 1295 Oratio.
477 1238 640 1307 Jesu,
701 1238 801 1293 Dei
850 1239 1048 1305 Filius,
1075 1256 1258 1312 quem
1312 1257 1431 1296 vox
1461 1241 1740 1311 Angelica
1769 1258 1805 1298 a

149 1327 401 1384 mortuis
412 1327 810 1382 resurrexisse
825 1328 1171 1399 prtedixit,et
1189 1329 1460 1384 euntibus
1473 1328 1802 1402 discipulis,

151 1416 313 1490 quod
327 1421 381 1471 te
408 1416 469 1471 in
487 1415 787 1472 Galilaeam
805 1415 996 1471 visuri
1014 1421 1210 1472 essent
1223 1417 1478 1473 innotuit
1502 1435 1514 1472 :
1531 1418 1610 1474 da
1625 1418 1802 1474 nobis

149 1506 376 1578 plenum
394 1505 672 1575 gaudium
687 1505 754 1560 de
769 1511 870 1561 tua
884 1521 1099 1576 semper
1110 1506 1536 1562 resurrectione
1550 1507 1794 1564 habere:

136 1601 196 1650 ut
222 1597 328 1667 qui
349 1595 415 1649 in
429 1594 1358 1664 Galilteam,intransmigratione
1382 1596 1801 1652 scilicetincor—

135 1685 453 1757 ruptionis,
471 1684 858 1739 manifestum
874 1688 924 1738 te
941 1684 1000 1739 in
1024 1700 1201 1740 carne
1223 1685 1462 1740 voluisti
1490 1686 1800 1742 ostendere

129 1773 570 1846 discipulorum
585 1773 925 1845 aspectibus
943 1792 954 1841 ;
973 1773 1232 1843 digneris
1245 1774 1490 1830 etiamin
1503 1774 1676 1830 nobis
1699 1791 1798 1848 ap-

129 1879 341 1937 parere
367 1861 687 1918 virtutibus
701 1862 1049 1918 manifestus
1077 1880 1089 1917 :
1109 1867 1169 1918 ut
1185 1865 1613 1934 acorruptione
1636 1865 1696 1918 in
1713 1865 1799 1925 in-

127 1951 584 2024 corruptionem
624 1955 1016 2017 transeuntes,
1073 1955 1308 2006 aeternte
1346 1951 1504 2007 illius
1548 1957 1604 2009 et
1640 1969 1796 2008 verae

123 2047 252 2097 tran
264 2040 667 2110 smigrationis
682 2041 974 2112 possidere
989 2039 1204 2110 gaudia
1219 2056 1539 2097 mereamur
1552 2041 1670 2098 sine
1683 2042 1795 2097 ﬁne

128 2130 350 2187 felices.
402 2141 467 2198 Rt.
497 2135 707 2185 Amen.

191 2221 297 2274 Per
331 2217 833 2274 misericordiam.

191 2309 562 2377 Antiphona
588 2312 639 2361 2.
673 2307 1007 2363 Resurrexit
1031 2308 1320 2364 Dominus
1341 2308 1509 2364 Jesus
1536 2309 1796 2365 Christus

123 2415 158 2452 a
179 2396 440 2452 mortuis
464 2395 522 2449 P.
540 2395 812 2450 Primitiae
833 2394 1252 2451 dormientium
1281 2401 1375 2451 :ut
1403 2397 1465 2450 in
1492 2413 1562 2452 eo
1588 2413 1797 2453 omnes

124 2485 528 2541 viviﬁcentur.
553 2483 616 2544 Ψ.
658 2483 835 2539 Dicite
867 2485 928 2538 in
978 2483 1343 2550 nationibus,
1383 2486 1668 2541 Dominus
1710 2501 1797 2540 re-

128 2573 398 2646 gnabita
419 2571 838 2642 ligno.Etenim
869 2572 1528 2629 ﬁrmavitorbemterrre
1561 2573 1798 2646 quinon

128 2661 618 2719 commovebitur
647 2679 660 2716 :
705 2660 997 2732 judicabit
1027 2663 1289 2733 populos
1318 2661 1375 2717 in
1408 2663 1704 2735 aequitate.
1735 2665 1792 2717 P.

128 2752 442 2808 Primitiae.
465 2747 529 2809 ἣν.
564 2749 779 2815 Gloria,
809 2755 864 2805 et
884 2751 1102 2806 honor.
1150 2749 1211 2805 P.
1248 2751 1545 2806 Primitias.

200 2840 438 2896 Oratio.
466 2837 715 2902 Christe,
742 2837 845 2909 qui
875 2837 1126 2893 olim.Ut
1152 2853 1356 2906 supra.

199 2928 562 2997 Antiphona
593 2926 922 2983 3.Christus
956 2926 1798 2997 surgensamortuisjamnon

121 3018 419 3076 moritur:
448 3031 613 3071 mors
637 3014 718 3070 illi
746 3015 903 3070 ultra
932 3030 1055 3070 non
1076 3015 1798 3076 dominabiturvMemor

119 3108 234 3164 fuit
268 3104 695 3161 misericordiae
730 3103 1080 3168 sutelacob,
1111 3105 1436 3160 etveritatis
1454 3090 1797 3160 suaadomui

117 3195 328 3252 Israel.
360 3194 641 3248 Viderunt
652 3207 854 3248 omnes
866 3193 1012 3248 ﬁnes
1026 3197 1193 3248 terrae
1209 3193 1467 3249 salutare
1480 3195 1580 3249 Dei
1593 3194 1790 3249 nostri.

119 3286 190 3340 P.
235 3288 372 3340 Jam
397 3297 543 3339 non.
565 3281 628 3340 V.
663 3281 874 3351 Gloria,
910 3286 965 3337 et
992 3281 1207 3338 honor.
1257 3282 1312 3334 P.
1344 3285 1476 3338 Jam
1508 3298 1651 3338 non.

198 3391 439 3446 Oratio.
469 3386 958 3458 Incomparabilis
985 3386 1206 3442 Christe
1234 3387 1481 3443 Domine
1507 3388 1662 3443 Deus
1691 3403 1794 3444 no-

120 3486 244 3535 ster
272 3476 642 3550 gaudiorum
672 3480 994 3542 serenator,
1019 3475 1248 3532 illustra
1262 3476 1797 3532 conventusomnis

123 3569 433 3631 Ecclesiae,
465 3581 600 3638 qua:
641 3569 694 3621 te
741 3565 818 3621 ab
848 3565 1051 3620 inferis
1104 3566 1318 3637 excipit
1352 3571 1792 3636 resurgentem;

128 3660 238 3725 Qui
270 3673 417 3727 ergo
439 3661 562 3710 tam
587 3658 855 3726 potenter
885 3657 940 3709 et
971 3656 1176 3710 mortis
1216 3657 1491 3711 aculeum
1520 3655 1798 3720 vincis,et

121 3749 287 3805 ultra
306 3761 434 3801 non
460 3744 730 3807 moreris,
772 3759 903 3809 nos,
933 3759 1088 3814 quos
1116 3749 1386 3816 potenter
1407 3744 1797 3811 redemisti,in

118 3843 428 3893 aeternam
441 3837 697 3889 mortem
726 3832 806 3887 ire
833 3832 996 3888 nullo
1009 3833 1191 3889 modo
1218 3833 1481 3906 patiaris.
1517 3843 1794 3905 13;.Amen.

191 3927 314 3981 Per
343 3921 813 3979 misericordiam
849 3927 1033 3978 tuam.

191 4044 265 4092 ﬁ.
297 4031 560 4099 Magnus
575 4045 655 4093 es,
677 4027 944 4096 Domine,
966 4033 1022 4084 et
1053 4028 1397 4099 prmclarus,
1435 4032 1492 4084 P.
1517 4027 1800 4084 Etlauda-

103 4121 273 4176 bilis
307 4118 368 4172 in
405 4119 639 4183 virtute,
696 4122 752 4173 et
805 4117 1116 4173 invisibilis
1146 4133 1156 4171 :
1213 4117 1318 4172 tibi
1351 4117 1565 4172 serviet
1603 4117 1798 4172 omnis

108 4213 409 4265 creatura
429 4210 544 4262 tua.
578 4208 640 4265 il.
678 4206 1037 4271 Fortissime,
1069 4221 1309 4275 magne,
1343 4210 1399 4260 et
1429 4210 1664 4277 potens,
1691 4209 1800 4262 Do-

103 4297 344 4356 minus
373 4296 732 4351 exercituum
763 4311 985 4351 nomen
1020 4299 1107 4351 est
1128 4294 1504 4366 tibi.Magnus
1527 4295 1793 4368 consilio,

105 4393 174 4444 et
212 4383 846 4456 incomprehensibilis
877 4383 1160 4454 cogitatu.
1195 4384 1253 4438 P.
1279 4387 1344 4440 Et
1392 4384 1715 4441 laudabilis
1737 4384 1798 4439 in

1374 312 1585 370 FERIA
1624 315 1672 371 II
1719 314 2359 379 BESURRECTIONIS.

3461 336 3571 391 622

1847 449 1893 504 A
1997 446 2326 504 Canticum.
2359 450 2676 504 Cantemus
2706 445 2958 508 Domino
2991 454 3302 524 :gloriose.
3326 460 3569 533 Require

1923 536 2035 602 fol.
2064 540 2190 593 369.

1994 624 2589 682 0ratio.Cantabimus
2601 627 2706 683 tibi
2720 628 3054 699 Domine,et
3065 647 3202 688 cum
3215 637 3378 691 omni
3389 637 3566 696 laude

1919 712 2292 768 cantabimus
2321 733 2332 769 :
2355 716 2501 785 quia
2529 731 2748 785 equum
2774 721 2830 771 et
2871 732 3248 778 ascensorem
3270 726 3567 794 projecisti

1917 798 1977 853 in
1997 816 2162 856 mare
2185 801 2265 857 ita
2285 802 2595 860 diabolum
2614 820 2755 860 cum
2776 807 3133 862 exercitibus
3162 811 3285 865 suis
3310 812 3565 870 suﬂ‘oces

1916 889 2128 944 eadem
2165 890 2400 946 virtute.
2448 893 2588 956 Quis
2619 893 2824 948 similis
2865 894 2968 950 tibi
2998 895 3060 951 in
3092 897 3205 953 diis
3267 899 3514 958 Domine
3537 905 3566 959 ‘2

1916 977 2048 1046 quis
2071 978 2282 1033 similis
2303 979 2405 1034 tibi
2427 981 2456 1036 ?
2495 980 2788 1049 gloriosus
2819 982 2880 1037 in
2920 985 3161 1051 sanctis,
3197 987 3564 1048 mirabilisin

1917 1066 2345 1134 majestatibus,
2379 1067 2602 1123 faciens
2641 1069 2936 1140 prodigia,
2983 1074 3210 1129 cunctis
3260 1078 3559 1146 gentibus,

1912 1153 2150 1223 populis
2179 1154 2588 1226 praedicanda.
2623 1168 2688 1226 Bt.
2719 1158 2926 1214 Amen.

1985 1244 2089 1297 Per
2112 1243 2582 1300 misericordiam
2611 1251 2798 1301 tuam.

1981 1330 2899 1402 AdBenedictus.AntiphonaJn
2911 1338 3125 1409 templo
3139 1347 3344 1399 sancto
3357 1343 3554 1412 gloriae

1912 1422 2026 1474 tuae
2055 1418 2403 1476 benedictus
2430 1437 2490 1476 es
2508 1422 2775 1478 Domine.

1984 1508 2314 1566 Canticum.
2357 1510 2704 1567 Benedictus
2734 1527 2797 1567 es
2820 1515 3067 1570 Domine
3091 1517 3262 1583 Deus,
3296 1524 3408 1575 etc.
3451 1523 3558 1578 Be-

1910 1599 2081 1666 quire
2102 1598 2214 1666 fol.
2246 1602 2302 1653 6.
2335 1599 2511 1656 Sono.
2544 1603 2664 1669 Ego
2686 1600 2962 1658 dormivi.
2988 1604 3192 1670 Quare
3222 1608 3331 1676 fol.
3361 1613 3484 1665 370.

1980 1686 2196 1741 Lauda.
2226 1687 2754 1745 AJleluia.Laudate
2769 1691 3089 1748 Dominum
3107 1694 3180 1750 de
3197 1696 3360 1751 ccelis
3372 1737 3386 1752 .
3411 1698 3557 1754 Alle-

1907 1775 2051 1838 luia,
2086 1775 2341 1840 alleluia,
2372 1777 2627 1834 alleluia.
2662 1779 2948 1835 Psalmus.
2972 1798 3195 1838 CXLVIII.

1977 1864 2168 1919 Lectio
2190 1863 2334 1922 libri
2362 1865 2732 1937 Apocalypsis
2747 1868 2995 1925 Joannis
3008 1872 3295 1943 Apostoli(
3305 1875 3452 1944 Cap.
3463 1877 3549 1946 ιι).

1978 1962 2043 2021 ἢν.
2072 1952 2191 2007 Deo
2216 1954 2454 2021 gratias.

1976 2040 2201 2110 Angelo
2229 2042 2443 2113 Ephesi
2474 2043 2744 2099 Ecclesiae
2772 2045 2986 2101 scribe:
3021 2048 3310 2104 Haecdicit
3345 2051 3450 2122 qui
3469 2060 3556 2108 te-

1905 2133 2006 2186 net
2034 2135 2261 2202 septem
2312 2130 2508 2186 stellas
2536 2130 2597 2186 in
2619 2131 2862 2189 dextera
2897 2150 3026 2198 sua,
3055 2136 3162 2207 qui
3183 2137 3442 2196 ambulat
3494 2141 3557 2196 in

1904 2218 2104 2275 medio
2121 2224 2347 2291 septem
2360 2220 2860 2277 candelabrorum
2873 2239 3216 2280 aureorum:
3235 2226 3367 2283 Scio
3379 2243 3558 2299 opera

1903 2311 2024 2374 tua,
2044 2312 2101 2364 et
2129 2308 2420 2378 laborem,
2449 2313 2504 2365 et
2524 2309 2877 2382 patientiam
2895 2315 3298 2386 tuam,etquia
3317 2331 3438 2372 non
3453 2333 3557 2389 pa-

1904 2401 1991 2453 tes
2023 2397 2315 2453 sustinere
2344 2397 2572 2453 malos:
2605 2402 2661 2454 et
2679 2399 2915 2455 tentasti
2942 2416 3061 2465 eos,
3088 2401 3194 2473 qui
3244 2418 3306 2459 se
3353 2404 3558 2461 dicunt

1905 2485 2224 2556 Apostolos
2252 2501 2401 2556 esse,
2415 2492 2471 2541 et
2491 2501 2612 2542 non
2630 2492 2768 2543 sunt
2791 2507 2802 2545 :
2825 2492 2882 2543 et
2893 2487 3174 2545 invenisti
3193 2507 3298 2546 eos
3311 2493 3556 2551 menda‘~

1905 2588 2003 2628 ces
2033 2579 2122 2631 :et
2145 2573 2491 2644 patientiam
2515 2574 2724 2639 habes,
2753 2576 3156 2633 etsustinuisti
3188 2585 3432 2650 propter
3455 2597 3558 2638 no—

1904 2678 2044 2719 men
2067 2666 2352 2730 meum,et
2363 2677 2484 2717 non
2510 2661 2794 2717 deiecisti.
2829 2662 2942 2717 Sed
2953 2663 3150 2720 habeo
3166 2665 3486 2722 adversum
3500 2674 3558 2725 te

1904 2766 2118 2823 pauco,
2143 2749 2309 2822 quod
2338 2749 2682 2804 charitatem
2734 2753 2899 2804 tuam
2933 2751 3193 2820 primam
3247 2752 3552 2824 reliquisti.

1906 2842 2124 2896 Memor
2150 2845 2274 2894 esto
2293 2837 2495 2908 itaque
2526 2837 2686 2892 unde
2709 2836 2997 2892 excideris
3018 2854 3030 2892 :
3048 2845 3103 2893 et
3131 2854 3240 2909 age
3265 2840 3559 2911 paeniten-

1906 2929 2068 2992 tiam,
2099 2931 2154 2983 et
2183 2926 2380 2998 prima
2401 2940 2585 2997 opera
2610 2924 2704 2981 fac
2737 2942 2749 2980 :
2784 2924 2874 2980 sin
2904 2930 3124 2992 autem,
3165 2928 3338 2985 venio
3367 2928 3557 2994 tibi,et

1906 3015 2163 3072 movebo
2190 3013 2618 3072 candelabrum
2649 3017 2814 3070 tuum
2830 3013 3048 3070 deloco
3071 3031 3201 3084 suo,
3225 3016 3339 3071 nisi
3361 3018 3559 3088 preni-

1906 3107 2152 3162 tentiam
2173 3105 2384 3174 egeris.
2409 3103 2524 3160 Sed
2550 3103 2666 3159 hoc
2677 3103 2891 3168 habes,
2915 3105 3062 3175 quia
3081 3103 3212 3160 odis
3227 3104 3379 3162 facta
3395 3107 3539 3163 Nico

1903 3196 2201 3261 laitarum,
2225 3197 2423 3265 quaeet
2451 3207 2562 3262 ego
2592 3192 2711 3248 odi.
2737 3191 2847 3257 Qui
2867 3192 3048 3248 habet
3081 3209 3310 3258 aurem,
3354 3195 3560 3252 audiat

1904 3284 2050 3356 quid
2081 3283 2332 3354 Spiritus
2363 3280 2522 3337 dicat
2550 3280 2854 3335 Ecclesiis:
2891 3281 3154 3337 Vincenti
3173 3281 3331 3338 dabo
3383 3282 3558 3338 edere

1905 3373 1980 3428 de
2009 3372 2171 3442 ligno
2197 3371 2353 3435 vitae,
2392 3369 2557 3440 quod
2587 3373 2676 3425 est
2706 3367 2768 3423 in
2818 3367 3103 3424 Paradiso
3156 3368 3257 3424 Dei
3287 3370 3417 3425 mei.
3487 3380 3554 3442 ﬁ.

1906 3466 2116 3517 Amen.

1977 3569 2274 3638 Hymnus.
2307 3565 2406 3619 Hic
2433 3568 2521 3619 est
2541 3563 2666 3618 dies
2698 3564 2804 3633 fol.
2840 3567 2963 3620 370.

1979 3673 2279 3742 Capitula.
2311 3669 2493 3726 Adest
2513 3667 2762 3723 Domine
2792 3668 3033 3724 secundi
3055 3667 3211 3723 illius
3231 3666 3348 3725 diei
3381 3669 3555 3726 lumi-

1906 3778 2057 3819 nosa
2082 3759 2395 3834 species,in
2424 3774 2545 3830 qua
2565 3757 2859 3814 matutina
2887 3757 3275 3826 lux,Christus
3288 3758 3559 3816 videlicet

1907 3855 2126 3917 noster,
2151 3851 2210 3905 in
2240 3848 2618 3904 ﬁrmamento
2647 3844 2847 3917 legisa
2880 3862 2942 3901 se
2973 3846 3226 3902 conditae
3261 3863 3322 3902 se
3352 3847 3558 3905 indicit

1908 3938 2385 4010 agnoscendum.
2412 3937 2634 3990 Praesta
2669 3950 2781 4004 ego
2811 3933 3007 4000 nobis,
3039 3940 3119 4004 ut,
3167 3935 3272 4009 qui
3301 3935 3427 3992 luce
3470 3953 3557 3993 re-

1909 4027 2290 4084 surrectionis
2302 4025 2635 4081 coruscavit
2659 4024 2720 4078 in
2742 4023 3366 4088 mundo,abundantia
3383 4026 3559 4098 pieta-

1909 4119 1978 4174 tis
2011 4115 2304 4172 redundet
2330 4115 2391 4169 in
2422 4113 2675 4169 saeculo:
2705 4112 2957 4183 qualiter
2985 4112 3064 4168 ita
3083 4113 3464 4170 ﬁrmamento
3480 4116 3560 4170 le-

1909 4208 1998 4278 gis
2019 4223 2140 4262 suae
2172 4205 2354 4262 corda
2369 4207 2571 4259 nostra
2601 4201 3054 4274 preemuniat,{ut
3069 4201 3308 4259 inlaesos
3349 4220 3460 4260 nos
3479 4204 3557 4262 ad

1908 4302 2190 4354 aeternam
2223 4293 2526 4366 pertrahat
2542 4293 2746 4348 vitam.

1979 4387 2144 4441 Pater
2165 4388 2382 4440 noster.
2416 4386 2460 4437 Α
2495 4380 2656 4436 malo
2686 4396 2796 4436 nos
2817 4379 3032 4448 libera,
3067 4382 3268 4446 Quaere
3311 4383 3429 4452 fol.
3476 4387 3555 4440 lO.

107 4478 372 4534 virtute.
404 4472 468 4532 Ῡ.
494 4473 706 4539 Gloria,
737 4479 790 4529 et
820 4473 1016 4530 honor
1042 4474 1213 4530 Patri.
1271 4474 1332 4528 P.
1367 4476 1431 4529 Et
1475 4474 1798 4530 laudabilis
1834 4503 1878 4558 υ
1980 4474 2266 4533 Dominus
2290 4473 2384 4528 sit.
2414 4483 2477 4540 Bg.
2521 4469 2586 4526 Et
2612 4487 2775 4528 cum.

101 4569 182 4623 in
221 4565 468 4620 virtute.

202 4669 531 4728 Oratio.Te
548 4668 809 4735 Domine,
841 4669 918 4726 ab
961 4669 1161 4726 inferis
1185 4670 1668 4741 resurgentemin
1682 4671 1802 4741 glo-

99 4763 242 4826 ria,
275 4760 530 4817 laudem
555 4759 661 4815 tibi
679 4761 838 4816 canit
866 4760 1063 4816 omnis
1084 4764 1185 4815 ate
1218 4760 1455 4817 condita
1481 4766 1751 4818 creatura
1784 4780 1796 4820 :

95 4867 242 4908 nos
272 4864 524 4922 quoque
539 4848 738 4920 pusilli
761 4865 900 4904 cum
931 4849 1164 4918 magnis
1195 4849 1442 4904 admixti
1462 4848 1797 4914 laudantes,

89 4950 174 4998 te
210 4955 514 5012 rogamus
535 4955 605 4994 ac
631 4939 890 5010 petimus
919 4954 929 4992 :
959 4943 1142 5009 utper
1160 4942 1212 4993 te
1241 4937 1336 4992 hic
1355 4939 1800 4994 resurrectionis

79 5031 343 5105 prima:
370 5028 664 5083 habentes
693 5026 1007 5099 principia,
1046 5042 1185 5083 cum
1211 5027 1441 5083 Sanctis
1519 5027 1804 5083 omnibus

80 5133 534 5188 resurgamus
573 5117 654 5172 ad
712 5115 959 5186 gloriam
1009 5116 1451 5187 sempiternam.
1478 5127 1540 5184 13;.
1593 5119 1800 5172 Amen.

194 5207 312 5264 Per
344 5205 829 5263 misericordiam
862 5211 1047 5263 tuam.

722 5315 898 5385 373
937 5315 1002 5369 In
1026 5313 1347 5370 Laudibus.

201 5423 301 5478 Ad
345 5423 683 5479 Canticum.
724 5422 1090 5492 Antiphona.
1148 5423 1464 5478 Cantemus
1507 5419 1803 5477 Domino:

83 5513 398 5588 gloriose
415 5513 579 5568 enim
610 5511 1041 5569 honoriﬁcatus
1059 5516 1164 5582 est,
1188 5527 1412 5584 equum
1443 5514 1807 5577 etascensoc

91 5622 142 5663 ι·
159 5618 276 5660 em
317 5601 574 5675 projecit
599 5603 662 5658 in
683 5616 872 5660 mare.

1981 4582 2206 4638 Lauda.
2243 4577 2505 4636 Surrexit
2539 4577 2800 4634 Christus
2824 4592 2859 4633 a
2885 4577 3132 4633 mortuis
3163 4577 3426 4634 Alleluia.
3493 4578 3558 4632 P.

1913 4675 2017 4727 Per
2046 4669 2297 4741 gloriam
2330 4668 2538 4723 Patris.
2585 4666 2849 4730 Alleluia,
2897 4665 3154 4722 alleluia.
3185 4665 3252 4727 Ψ.
3320 4668 3560 4720 Cantate

1915 4760 2165 4816 Domino
2187 4757 2484 4814 canticum
2513 4771 2738 4810 novum
2771 4772 2781 4811 :
2816 4756 2957 4826 quia
2983 4754 3275 4810 mirabilia
3307 4751 3456 4808 fecit.
3500 4755 3558 4808 P.

1913 4851 2018 4906 Per
2040 4848 2317 4919 gloriam.
2361 4846 2421 4905 ἲν.
2452 4844 2667 4912 Gloria,
2691 4849 2747 4900 et
2781 4844 2992 4899 honor.
3027 4844 3083 4896 Ρ.
3155 4841 3262 4896 Per
3288 4840 3560 4911 gloriam.

1984 4938 2339 4995 Benedictio.
2377 4933 2640 4991 Christus
2671 4933 2978 4996 Dominus,
3010 4931 3114 5003 qui
3151 4929 3312 4987 diem
3360 4929 3562 4995 istum,

1918 5029 2123 5095 Quae-re
2141 5027 2254 5095 fol.
2292 5028 2413 5080 3‘72.

2519 5128 2611 5184 Ad
2641 5128 2966 5199 Vesperum.

1988 5238 2206 5294 Lauda.
2252 5236 2666 5293 Laudaverunt
2695 5241 2773 5292 te.
2799 5234 3025 5291 Oratio.
3064 5232 3336 5290 Laudant
3365 5234 3416 5288 te
3457 5229 3566 5287 Do-

1917 5328 2098 5384 mine.
2126 5327 2241 5394 fol.
2279 5326 2402 5381 371.

1989 5419 2166 5473 Sono.
2194 5415 2483 5471 Dominus
2498 5414 2526 5469 J
2533 5430 2672 5470 esus
2691 5413 2954 5471 Christus
2986 5409 3234 5465 surrexit
3251 5425 3287 5465 a
3317 5408 3568 5464 mortuis

1919 5505 2090 5564 tertia
2118 5504 2214 5561 die
2242 5524 2259 5577 ς
2294 5505 2360 5560 Ρ.
2385 5507 2449 5561 Et
2477 5505 2616 5561 vivit
2653 5519 2724 5559 ex
2764 5503 2973 5557 virtute
3026 5497 3144 5553 Dei.
3175 5497 3442 5555 Alleluia.
3501 5498 3566 5560 ir.

1924 5595 2190 5653 Salvator
2204 5599 2404 5652 noster
2430 5607 2748 5663 resurgens
2769 5605 2806 5647 a
2830 5586 3102 5655 mortuis,
3126 5586 3392 5646 curvavit
3406 5603 3569 5648 mor-
